"price","volume","time","side","orderType"
"0.498125","4.12687600","2024-05-21T15:54:26.871Z","s","l"
"0.498088","31.15600000","2024-05-21T15:54:52.054Z","b","l"
"0.498088","31.15600000","2024-05-21T15:55:09.712Z","b","l"
"0.498087","42.08702985","2024-05-21T15:55:14.424Z","s","m"
"0.498087","18.14341181","2024-05-21T15:55:14.557Z","s","l"
"0.497761","70.31486999","2024-05-21T15:55:25.542Z","s","l"
"0.497314","10.00000000","2024-05-21T15:55:38.890Z","s","m"
"0.497070","486.67937061","2024-05-21T15:55:38.890Z","s","m"
"0.497000","60.36217304","2024-05-21T15:55:38.890Z","s","m"
"0.496854","222.19340075","2024-05-21T15:55:38.890Z","s","m"
"0.496769","1900.00000000","2024-05-21T15:55:38.890Z","s","m"
"0.496738","1280.54164500","2024-05-21T15:55:38.890Z","s","m"
"0.496885","85.82126016","2024-05-21T15:55:40.163Z","b","l"
"0.496570","37.18589417","2024-05-21T15:55:59.174Z","b","m"
"0.496569","173.27047820","2024-05-21T15:56:09.538Z","s","l"
"0.496489","138.25079710","2024-05-21T15:56:09.580Z","s","l"
"0.496532","1153.58461265","2024-05-21T15:56:17.133Z","s","l"
"0.496717","127.18586945","2024-05-21T15:56:33.499Z","s","m"
"0.496380","56.40839680","2024-05-21T15:56:33.499Z","s","m"
"0.496380","100.72927999","2024-05-21T15:56:33.499Z","s","m"
"0.496380","100.72927999","2024-05-21T15:56:33.499Z","s","m"
"0.496361","9887.46860214","2024-05-21T15:56:33.499Z","s","m"
"0.496306","34.00000000","2024-05-21T15:58:20.145Z","s","l"
"0.496306","57.27733163","2024-05-21T15:58:20.145Z","s","l"
"0.496033","34.00000000","2024-05-21T15:58:24.129Z","s","l"
"0.496033","38.31558578","2024-05-21T15:58:24.133Z","s","l"
"0.496017","129.70506203","2024-05-21T15:58:24.133Z","s","l"
"0.496000","60.48387097","2024-05-21T15:58:24.142Z","s","l"
"0.495903","12.46318000","2024-05-21T15:58:30.469Z","b","m"
"0.495903","15.77428756","2024-05-21T15:58:35.886Z","b","l"
"0.495902","169.92544854","2024-05-21T15:58:36.051Z","s","m"
"0.495770","330.07455146","2024-05-21T15:58:36.051Z","s","m"
"0.495770","129.64079571","2024-05-21T15:58:36.523Z","s","m"
"0.496821","31.24600000","2024-05-21T15:59:34.308Z","b","l"
"0.496930","20.00000000","2024-05-21T16:00:03.878Z","s","m"
"0.496931","81.43088439","2024-05-21T16:00:17.167Z","b","l"
"0.497350","5026.64119835","2024-05-21T16:00:17.790Z","s","m"
"0.497270","467.04105012","2024-05-21T16:00:17.790Z","s","m"
"0.497212","33.79805661","2024-05-21T16:00:17.790Z","s","m"
"0.497212","5106.30011932","2024-05-21T16:00:17.790Z","s","m"
"0.496671","10.00000000","2024-05-21T16:01:16.278Z","b","l"
"0.495771","1953.18714300","2024-05-21T16:01:50.891Z","b","l"
"0.495770","77.67711600","2024-05-21T16:02:12.156Z","s","l"
"0.496064","37.17249153","2024-05-21T16:02:32.386Z","b","l"
"0.496821","2429.12334337","2024-05-21T16:02:41.897Z","b","l"
"0.496859","65.31695628","2024-05-21T16:02:41.914Z","b","l"
"0.497063","73.29924968","2024-05-21T16:02:42.277Z","b","l"
"0.497251","22.22000000","2024-05-21T16:02:42.910Z","b","m"
"0.498126","37.09593023","2024-05-21T16:04:07.288Z","b","l"
"0.498206","47.10312909","2024-05-21T16:04:07.289Z","b","l"
"0.498351","65.14365100","2024-05-21T16:04:11.125Z","b","l"
"0.498531","57.08460949","2024-05-21T16:04:11.125Z","b","l"
"0.498531","3.96990554","2024-05-21T16:04:13.219Z","b","l"
"0.498576","65.09620880","2024-05-21T16:04:13.219Z","b","l"
"0.498691","16.89182562","2024-05-21T16:04:18.024Z","b","l"
"0.498696","81.13954529","2024-05-21T16:04:18.024Z","b","l"
"0.498985","187.24421317","2024-05-21T16:04:43.191Z","b","l"
"0.499426","57.09030240","2024-05-21T16:04:43.191Z","b","l"
"0.499425","49.88019000","2024-05-21T16:04:43.649Z","b","m"
"0.499447","14.87772390","2024-05-21T16:05:16.372Z","b","l"
"0.499622","271.14408377","2024-05-21T16:05:18.349Z","b","l"
"0.499632","12.86239800","2024-05-21T16:05:18.349Z","b","l"
"0.499643","28.94774131","2024-05-21T16:05:18.349Z","b","l"
"0.500028","57.07453747","2024-05-21T16:05:18.363Z","b","l"
"0.499870","40.97014928","2024-05-21T16:06:11.340Z","b","m"
"0.500028","15.09641680","2024-05-21T16:06:11.340Z","b","m"
"0.500080","244.06370062","2024-05-21T16:06:11.340Z","b","m"
"0.500244","299.43973330","2024-05-21T16:06:11.340Z","b","m"
"0.499909","36.99258600","2024-05-21T16:06:13.958Z","b","l"
"0.499836","56.69127159","2024-05-21T16:06:31.872Z","s","l"
"0.499193","206.69422800","2024-05-21T16:06:36.301Z","b","m"
"0.499205","37.87238300","2024-05-21T16:06:53.946Z","b","m"
"0.499205","72.19761699","2024-05-21T16:07:00.293Z","b","l"
"0.499712","30.86308558","2024-05-21T16:07:04.335Z","b","l"
"0.499971","34.01733700","2024-05-21T16:07:07.145Z","b","m"
"0.499800","11.20758914","2024-05-21T16:07:25.448Z","b","m"
"0.499827","22.42296486","2024-05-21T16:07:25.448Z","b","m"
"0.499700","28.67203344","2024-05-21T16:07:43.578Z","b","l"
"0.499700","357.44757522","2024-05-21T16:07:43.578Z","b","l"
"0.499715","18.74731534","2024-05-21T16:07:43.578Z","b","l"
"0.499185","734.93775991","2024-05-21T16:08:11.265Z","s","l"
"0.499136","933.37007509","2024-05-21T16:08:11.265Z","s","l"
"0.499204","3.94717100","2024-05-21T16:08:24.036Z","b","l"
"0.499262","9.89714800","2024-05-21T16:09:15.876Z","s","l"
"0.499382","2752.00000000","2024-05-21T16:09:39.572Z","s","l"
"0.499589","14.90650321","2024-05-21T16:10:56.828Z","b","m"
"0.499700","37.08636138","2024-05-21T16:10:56.828Z","b","m"
"0.499703","221.18756705","2024-05-21T16:10:56.828Z","b","m"
"0.499728","1900.00000000","2024-05-21T16:10:56.828Z","b","m"
"0.499731","5002.69682407","2024-05-21T16:10:56.828Z","b","m"
"0.499751","824.12274429","2024-05-21T16:10:56.828Z","b","m"
"0.499800","24.97920952","2024-05-21T16:11:42.490Z","b","m"
"0.500097","201.80079048","2024-05-21T16:11:42.490Z","b","m"
"0.499954","92.56000000","2024-05-21T16:12:01.421Z","b","m"
"0.500017","15.78610600","2024-05-21T16:12:26.270Z","b","l"
"0.500016","600.29900000","2024-05-21T16:13:02.548Z","s","l"
"0.499674","15.97839600","2024-05-21T16:13:25.096Z","s","l"
"0.500111","599.98100000","2024-05-21T16:14:04.730Z","s","l"
"0.500089","10.00000000","2024-05-21T16:15:03.865Z","b","l"
"0.500089","4.83799926","2024-05-21T16:15:55.359Z","b","l"
"0.500112","72.87777150","2024-05-21T16:15:55.359Z","b","l"
"0.500132","30.95461688","2024-05-21T16:15:55.359Z","b","l"
"0.500261","84.02387636","2024-05-21T16:15:55.359Z","b","l"
"0.500272","22.94380499","2024-05-21T16:16:34.639Z","b","m"
"0.500276","78.80523717","2024-05-21T16:16:34.639Z","b","m"
"0.500369","18.84705599","2024-05-21T16:16:34.639Z","b","m"
"0.500419","60.87369962","2024-05-21T16:16:34.639Z","b","m"
"0.500446","30.91486924","2024-05-21T16:16:34.639Z","b","m"
"0.500514","60.48387097","2024-05-21T16:16:34.639Z","b","m"
"0.500556","180.89724790","2024-05-21T16:16:34.639Z","b","m"
"0.500698","486.48469983","2024-05-21T16:16:34.639Z","b","m"
"0.500714","1949.48951429","2024-05-21T16:16:34.639Z","b","m"
"0.500700","49.95497704","2024-05-21T16:17:05.512Z","b","m"
"0.500703","282.40805028","2024-05-21T16:17:05.512Z","b","m"
"0.500736","42.81111184","2024-05-21T16:17:41.309Z","b","m"
"0.500745","72.74209396","2024-05-21T16:17:41.309Z","b","m"
"0.500745","349.71635463","2024-05-21T16:17:41.309Z","b","m"
"0.500745","22.16873073","2024-05-21T16:17:41.470Z","b","m"
"0.500745","292.66670881","2024-05-21T16:17:44.504Z","b","l"
"0.500885","26.79552402","2024-05-21T16:18:00.185Z","b","m"
"0.500941","40.80353902","2024-05-21T16:18:00.185Z","b","m"
"0.500967","54.82486152","2024-05-21T16:18:00.185Z","b","m"
"0.501041","180.67585951","2024-05-21T16:18:00.185Z","b","m"
"0.501115","301.34021593","2024-05-21T16:18:00.185Z","b","m"
"0.501010","119.11000000","2024-05-21T16:18:05.967Z","b","m"
"0.500884","599.86700000","2024-05-21T16:18:36.894Z","s","l"
"0.500450","909.40208500","2024-05-21T16:19:23.377Z","b","l"
"0.500778","58.77667739","2024-05-21T16:19:49.041Z","b","m"
"0.500800","27.62332261","2024-05-21T16:19:49.041Z","b","m"
"0.500877","598.94150000","2024-05-21T16:20:40.507Z","s","l"
"0.500699","60.80691825","2024-05-21T16:21:40.369Z","b","l"
"0.500887","22.81207959","2024-05-21T16:21:40.858Z","b","l"
"0.500926","38.79654618","2024-05-21T16:21:47.029Z","b","l"
"0.500957","24.79306783","2024-05-21T16:23:49.133Z","b","l"
"0.501062","19.95761004","2024-05-21T16:24:55.064Z","b","m"
"0.501062","8.94431695","2024-05-21T16:25:06.878Z","b","l"
"0.501062","180.61203576","2024-05-21T16:25:06.878Z","b","l"
"0.501062","3721.39995429","2024-05-21T16:25:06.878Z","b","l"
"0.501061","598.94950000","2024-05-21T16:25:09.999Z","s","l"
"0.500926","209.61179894","2024-05-21T16:25:13.405Z","s","l"
"0.500926","598.72950000","2024-05-21T16:25:13.405Z","s","l"
"0.500609","18.51000000","2024-05-21T16:25:52.120Z","b","m"
"0.500694","41.98000000","2024-05-21T16:27:19.332Z","b","m"
"0.500986","34.00000000","2024-05-21T16:29:39.799Z","b","l"
"0.500986","2.86359114","2024-05-21T16:29:39.799Z","b","l"
"0.501073","34.00000000","2024-05-21T16:30:53.752Z","b","l"
"0.501073","16.84881466","2024-05-21T16:30:53.752Z","b","l"
"0.501321","34.00000000","2024-05-21T16:30:59.481Z","b","l"
"0.501321","20.82262562","2024-05-21T16:30:59.481Z","b","l"
"0.501354","13.17737438","2024-05-21T16:30:59.481Z","b","l"
"0.501354","1.74259666","2024-05-21T16:30:59.568Z","b","l"
"0.501430","72.68071581","2024-05-21T16:30:59.645Z","b","l"
"0.501434","68.71701199","2024-05-21T16:30:59.645Z","b","l"
"0.501468","82.71532895","2024-05-21T16:30:59.645Z","b","l"
"0.501484","57.09760484","2024-05-21T16:30:59.648Z","b","l"
"0.501484","13.54960372","2024-05-21T16:31:00.013Z","b","l"
"0.501485","200.31190791","2024-05-21T16:31:00.013Z","b","l"
"0.501523","60.36217304","2024-05-21T16:31:00.056Z","b","l"
"0.501634","172.92393754","2024-05-21T16:31:00.508Z","b","l"
"0.501662","62.69885355","2024-05-21T16:31:00.743Z","b","l"
"0.501688","34.72660033","2024-05-21T16:31:01.217Z","b","l"
"0.501738","34.00000000","2024-05-21T16:31:01.639Z","b","l"
"0.501738","6.79261551","2024-05-21T16:31:01.647Z","b","l"
"0.501844","34.00000000","2024-05-21T16:31:02.340Z","b","l"
"0.501844","8.73085570","2024-05-21T16:31:03.887Z","b","l"
"0.501844","25.26914430","2024-05-21T16:31:03.887Z","b","l"
"0.501844","34.00000000","2024-05-21T16:31:03.888Z","b","l"
"0.501844","20.99462556","2024-05-21T16:31:03.891Z","b","l"
"0.502467","33.79805661","2024-05-21T16:31:08.093Z","s","l"
"0.502465","16.20194339","2024-05-21T16:31:08.093Z","s","l"
"0.502469","71.82041867","2024-05-21T16:31:32.484Z","b","l"
"0.502532","42.00215133","2024-05-21T16:31:32.484Z","b","l"
"0.502532","18.23881253","2024-05-21T16:31:34.828Z","b","l"
"0.502757","99.94000000","2024-05-21T16:31:34.947Z","s","m"
"0.502758","484.49144936","2024-05-21T16:31:35.303Z","b","l"
"0.502994","24.81002538","2024-05-21T16:31:46.008Z","b","l"
"0.503100","341.95984893","2024-05-21T16:31:47.129Z","b","l"
"0.503250","599.27050000","2024-05-21T16:32:30.196Z","s","l"
"0.502526","596.12550000","2024-05-21T16:33:12.729Z","s","l"
"0.501469","122.96620000","2024-05-21T16:34:20.753Z","s","l"
"0.501100","113.46751800","2024-05-21T16:34:39.447Z","b","l"
"0.501248","51.76504200","2024-05-21T16:35:55.101Z","s","l"
"0.501248","126.81715800","2024-05-21T16:35:59.918Z","s","l"
"0.500663","598.50650000","2024-05-21T16:36:13.014Z","s","l"
"0.500552","599.20550000","2024-05-21T16:36:37.653Z","s","l"
"0.500495","399.48021111","2024-05-21T16:36:37.653Z","s","l"
"0.500424","674.00000000","2024-05-21T16:36:37.680Z","s","l"
"0.500261","510.00000000","2024-05-21T16:36:37.680Z","s","l"
"0.499741","34.00000000","2024-05-21T16:36:42.544Z","b","l"
"0.499741","34.00000000","2024-05-21T16:36:42.544Z","b","l"
"0.499741","34.00000000","2024-05-21T16:36:42.545Z","b","l"
"0.499741","34.00000000","2024-05-21T16:36:42.547Z","b","l"
"0.499741","689.62484690","2024-05-21T16:36:42.557Z","b","l"
"0.499560","139.27207329","2024-05-21T16:37:21.504Z","s","l"
"0.499321","193.84377300","2024-05-21T16:37:49.652Z","b","l"
"0.499646","33.79805661","2024-05-21T16:38:20.440Z","s","l"
"0.499646","33.79805661","2024-05-21T16:38:20.440Z","s","l"
"0.499646","33.79805661","2024-05-21T16:38:20.440Z","s","l"
"0.499646","4539.17661817","2024-05-21T16:38:20.440Z","s","l"
"0.499646","461.03892671","2024-05-21T16:39:33.810Z","s","l"
"0.499646","286.92854541","2024-05-21T16:39:33.810Z","s","l"
"0.499115","484.68532252","2024-05-21T16:40:02.935Z","s","l"
"0.499087","600.42550000","2024-05-21T16:40:03.184Z","s","l"
"0.499089","34.00000000","2024-05-21T16:40:46.706Z","b","l"
"0.499089","34.00000000","2024-05-21T16:40:46.709Z","b","l"
"0.499089","13.06329536","2024-05-21T16:40:46.711Z","b","l"
"0.499647","3.89569400","2024-05-21T16:41:22.921Z","b","l"
"0.499647","57.02962552","2024-05-21T16:41:57.737Z","b","l"
"0.499648","20.86861466","2024-05-21T16:41:57.737Z","b","l"
"0.499745","116.88292882","2024-05-21T16:41:57.737Z","b","l"
"0.499769","32.74452112","2024-05-21T16:42:07.980Z","s","l"
"0.499758","287.26560393","2024-05-21T16:42:11.439Z","s","l"
"0.499816","781.23284883","2024-05-21T16:42:36.440Z","s","m"
"0.499818","5513.21789824","2024-05-21T16:42:45.036Z","s","l"
"0.499816","313.83239607","2024-05-21T16:42:45.036Z","s","l"
"0.499754","400.08383173","2024-05-21T16:42:45.036Z","s","l"
"0.499753","33.79805661","2024-05-21T16:42:45.036Z","s","l"
"0.499749","33.79805661","2024-05-21T16:42:45.036Z","s","l"
"0.499723","33.79805661","2024-05-21T16:42:45.036Z","s","l"
"0.499718","1671.47170413","2024-05-21T16:42:45.036Z","s","l"
"0.499927","22.88951331","2024-05-21T16:43:20.677Z","b","l"
"0.499993","22.88561898","2024-05-21T16:43:21.848Z","b","l"
"0.500009","11.11438102","2024-05-21T16:43:21.848Z","b","l"
"0.500009","34.00000000","2024-05-21T16:43:21.849Z","b","l"
"0.500009","23.80282981","2024-05-21T16:43:21.850Z","b","l"
"0.500074","56.89694509","2024-05-21T16:43:22.840Z","b","l"
"0.500191","34.00000000","2024-05-21T16:43:40.159Z","b","l"
"0.500191","34.00000000","2024-05-21T16:43:40.159Z","b","l"
"0.500191","4.89644354","2024-05-21T16:43:40.162Z","b","l"
"0.500716","194.36886600","2024-05-21T16:44:01.894Z","b","l"
"0.500950","13.22939926","2024-05-21T16:44:35.676Z","s","m"
"0.500950","600.33900000","2024-05-21T16:44:35.676Z","s","m"
"0.500949","36.43160075","2024-05-21T16:44:35.676Z","s","m"
"0.500986","48.78406522","2024-05-21T16:44:43.219Z","b","m"
"0.501001","6.16119704","2024-05-21T16:44:43.219Z","b","m"
"0.500951","27.97512913","2024-05-21T16:44:51.611Z","b","m"
"0.500951","78.83900100","2024-05-21T16:44:54.580Z","b","m"
"0.500951","27.97512913","2024-05-21T16:44:57.454Z","b","m"
"0.500950","598.86350000","2024-05-21T16:45:09.807Z","s","l"
"0.500700","45.92488264","2024-05-21T16:46:00.050Z","b","l"
"0.500702","1954.07511736","2024-05-21T16:46:00.050Z","b","l"
"0.501000","1134.40000000","2024-05-21T16:46:30.933Z","s","l"
"0.501000","8000.00000000","2024-05-21T16:46:30.933Z","s","l"
"0.501000","1900.00000000","2024-05-21T16:46:30.933Z","s","l"
"0.501000","1900.00000000","2024-05-21T16:46:30.938Z","s","l"
"0.500950","199.46145407","2024-05-21T16:46:30.938Z","s","l"
"0.500884","467.04105012","2024-05-21T16:46:30.938Z","s","l"
"0.500856","1433.49749581","2024-05-21T16:46:30.938Z","s","l"
"0.500856","280.24768353","2024-05-21T16:46:30.939Z","s","l"
"0.500814","634.00000000","2024-05-21T16:46:30.939Z","s","l"
"0.500759","85.75231647","2024-05-21T16:46:30.939Z","s","l"
"0.500759","35.52399696","2024-05-21T16:46:30.939Z","s","l"
"0.500689","1900.00000000","2024-05-21T16:46:30.974Z","s","l"
"0.500670","567.00000000","2024-05-21T16:46:30.974Z","s","l"
"0.500057","33.79805661","2024-05-21T16:47:07.494Z","s","l"
"0.500057","33.79805661","2024-05-21T16:47:07.494Z","s","l"
"0.500056","1329.23970547","2024-05-21T16:47:07.494Z","s","l"
"0.500055","5876.59157689","2024-05-21T16:47:07.494Z","s","l"
"0.499986","4630.00000000","2024-05-21T16:47:07.494Z","s","l"
"0.499983","33.79805661","2024-05-21T16:47:07.494Z","s","l"
"0.499951","5741.16570000","2024-05-21T16:47:07.494Z","s","l"
"0.499888","110.12279815","2024-05-21T16:47:07.494Z","s","l"
"0.499874","11.91724800","2024-05-21T16:47:10.049Z","b","l"
"0.499874","4957.72853588","2024-05-21T16:47:17.169Z","b","l"
"0.499874","34.00000000","2024-05-21T16:47:18.979Z","b","l"
"0.499874","34.00000000","2024-05-21T16:47:18.979Z","b","l"
"0.499874","2659.00000000","2024-05-21T16:47:18.980Z","b","l"
"0.499874","12506.02356926","2024-05-21T16:47:18.984Z","b","l"
"0.500472","10.62817900","2024-05-21T16:47:30.912Z","b","m"
"0.500475","33.79805661","2024-05-21T16:47:40.676Z","s","m"
"0.500475","33.79805661","2024-05-21T16:47:40.676Z","s","m"
"0.500475","33.79805661","2024-05-21T16:47:40.676Z","s","m"
"0.500474","898.60583017","2024-05-21T16:47:40.676Z","s","m"
"0.500475","70.69890544","2024-05-21T16:47:42.335Z","s","l"
"0.500568","599.19750000","2024-05-21T16:49:53.270Z","s","l"
"0.500094","33.79805661","2024-05-21T16:50:00.209Z","s","m"
"0.500093","7.20900512","2024-05-21T16:50:00.209Z","s","m"
"0.500569","34.00000000","2024-05-21T16:51:03.260Z","b","l"
"0.500569","34.00000000","2024-05-21T16:51:03.274Z","b","l"
"0.500568","599.31950000","2024-05-21T16:51:29.099Z","s","m"
"0.500568","33.79805661","2024-05-21T16:51:29.099Z","s","m"
"0.500568","33.79805661","2024-05-21T16:51:29.099Z","s","m"
"0.500510","33.79805661","2024-05-21T16:51:29.099Z","s","m"
"0.500239","4997.60279141","2024-05-21T16:51:29.099Z","s","m"
"0.500225","134.98166098","2024-05-21T16:51:29.099Z","s","m"
"0.500202","399.71554106","2024-05-21T16:51:29.099Z","s","m"
"0.500201","3766.98633672","2024-05-21T16:51:29.099Z","s","m"
"0.500359","599.75900000","2024-05-21T16:52:43.954Z","s","l"
"0.499862","33.79805661","2024-05-21T16:52:58.623Z","s","l"
"0.499862","5.61832539","2024-05-21T16:52:58.623Z","s","l"
"0.499860","308.08503146","2024-05-21T16:53:01.073Z","b","l"
"0.499857","134.00000000","2024-05-21T16:53:32.554Z","s","l"
"0.499858","200.05681613","2024-05-21T16:54:23.196Z","s","l"
"0.499858","799.94318387","2024-05-21T16:54:23.196Z","s","l"
"0.499858","1068.50000000","2024-05-21T16:54:28.803Z","s","l"
"0.499859","24.95376300","2024-05-21T16:54:31.667Z","b","l"
"0.499994","9830.06181000","2024-05-21T16:54:31.667Z","b","l"
"0.499837","103.07000000","2024-05-21T16:55:04.226Z","b","m"
"0.500080","82.88108587","2024-05-21T16:56:59.735Z","b","l"
"0.500080","97.48969406","2024-05-21T16:56:59.735Z","b","l"
"0.500051","465.57000000","2024-05-21T16:57:53.418Z","s","l"
"0.499996","33.79805661","2024-05-21T16:58:14.318Z","s","l"
"0.499996","4441.25547776","2024-05-21T16:58:14.318Z","s","l"
"0.499997","34.00000000","2024-05-21T16:58:23.387Z","b","l"
"0.499997","28.91665584","2024-05-21T16:58:23.430Z","b","l"
"0.500224","2.50000000","2024-05-21T16:58:54.948Z","s","m"
"0.500225","76.89986702","2024-05-21T16:58:57.718Z","b","l"
"0.500225","1609.87562100","2024-05-21T16:58:57.718Z","b","l"
"0.500225","744.59951200","2024-05-21T16:58:57.718Z","b","l"
"0.500225","151.83934800","2024-05-21T16:58:57.718Z","b","l"
"0.500225","1282.56167603","2024-05-21T16:58:57.718Z","b","l"
"0.500225","2265.92434984","2024-05-21T16:58:57.718Z","b","l"
"0.500360","72.79097800","2024-05-21T17:00:01.807Z","b","l"
"0.500397","70.87934126","2024-05-21T17:00:01.807Z","b","l"
"0.500448","34.00000000","2024-05-21T17:00:09.097Z","b","l"
"0.500448","34.00000000","2024-05-21T17:00:09.101Z","b","l"
"0.500448","10.90329095","2024-05-21T17:00:09.106Z","b","l"
"0.500449","22.82271716","2024-05-21T17:00:09.106Z","b","l"
"0.500569","1786.50500666","2024-05-21T17:00:44.110Z","b","l"
"0.500569","60.79862592","2024-05-21T17:00:44.110Z","b","l"
"0.500608","34.00000000","2024-05-21T17:00:44.110Z","b","l"
"0.500608","20.83426781","2024-05-21T17:00:44.110Z","b","l"
"0.500886","75.62142700","2024-05-21T17:02:14.172Z","s","l"
"0.500886","45.55000000","2024-05-21T17:02:35.257Z","s","m"
"0.500886","62.07000000","2024-05-21T17:02:35.379Z","s","m"
"0.500886","416.69757300","2024-05-21T17:02:53.969Z","s","l"
"0.500886","33.79805661","2024-05-21T17:02:53.969Z","s","l"
"0.500886","549.50437039","2024-05-21T17:02:53.969Z","s","l"
"0.500886","202.53321800","2024-05-21T17:03:03.215Z","s","l"
"0.500886","144.27673700","2024-05-21T17:04:48.840Z","s","m"
"0.500886","454.66226300","2024-05-21T17:05:04.249Z","s","l"
"0.500887","22.06742122","2024-05-21T17:05:27.567Z","b","l"
"0.500887","190.42101769","2024-05-21T17:05:27.723Z","b","l"
"0.500913","60.78635715","2024-05-21T17:05:28.215Z","b","l"
"0.501059","42.78237164","2024-05-21T17:05:28.968Z","b","l"
"0.501095","78.78027683","2024-05-21T17:05:29.159Z","b","l"
"0.501228","52.71862540","2024-05-21T17:05:29.383Z","b","l"
"0.501264","46.80446814","2024-05-21T17:05:29.383Z","b","l"
"0.501342","56.78654908","2024-05-21T17:05:53.491Z","b","l"
"0.501370","48.58533083","2024-05-21T17:06:07.523Z","b","l"
"0.501370","28.13920029","2024-05-21T17:06:07.523Z","b","l"
"0.501447","74.63486877","2024-05-21T17:06:08.841Z","b","l"
"0.501448","46.81649637","2024-05-21T17:06:08.841Z","b","l"
"0.501667","55.40963426","2024-05-21T17:06:09.934Z","s","m"
"0.501667","598.93900000","2024-05-21T17:06:58.307Z","s","m"
"0.501667","4983.38539309","2024-05-21T17:06:58.307Z","s","m"
"0.501667","9966.77078619","2024-05-21T17:06:58.307Z","s","m"
"0.501667","33.79805661","2024-05-21T17:06:58.307Z","s","m"
"0.501667","33.79805661","2024-05-21T17:06:58.307Z","s","m"
"0.501667","1900.00000000","2024-05-21T17:06:58.307Z","s","m"
"0.501667","3114.61918886","2024-05-21T17:06:58.307Z","s","m"
"0.501668","72.60212882","2024-05-21T17:07:13.514Z","b","l"
"0.501697","82.68057168","2024-05-21T17:07:14.465Z","b","l"
"0.502038","168.29088726","2024-05-21T17:07:33.190Z","b","l"
"0.502080","48.77158742","2024-05-21T17:07:33.190Z","b","l"
"0.502161","148.09539601","2024-05-21T17:07:33.190Z","b","l"
"0.502214","66.56820162","2024-05-21T17:07:33.190Z","b","l"
"0.502240","1900.00000000","2024-05-21T17:07:33.190Z","b","l"
"0.502251","148.09539601","2024-05-21T17:07:33.190Z","b","l"
"0.502260","34.81613674","2024-05-21T17:07:33.190Z","b","l"
"0.502260","497.80941089","2024-05-21T17:07:33.190Z","b","l"
"0.502320","1229.57786905","2024-05-21T17:07:33.190Z","b","l"
"0.502174","2100.00000000","2024-05-21T17:07:34.147Z","s","l"
"0.502172","900.00000000","2024-05-21T17:07:34.147Z","s","l"
"0.502421","3829.27556900","2024-05-21T17:10:08.854Z","s","l"
"0.502433","598.00650000","2024-05-21T17:10:54.309Z","s","l"
"0.501916","536.39350000","2024-05-21T17:10:55.613Z","s","l"
"0.501916","4890.00000000","2024-05-21T17:10:57.308Z","s","l"
"0.501525","50.00000000","2024-05-21T17:11:01.340Z","b","l"
"0.500947","598.17600000","2024-05-21T17:11:12.469Z","s","l"
"0.500946","24.99988135","2024-05-21T17:11:12.469Z","s","l"
"0.499951","598.86700000","2024-05-21T17:11:33.796Z","s","l"
"0.499900","970.97671000","2024-05-21T17:12:02.677Z","b","l"
"0.500721","600.05900000","2024-05-21T17:13:17.354Z","s","l"
"0.500290","599.13650000","2024-05-21T17:13:26.114Z","s","l"
"0.499779","2401.27747961","2024-05-21T17:14:38.984Z","s","l"
"0.499838","584.88448604","2024-05-21T17:15:11.904Z","b","l"
"0.500722","46.88478116","2024-05-21T17:15:30.106Z","b","l"
"0.501039","42.13033000","2024-05-21T17:17:03.270Z","s","l"
"0.501040","68.78573653","2024-05-21T17:17:15.857Z","b","l"
"0.501553","1036.78182920","2024-05-21T17:17:51.335Z","s","m"
"0.501774","82.59533370","2024-05-21T17:19:22.289Z","b","l"
"0.501869","26.83121392","2024-05-21T17:19:22.597Z","b","l"
"0.501918","40.79176798","2024-05-21T17:19:29.869Z","b","l"
"0.502409","89.77255900","2024-05-21T17:20:24.027Z","s","l"
"0.502410","40.70858293","2024-05-21T17:21:01.301Z","b","l"
"0.502410","4730.88487523","2024-05-21T17:21:01.301Z","b","l"
"0.502434","56.59654130","2024-05-21T17:21:01.301Z","b","l"
"0.502446","68.59498684","2024-05-21T17:21:01.301Z","b","l"
"0.502545","56.65875721","2024-05-21T17:21:02.029Z","b","l"
"0.502551","18.85987008","2024-05-21T17:21:02.029Z","b","l"
"0.502590","72.49480857","2024-05-21T17:21:02.029Z","b","l"
"0.502603","66.55910279","2024-05-21T17:21:02.029Z","b","l"
"0.502619","18.87855549","2024-05-21T17:21:03.514Z","b","l"
"0.502671","14.83930901","2024-05-21T17:21:03.514Z","b","l"
"0.502682","28.81306072","2024-05-21T17:21:03.514Z","b","l"
"0.502758","249.93392248","2024-05-21T17:21:53.958Z","b","m"
"0.502758","234.55752689","2024-05-21T17:23:01.819Z","b","l"
"0.502758","99.45142593","2024-05-21T17:23:01.819Z","b","l"
"0.502936","557.52217000","2024-05-21T17:24:30.645Z","s","l"
"0.502473","192.73859500","2024-05-21T17:25:47.389Z","b","l"
"0.502454","596.49750000","2024-05-21T17:26:27.275Z","s","l"
"0.502261","49.77491782","2024-05-21T17:27:23.870Z","b","m"
"0.502264","199.09967128","2024-05-21T17:27:31.208Z","b","m"
"0.502260","597.07000000","2024-05-21T17:27:57.394Z","s","l"
"0.501972","475.67463100","2024-05-21T17:28:44.880Z","b","l"
"0.502190","10.79971521","2024-05-21T17:29:31.529Z","b","l"
"0.502456","10.00000000","2024-05-21T17:30:03.369Z","b","l"
"0.502455","10.00000000","2024-05-21T17:30:03.724Z","s","l"
"0.502455","500.00000000","2024-05-21T17:30:08.603Z","s","l"
"0.502456","46.65615931","2024-05-21T17:30:08.921Z","b","m"
"0.502552","3.09954020","2024-05-21T17:30:08.921Z","b","m"
"0.502634","34.00000000","2024-05-21T17:30:38.772Z","b","l"
"0.502634","2.74706980","2024-05-21T17:30:41.464Z","b","l"
"0.502647","52.63167839","2024-05-21T17:30:41.464Z","b","l"
"0.502973","77.03493600","2024-05-21T17:31:13.018Z","s","l"
"0.502974","76.42544740","2024-05-21T17:31:19.641Z","b","l"
"0.503058","57.09065624","2024-05-21T17:31:21.131Z","b","l"
"0.503058","23.33591257","2024-05-21T17:31:21.132Z","b","l"
"0.503243","34.00000000","2024-05-21T17:31:36.039Z","b","l"
"0.503243","20.57766101","2024-05-21T17:31:52.152Z","b","l"
"0.503251","536.52656672","2024-05-21T17:31:52.152Z","b","l"
"0.503251","124.71537478","2024-05-21T17:31:52.575Z","b","l"
"0.503252","20.81511618","2024-05-21T17:31:52.575Z","b","l"
"0.503262","28.66864021","2024-05-21T17:31:52.575Z","b","l"
"0.503266","42.68234707","2024-05-21T17:31:52.575Z","b","l"
"0.503424","35.08690700","2024-05-21T17:32:21.844Z","s","l"
"0.503425","38.61883504","2024-05-21T17:32:25.155Z","b","m"
"0.503425","127.16127129","2024-05-21T17:32:25.155Z","b","m"
"0.503510","4965.14468431","2024-05-21T17:33:16.633Z","s","l"
"0.503510","33.79805661","2024-05-21T17:33:16.633Z","s","l"
"0.503510","562.21359300","2024-05-21T17:33:16.633Z","s","l"
"0.503510","4438.84366608","2024-05-21T17:33:16.633Z","s","l"
"0.503510","595.81750000","2024-05-21T17:34:10.096Z","s","l"
"0.503424","163.02361428","2024-05-21T17:34:10.615Z","s","l"
"0.503119","77.53859700","2024-05-21T17:35:15.685Z","s","l"
"0.503126","45.55000000","2024-05-21T17:35:36.111Z","s","m"
"0.503126","151.04000000","2024-05-21T17:35:36.232Z","s","m"
"0.503222","34.00000000","2024-05-21T17:37:10.708Z","b","l"
"0.503222","6.70925546","2024-05-21T17:37:10.710Z","b","l"
"0.503380","8.85238900","2024-05-21T17:37:59.932Z","s","l"
"0.503381","42.61395601","2024-05-21T17:38:28.914Z","b","l"
"0.503510","31.03500542","2024-05-21T17:39:52.343Z","s","l"
"0.503511","41.43617205","2024-05-21T17:40:00.447Z","b","l"
"0.503511","99.30269647","2024-05-21T17:40:00.447Z","b","l"
"0.503512","46.53309953","2024-05-21T17:40:00.447Z","b","l"
"0.503541","60.12024048","2024-05-21T17:40:00.447Z","b","l"
"0.503570","41.08016079","2024-05-21T17:40:00.461Z","b","l"
"0.503570","1.47568062","2024-05-21T17:40:29.065Z","b","m"
"0.503570","48.16985126","2024-05-21T17:40:29.065Z","b","m"
"0.503569","399.32950000","2024-05-21T17:40:39.137Z","s","l"
"0.502833","62.95426500","2024-05-21T17:40:48.483Z","b","l"
"0.502823","595.74800000","2024-05-21T17:42:05.154Z","s","l"
"0.502066","82.92888170","2024-05-21T17:42:16.944Z","s","l"
"0.502050","420.97111830","2024-05-21T17:42:16.944Z","s","l"
"0.502770","2612.78147500","2024-05-21T17:43:57.409Z","s","l"
"0.502770","175.66038170","2024-05-21T17:44:38.696Z","s","l"
"0.502688","2437.12109330","2024-05-21T17:44:38.696Z","s","l"
"0.502833","34.00000000","2024-05-21T17:45:00.963Z","b","l"
"0.502833","65.43659227","2024-05-21T17:45:00.967Z","b","l"
"0.503155","596.62000000","2024-05-21T17:46:07.917Z","s","l"
"0.502647","34.53000000","2024-05-21T17:46:59.467Z","b","m"
"0.502745","273.87378400","2024-05-21T17:48:21.107Z","s","l"
"0.502745","322.36421600","2024-05-21T17:48:56.116Z","s","l"
"0.502259","16.73850700","2024-05-21T17:49:08.206Z","s","l"
"0.502429","12.90181522","2024-05-21T17:49:23.305Z","b","l"
"0.502812","270.80157335","2024-05-21T17:50:21.080Z","s","m"
"0.502813","42.60937870","2024-05-21T17:50:26.079Z","b","m"
"0.502877","156.25182699","2024-05-21T17:50:26.079Z","b","m"
"0.502683","325.92292665","2024-05-21T17:51:10.842Z","s","l"
"0.502366","398.01564132","2024-05-21T17:51:10.842Z","s","l"
"0.502365","2762.07616503","2024-05-21T17:51:10.842Z","s","l"
"0.502495","87.36079600","2024-05-21T17:51:22.950Z","s","l"
"0.502459","205.48940300","2024-05-21T17:51:32.553Z","s","l"
"0.502439","94.56967600","2024-05-21T17:53:15.896Z","s","l"
"0.502443","7403.40895278","2024-05-21T17:53:55.822Z","s","l"
"0.502442","4975.69224533","2024-05-21T17:53:55.822Z","s","l"
"0.502402","391.68609700","2024-05-21T17:53:55.822Z","s","l"
"0.502402","6012.59565189","2024-05-21T17:53:55.822Z","s","l"
"0.502521","246.40530000","2024-05-21T17:54:58.863Z","s","l"
"0.502473","0.00005433","2024-05-21T17:54:58.863Z","s","l"
"0.502473","0.07730762","2024-05-21T17:54:58.863Z","s","l"
"0.502402","521.72484285","2024-05-21T17:54:58.863Z","s","l"
"0.502322","37.03667034","2024-05-21T17:54:58.863Z","s","l"
"0.502321","180.08729488","2024-05-21T17:54:58.863Z","s","l"
"0.502290","4977.19712178","2024-05-21T17:54:58.863Z","s","l"
"0.502213","180.11973297","2024-05-21T17:54:58.863Z","s","l"
"0.502194","243.35167923","2024-05-21T17:54:58.863Z","s","l"
"0.502349","3130.56382500","2024-05-21T17:56:02.747Z","s","l"
"0.502825","16.90421300","2024-05-21T17:57:01.936Z","s","l"
"0.502877","99.42789191","2024-05-21T17:58:25.081Z","b","m"
"0.502906","0.57210809","2024-05-21T17:58:25.081Z","b","m"
"0.502876","1001.95955200","2024-05-21T17:58:34.316Z","s","l"
"0.502877","597.37900000","2024-05-21T18:00:10.965Z","s","l"
"0.502730","3126.26104248","2024-05-21T18:00:24.146Z","b","l"
"0.502906","34.00000000","2024-05-21T18:01:13.176Z","b","l"
"0.502906","41.86572777","2024-05-21T18:01:13.182Z","b","l"
"0.502906","99.42215842","2024-05-21T18:01:13.182Z","b","l"
"0.502975","56.63383299","2024-05-21T18:01:36.290Z","b","l"
"0.503003","74.41477960","2024-05-21T18:01:36.300Z","b","l"
"0.503014","10.00000000","2024-05-21T18:01:36.342Z","b","l"
"0.503070","66.53817517","2024-05-21T18:01:37.133Z","b","l"
"0.503122","68.52104271","2024-05-21T18:01:37.189Z","b","l"
"0.503241","50.64845545","2024-05-21T18:01:46.705Z","b","l"
"0.503281","34.69344947","2024-05-21T18:01:46.737Z","b","l"
"0.503952","15.57760068","2024-05-21T18:02:12.819Z","s","l"
"0.503953","639.28585743","2024-05-21T18:02:26.261Z","s","m"
"0.503954","270.29784037","2024-05-21T18:02:41.383Z","b","l"
"0.504000","100.00000000","2024-05-21T18:02:41.516Z","b","l"
"0.504019","48.55451464","2024-05-21T18:02:41.516Z","b","l"
"0.504283","550.00000000","2024-05-21T18:02:55.714Z","s","l"
"0.504429","9.76571200","2024-05-21T18:04:51.033Z","b","l"
"0.504428","53.34081375","2024-05-21T18:05:20.587Z","s","l"
"0.504428","543.22668625","2024-05-21T18:05:20.918Z","s","l"
"0.504280","4957.56011251","2024-05-21T18:05:20.918Z","s","l"
"0.504152","403.96320124","2024-05-21T18:05:20.918Z","s","l"
"0.504195","501.54332400","2024-05-21T18:05:26.248Z","s","l"
"0.504429","66.42886032","2024-05-21T18:06:45.883Z","b","l"
"0.504429","99.12197752","2024-05-21T18:06:45.883Z","b","l"
"0.504550","60.00000000","2024-05-21T18:07:18.591Z","b","m"
"0.504550","219.00725300","2024-05-21T18:07:18.591Z","b","m"
"0.504550","442.55552473","2024-05-21T18:07:18.591Z","b","m"
"0.504549","400.00000000","2024-05-21T18:08:48.933Z","s","l"
"0.504549","154.30817700","2024-05-21T18:08:54.087Z","s","l"
"0.504549","40.75082300","2024-05-21T18:09:04.035Z","s","l"
"0.504296","179.36344710","2024-05-21T18:09:04.035Z","s","l"
"0.504197","179.36344710","2024-05-21T18:09:04.035Z","s","l"
"0.504151","600.52228280","2024-05-21T18:09:04.035Z","s","l"
"0.504151","38.46262600","2024-05-21T18:10:07.367Z","s","l"
"0.504151","556.59737399","2024-05-21T18:10:23.159Z","s","l"
"0.503637","162.74072302","2024-05-21T18:10:23.658Z","s","l"
"0.503616","58.58439298","2024-05-21T18:10:23.658Z","s","l"
"0.503601","162.76495999","2024-05-21T18:10:38.263Z","s","l"
"0.503583","162.76916180","2024-05-21T18:10:38.263Z","s","l"
"0.503581","162.76883857","2024-05-21T18:10:38.263Z","s","l"
"0.503533","99.48024264","2024-05-21T18:10:38.263Z","s","l"
"0.503529","265.94209999","2024-05-21T18:13:09.882Z","s","l"
"0.503013","595.79500000","2024-05-21T18:14:25.103Z","s","l"
"0.502755","147.80804566","2024-05-21T18:14:25.103Z","s","l"
"0.502657","42.84818786","2024-05-21T18:14:25.103Z","s","l"
"0.502656","2837.95875148","2024-05-21T18:14:25.103Z","s","l"
"0.502748","228.41577358","2024-05-21T18:15:57.598Z","s","m"
"0.502761","368.41422642","2024-05-21T18:17:11.459Z","s","l"
"0.502057","596.70500000","2024-05-21T18:19:44.324Z","s","l"
"0.501739","597.54200000","2024-05-21T18:23:13.737Z","s","l"
"0.501739","44.78871600","2024-05-21T18:23:13.737Z","s","l"
"0.501741","9.81803000","2024-05-21T18:23:33.574Z","b","l"
"0.501740","2.56160100","2024-05-21T18:23:45.675Z","s","l"
"0.501740","199.30641368","2024-05-21T18:24:06.489Z","s","l"
"0.501741","52.88788837","2024-05-21T18:24:15.740Z","b","l"
"0.502032","74.61322892","2024-05-21T18:24:18.310Z","b","l"
"0.502248","78.57139979","2024-05-21T18:24:28.925Z","b","l"
"0.502541","72.56449802","2024-05-21T18:26:12.635Z","b","m"
"0.502600","80.05385673","2024-05-21T18:26:12.635Z","b","m"
"0.502628","195.79164525","2024-05-21T18:26:12.635Z","b","m"
"0.502732","396.05248532","2024-05-21T18:28:01.192Z","s","l"
"0.502131","596.73950000","2024-05-21T18:28:59.681Z","s","l"
"0.501890","189.42935100","2024-05-21T18:29:48.671Z","b","l"
"0.501852","597.45400000","2024-05-21T18:30:49.585Z","s","l"
"0.501202","19.65529500","2024-05-21T18:30:59.531Z","b","l"
"0.501201","597.78600000","2024-05-21T18:31:13.687Z","s","l"
"0.500745","571.78612800","2024-05-21T18:31:18.858Z","s","m"
"0.500745","89.45581350","2024-05-21T18:31:35.501Z","s","l"
"0.500745","81.31644650","2024-05-21T18:31:35.501Z","s","l"
"0.500745","517.24605350","2024-05-21T18:31:35.756Z","s","l"
"0.501215","13.63212561","2024-05-21T18:32:37.805Z","b","l"
"0.501215","5.20718231","2024-05-21T18:32:37.807Z","b","l"
"0.501385","48.84252889","2024-05-21T18:32:37.844Z","b","l"
"0.502013","78.53542898","2024-05-21T18:33:11.447Z","b","l"
"0.502066","18.80414836","2024-05-21T18:33:12.471Z","b","l"
"0.502089","291.62485428","2024-05-21T18:33:12.471Z","b","l"
"0.502107","10.90428500","2024-05-21T18:33:12.497Z","b","l"
"0.502232","42.77683677","2024-05-21T18:33:17.256Z","b","l"
"0.502732","599.10750000","2024-05-21T18:36:02.063Z","s","l"
"0.502688","42.17000000","2024-05-21T18:37:45.325Z","b","m"
"0.502687","596.73950000","2024-05-21T18:38:25.399Z","s","l"
"0.501932","596.79300000","2024-05-21T18:38:44.395Z","s","m"
"0.501777","29.88738489","2024-05-21T18:38:44.395Z","s","m"
"0.502040","597.87550000","2024-05-21T18:40:39.561Z","s","l"
"0.501613","597.56200000","2024-05-21T18:40:46.622Z","s","l"
"0.501613","148.18911420","2024-05-21T18:40:46.622Z","s","l"
"0.501585","12.55683938","2024-05-21T18:40:46.622Z","s","l"
"0.501526","59.18131542","2024-05-21T18:40:46.622Z","s","l"
"0.501850","598.17450000","2024-05-21T18:42:48.198Z","s","l"
"0.501630","597.78850000","2024-05-21T18:43:39.837Z","s","l"
"0.501146","60.00000000","2024-05-21T18:44:20.745Z","s","l"
"0.501041","598.05050000","2024-05-21T18:44:20.745Z","s","l"
"0.500787","199.54244916","2024-05-21T18:44:20.745Z","s","l"
"0.500736","399.29821059","2024-05-21T18:44:20.745Z","s","l"
"0.500735","1900.00000000","2024-05-21T18:44:20.745Z","s","l"
"0.500713","4992.87874878","2024-05-21T18:44:20.745Z","s","l"
"0.500640","5296.98957747","2024-05-21T18:44:20.745Z","s","l"
"0.500753","599.23350000","2024-05-21T18:45:37.993Z","s","l"
"0.500364","36.82620804","2024-05-21T18:47:22.524Z","b","l"
"0.500482","34.00000000","2024-05-21T18:48:01.360Z","b","l"
"0.500482","6.84276829","2024-05-21T18:48:01.362Z","b","l"
"0.500482","426.06571077","2024-05-21T18:48:01.362Z","b","l"
"0.500481","49.75569951","2024-05-21T18:48:01.668Z","s","m"
"0.500482","3575.75978923","2024-05-21T18:48:02.441Z","b","l"
"0.501203","70.75027342","2024-05-21T18:49:31.078Z","b","l"
"0.501530","66.74391217","2024-05-21T18:49:37.684Z","b","l"
"0.501672","18.79787977","2024-05-21T18:49:40.191Z","b","l"
"0.501728","34.00000000","2024-05-21T18:49:40.191Z","b","l"
"0.501728","16.74705314","2024-05-21T18:49:40.452Z","b","l"
"0.501939","40.69179498","2024-05-21T18:49:43.860Z","b","l"
"0.501956","46.67094863","2024-05-21T18:49:55.390Z","b","l"
"0.501997","220.13903622","2024-05-21T18:49:55.390Z","b","l"
"0.501999","76.58462258","2024-05-21T18:49:55.390Z","b","l"
"0.502041","19.22660650","2024-05-21T18:50:14.239Z","s","l"
"0.502041","100.00000000","2024-05-21T18:51:05.703Z","s","m"
"0.502042","62.62794943","2024-05-21T18:51:21.043Z","b","l"
"0.502157","220.10132628","2024-05-21T18:51:21.043Z","b","l"
"0.502179","4017.27072429","2024-05-21T18:51:21.043Z","b","l"
"0.502169","20.95813362","2024-05-21T18:51:59.701Z","b","m"
"0.501955","30.02542170","2024-05-21T18:52:25.017Z","b","l"
"0.502060","298.76907143","2024-05-21T18:53:09.310Z","b","m"
"0.501558","68.70422022","2024-05-21T18:56:26.146Z","b","m"
"0.501558","3.18229800","2024-05-21T18:56:30.871Z","b","l"
"0.501557","499.09800000","2024-05-21T18:56:31.906Z","s","m"
"0.501222","180.42874841","2024-05-21T18:56:31.906Z","s","m"
"0.501206","320.47325159","2024-05-21T18:56:31.906Z","s","m"
"0.501291","81.98830600","2024-05-21T18:57:07.690Z","s","l"
"0.501245","40.65110278","2024-05-21T18:58:51.333Z","s","l"
"0.501245","475.91709122","2024-05-21T18:59:20.323Z","s","l"
"0.501368","49.12667300","2024-05-21T19:00:00.033Z","b","l"
"0.501425","10.00000000","2024-05-21T19:02:09.712Z","s","l"
"0.501418","4985.85620138","2024-05-21T19:02:09.712Z","s","l"
"0.501395","595.00000000","2024-05-21T19:02:09.712Z","s","l"
"0.501395","180.46688759","2024-05-21T19:02:09.712Z","s","l"
"0.501312","398.81909113","2024-05-21T19:02:09.712Z","s","l"
"0.501311","33.79805661","2024-05-21T19:02:09.712Z","s","l"
"0.501310","33.79805661","2024-05-21T19:02:09.712Z","s","l"
"0.501308","33.79805661","2024-05-21T19:02:09.712Z","s","l"
"0.501274","491.00000000","2024-05-21T19:02:09.712Z","s","l"
"0.501254","9974.97091106","2024-05-21T19:02:09.712Z","s","l"
"0.501248","5876.59157689","2024-05-21T19:02:09.712Z","s","l"
"0.501173","9976.59431845","2024-05-21T19:02:09.712Z","s","l"
"0.501165","797.70209924","2024-05-21T19:02:09.712Z","s","l"
"0.501153","515.00000000","2024-05-21T19:02:09.712Z","s","l"
"0.501099","3692.57640000","2024-05-21T19:02:09.712Z","s","l"
"0.501076","16390.00000000","2024-05-21T19:02:09.712Z","s","l"
"0.501069","1446.70000000","2024-05-21T19:02:09.712Z","s","l"
"0.501000","4433.13150042","2024-05-21T19:02:09.712Z","s","l"
"0.501000","121.66296355","2024-05-21T19:02:11.337Z","b","l"
"0.501000","802.39000000","2024-05-21T19:02:13.442Z","b","l"
"0.500999","47.38376473","2024-05-21T19:03:32.925Z","s","l"
"0.500999","145.58760600","2024-05-21T19:03:37.126Z","s","l"
"0.501000","96.64369600","2024-05-21T19:03:37.412Z","b","l"
"0.500999","405.83112927","2024-05-21T19:03:49.097Z","s","l"
"0.500508","180.80400367","2024-05-21T19:03:56.589Z","s","l"
"0.500508","598.80400000","2024-05-21T19:03:56.589Z","s","l"
"0.500494","180.81610553","2024-05-21T19:03:56.589Z","s","l"
"0.500426","1536.60000000","2024-05-21T19:03:56.589Z","s","l"
"0.500384","4996.15489430","2024-05-21T19:03:56.589Z","s","l"
"0.500301","220.74114999","2024-05-21T19:03:56.589Z","s","l"
"0.500300","33.79805661","2024-05-21T19:03:56.589Z","s","l"
"0.500300","33.79805661","2024-05-21T19:03:56.589Z","s","l"
"0.500298","28.02697675","2024-05-21T19:03:56.589Z","s","l"
"0.500083","500.02728779","2024-05-21T19:05:36.342Z","b","l"
"0.500084","485.02989721","2024-05-21T19:05:36.342Z","b","l"
"0.500005","20.58885410","2024-05-21T19:05:44.425Z","s","l"
"0.500004","33.79805661","2024-05-21T19:05:44.425Z","s","l"
"0.500003","904.79317829","2024-05-21T19:05:44.425Z","s","l"
"0.500003","251.64000400","2024-05-21T19:06:05.769Z","s","l"
"0.500216","205.25778300","2024-05-21T19:09:39.167Z","s","l"
"0.500216","28.06343387","2024-05-21T19:11:04.580Z","s","l"
"0.500216","35.00000000","2024-05-21T19:11:29.554Z","s","l"
"0.500216","284.93956213","2024-05-21T19:11:34.929Z","s","l"
"0.500001","234.69000000","2024-05-21T19:11:35.617Z","b","m"
"0.500000","60.00000000","2024-05-21T19:11:38.077Z","s","l"
"0.499949","270.29784037","2024-05-21T19:11:38.118Z","s","l"
"0.499568","123.25920500","2024-05-21T19:11:39.124Z","b","l"
"0.499963","100.14517400","2024-05-21T19:13:18.514Z","b","l"
"0.500019","1999.92400289","2024-05-21T19:15:04.529Z","b","m"
"0.500018","600.51900000","2024-05-21T19:15:14.735Z","s","l"
"0.499968","7.13035400","2024-05-21T19:17:58.236Z","b","l"
"0.499868","599.97850000","2024-05-21T19:18:21.264Z","s","l"
"0.499574","600.15850000","2024-05-21T19:19:14.489Z","s","l"
"0.499500","100.00000000","2024-05-21T19:19:38.026Z","s","l"
"0.499500","600.51200000","2024-05-21T19:19:38.026Z","s","l"
"0.499116","110.00000000","2024-05-21T19:19:43.173Z","s","m"
"0.499557","36.89891848","2024-05-21T19:22:26.570Z","b","l"
"0.499557","125.16548352","2024-05-21T19:22:26.570Z","b","l"
"0.499556","296.85564358","2024-05-21T19:22:49.151Z","s","m"
"0.499556","175.51305782","2024-05-21T19:22:49.151Z","s","m"
"0.499679","2500.00000000","2024-05-21T19:22:59.149Z","s","m"
"0.499763","20.00848359","2024-05-21T19:23:42.593Z","b","l"
"0.499713","1500.00000000","2024-05-21T19:23:46.110Z","s","m"
"0.499801","85.86000000","2024-05-21T19:24:35.848Z","b","m"
"0.499519","600.34500000","2024-05-21T19:25:08.057Z","s","l"
"0.499115","484.68532252","2024-05-21T19:25:36.693Z","s","l"
"0.499115","512.18051224","2024-05-21T19:25:36.693Z","s","l"
"0.499115","88.39748776","2024-05-21T19:25:42.997Z","s","l"
"0.499000","60.12024048","2024-05-21T19:25:46.881Z","s","l"
"0.499000","601.06400000","2024-05-21T19:25:46.881Z","s","l"
"0.498731","41.48595439","2024-05-21T19:26:35.902Z","s","l"
"0.498731","601.20250000","2024-05-21T19:26:35.902Z","s","l"
"0.498454","71.96434769","2024-05-21T19:26:58.939Z","s","l"
"0.498454","601.52700000","2024-05-21T19:26:58.939Z","s","l"
"0.498251","664.55179417","2024-05-21T19:27:02.717Z","s","l"
"0.498000","60.24096386","2024-05-21T19:27:12.711Z","s","l"
"0.498000","602.10650000","2024-05-21T19:27:12.711Z","s","l"
"0.497070","169.71456658","2024-05-21T19:27:19.417Z","s","m"
"0.497070","316.96480402","2024-05-21T19:27:22.241Z","s","l"
"0.497000","60.36217304","2024-05-21T19:27:29.923Z","s","l"
"0.496654","603.53700000","2024-05-21T19:27:42.108Z","s","l"
"0.496644","25.44015548","2024-05-21T19:27:42.108Z","s","l"
"0.496569","173.27047820","2024-05-21T19:27:42.867Z","s","l"
"0.496433","604.14600000","2024-05-21T19:28:05.621Z","s","l"
"0.496033","72.31558578","2024-05-21T19:28:34.116Z","s","l"
"0.496033","604.31150000","2024-05-21T19:28:34.116Z","s","l"
"0.496000","60.48387097","2024-05-21T19:28:35.377Z","s","l"
"0.495771","15.77428756","2024-05-21T19:28:36.870Z","b","l"
"0.495770","130.48497193","2024-05-21T19:28:48.098Z","s","l"
"0.495770","604.83900000","2024-05-21T19:28:48.098Z","s","l"
"0.495742","73.02164859","2024-05-21T19:28:48.299Z","s","l"
"0.495589","304.83597090","2024-05-21T19:28:48.627Z","s","l"
"0.495566","41.75091011","2024-05-21T19:28:48.627Z","s","l"
"0.495341","64.01658596","2024-05-21T19:28:52.073Z","s","m"
"0.495283","28.61482385","2024-05-21T19:28:52.073Z","s","m"
"0.495206","114.33694857","2024-05-21T19:28:52.073Z","s","m"
"0.495631","605.80850000","2024-05-21T19:29:22.137Z","s","l"
"0.495202","152.50996591","2024-05-21T19:29:27.375Z","s","l"
"0.495202","230.32066074","2024-05-21T19:29:27.375Z","s","l"
"0.495505","25.19463909","2024-05-21T19:29:56.405Z","b","l"
"0.496221","23.08990216","2024-05-21T19:30:08.437Z","b","l"
"0.496480","1896.91356500","2024-05-21T19:30:10.496Z","b","l"
"0.495717","2.00734300","2024-05-21T19:30:23.040Z","b","l"
"0.495695","374.96883926","2024-05-21T19:30:42.076Z","s","l"
"0.495695","20.00000000","2024-05-21T19:30:42.076Z","s","l"
"0.495500","605.81583198","2024-05-21T19:30:47.902Z","s","l"
"0.495500","605.21100000","2024-05-21T19:30:47.902Z","s","l"
"0.495033","488.68199645","2024-05-21T19:30:56.345Z","s","l"
"0.495000","100.00000000","2024-05-21T19:30:56.345Z","s","l"
"0.495000","60.60606061","2024-05-21T19:30:56.345Z","s","l"
"0.494810","605.44950000","2024-05-21T19:31:03.159Z","s","l"
"0.494748","30.80882494","2024-05-21T19:31:03.501Z","s","l"
"0.494567","28.15766951","2024-05-21T19:31:04.116Z","s","l"
"0.494567","7752.38443220","2024-05-21T19:31:04.116Z","s","l"
"0.494545","148.95084715","2024-05-21T19:31:04.326Z","s","l"
"0.494524","134.13626609","2024-05-21T19:31:04.326Z","s","l"
"0.494396","68.61107903","2024-05-21T19:31:04.501Z","s","l"
"0.494252","58.55328729","2024-05-21T19:31:05.016Z","b","m"
"0.494251","3030.32013339","2024-05-21T19:31:05.285Z","s","l"
"0.494250","66.33890303","2024-05-21T19:31:05.285Z","s","l"
"0.494243","60.69888699","2024-05-21T19:31:05.285Z","s","l"
"0.494177","25.81965505","2024-05-21T19:31:05.295Z","s","l"
"0.494000","60.72874494","2024-05-21T19:31:05.459Z","s","m"
"0.493682","56.54451213","2024-05-21T19:31:05.459Z","s","m"
"0.493683","3031.11174098","2024-05-21T19:31:07.887Z","s","m"
"0.493682","13.64803894","2024-05-21T19:31:07.887Z","s","m"
"0.493682","606.80150000","2024-05-21T19:31:07.887Z","s","m"
"0.493624","72.66850267","2024-05-21T19:31:07.887Z","s","m"
"0.493575","187.04790131","2024-05-21T19:31:07.887Z","s","m"
"0.493485","136.86413981","2024-05-21T19:31:07.887Z","s","m"
"0.493447","64.04943186","2024-05-21T19:31:07.887Z","s","m"
"0.493354","44.48061138","2024-05-21T19:31:07.887Z","s","m"
"0.493351","77.63128269","2024-05-21T19:31:07.887Z","s","m"
"0.493302","671.21883957","2024-05-21T19:31:07.887Z","s","m"
"0.493211","25.00000000","2024-05-21T19:31:07.887Z","s","m"
"0.493210","16245.52000000","2024-05-21T19:31:07.887Z","s","m"
"0.493200","1089.46407209","2024-05-21T19:31:07.887Z","s","m"
"0.493168","5258.72791048","2024-05-21T19:31:07.887Z","s","m"
"0.493418","38.15471358","2024-05-21T19:31:18.922Z","s","m"
"0.493640","70.00000000","2024-05-21T19:31:27.742Z","s","m"
"0.494467","608.31200000","2024-05-21T19:32:07.704Z","s","m"
"0.494050","702.64422262","2024-05-21T19:32:07.704Z","s","m"
"0.494365","5056.98785040","2024-05-21T19:32:15.096Z","s","m"
"0.494187","33.79805661","2024-05-21T19:32:15.096Z","s","m"
"0.494162","1900.00000000","2024-05-21T19:32:15.096Z","s","m"
"0.494140","10118.57308206","2024-05-21T19:32:15.096Z","s","m"
"0.494138","463.72767604","2024-05-21T19:32:15.096Z","s","m"
"0.494101","33.79805661","2024-05-21T19:32:15.096Z","s","m"
"0.494083","136.71750352","2024-05-21T19:32:15.096Z","s","m"
"0.494079","33.79805661","2024-05-21T19:32:15.096Z","s","m"
"0.494007","9964.00000000","2024-05-21T19:32:15.096Z","s","m"
"0.494006","8317.90407842","2024-05-21T19:32:15.096Z","s","m"
"0.494001","33.79805661","2024-05-21T19:32:15.096Z","s","m"
"0.493999","136.72995331","2024-05-21T19:32:15.096Z","s","m"
"0.493971","2100.00000000","2024-05-21T19:32:15.096Z","s","m"
"0.493941","10122.65048726","2024-05-21T19:32:15.096Z","s","m"
"0.493931","2877.40000000","2024-05-21T19:32:15.096Z","s","m"
"0.493900","681.35000000","2024-05-21T19:32:15.096Z","s","m"
"0.493857","10000.00000000","2024-05-21T19:32:15.096Z","s","m"
"0.493853","9940.00000000","2024-05-21T19:32:15.096Z","s","m"
"0.493851","5876.59157689","2024-05-21T19:32:15.096Z","s","m"
"0.493730","2621.85000000","2024-05-21T19:32:15.096Z","s","m"
"0.493700","2.50553618","2024-05-21T19:32:15.096Z","s","m"
"0.494887","30.33367038","2024-05-21T19:33:24.316Z","b","m"
"0.494126","607.22600000","2024-05-21T19:34:09.154Z","s","l"
"0.493120","174.48237364","2024-05-21T19:34:17.393Z","s","l"
"0.493095","31.50392215","2024-05-21T19:34:44.532Z","s","m"
"0.493090","202.80273378","2024-05-21T19:34:44.532Z","s","m"
"0.493088","607.13300000","2024-05-21T19:34:44.532Z","s","m"
"0.493031","150.75824234","2024-05-21T19:34:44.532Z","s","m"
"0.493005","490.69221357","2024-05-21T19:34:44.532Z","s","m"
"0.493000","60.85192698","2024-05-21T19:34:44.532Z","s","m"
"0.492959","150.78101986","2024-05-21T19:34:44.532Z","s","m"
"0.492955","10142.90176946","2024-05-21T19:34:44.532Z","s","m"
"0.492939","44.63026866","2024-05-21T19:34:44.532Z","s","m"
"0.492884","463.72767604","2024-05-21T19:34:44.532Z","s","m"
"0.492872","33.79805661","2024-05-21T19:34:44.532Z","s","m"
"0.492862","33.79805661","2024-05-21T19:34:44.532Z","s","m"
"0.492853","7466.94158470","2024-05-21T19:34:44.532Z","s","m"
"0.493120","12.04568353","2024-05-21T19:34:47.459Z","s","l"
"0.493120","204.02879370","2024-05-21T19:34:47.511Z","s","l"
"0.493120","151.77714450","2024-05-21T19:34:47.590Z","s","l"
"0.493545","202.62438393","2024-05-21T19:35:04.231Z","b","l"
"0.493743","506.38792339","2024-05-21T19:35:04.231Z","b","l"
"0.493744","367.95061032","2024-05-21T19:35:04.231Z","b","l"
"0.493755","402.75155536","2024-05-21T19:35:04.231Z","b","l"
"0.493640","202.57267295","2024-05-21T19:35:07.158Z","b","l"
"0.495697","10.97675675","2024-05-21T19:35:35.787Z","b","l"
"0.495697","121.61820000","2024-05-21T19:35:35.787Z","b","l"
"0.495770","28.67918600","2024-05-21T19:35:41.444Z","b","m"
"0.495769","33.79805661","2024-05-21T19:35:42.228Z","s","m"
"0.495769","33.79805661","2024-05-21T19:35:42.228Z","s","m"
"0.495769","5042.67108270","2024-05-21T19:35:42.228Z","s","m"
"0.495769","10085.34216540","2024-05-21T19:35:42.228Z","s","m"
"0.495769","1900.00000000","2024-05-21T19:35:42.228Z","s","m"
"0.495769","10085.34216540","2024-05-21T19:35:42.228Z","s","m"
"0.495769","33.79805661","2024-05-21T19:35:42.228Z","s","m"
"0.495769","608.37150000","2024-05-21T19:35:42.228Z","s","m"
"0.495769","463.72767604","2024-05-21T19:35:42.228Z","s","m"
"0.495750","2100.00000000","2024-05-21T19:35:42.228Z","s","m"
"0.495747","1134.40000000","2024-05-21T19:35:42.228Z","s","m"
"0.495607","5876.59157689","2024-05-21T19:35:42.228Z","s","m"
"0.495562","193.27127405","2024-05-21T19:35:42.228Z","s","m"
"0.495513","111.08829555","2024-05-21T19:35:42.228Z","s","m"
"0.495509","806.81441513","2024-05-21T19:35:42.228Z","s","m"
"0.495498","9964.00000000","2024-05-21T19:35:42.228Z","s","m"
"0.495497","2303.40000000","2024-05-21T19:35:42.228Z","s","m"
"0.495475","10091.32508956","2024-05-21T19:35:42.228Z","s","m"
"0.495461","40488.66661264","2024-05-21T19:35:42.228Z","s","m"
"0.495770","21.68000000","2024-05-21T19:35:52.140Z","b","m"
"0.495770","100.85321822","2024-05-21T19:36:06.559Z","b","l"
"0.495770","495.79060653","2024-05-21T19:36:25.509Z","b","m"
"0.495769","605.49700000","2024-05-21T19:37:50.781Z","s","l"
"0.495769","292.47492279","2024-05-21T19:37:50.781Z","s","l"
"0.495513","33.79805661","2024-05-21T19:38:13.747Z","s","l"
"0.495513","33.79805661","2024-05-21T19:38:13.747Z","s","l"
"0.495511","33.79805661","2024-05-21T19:38:13.747Z","s","l"
"0.495511","33.79805661","2024-05-21T19:38:13.747Z","s","l"
"0.495511","33.79805661","2024-05-21T19:38:13.747Z","s","l"
"0.495456","26.02851895","2024-05-21T19:38:13.747Z","s","l"
"0.495456","579.09248105","2024-05-21T19:38:26.660Z","s","l"
"0.495289","47.36441800","2024-05-21T19:38:56.941Z","b","l"
"0.495245","159.26000000","2024-05-21T19:39:03.395Z","s","m"
"0.495247","246.03751000","2024-05-21T19:39:45.965Z","s","l"
"0.494948","33.79805661","2024-05-21T19:39:49.411Z","s","l"
"0.494948","33.79805661","2024-05-21T19:39:49.411Z","s","l"
"0.494948","33.79805661","2024-05-21T19:39:49.411Z","s","l"
"0.494947","5876.59157689","2024-05-21T19:39:49.411Z","s","l"
"0.494946","171.08765828","2024-05-21T19:39:49.411Z","s","l"
"0.494879","200.20549000","2024-05-21T19:40:06.570Z","s","l"
"0.494696","626.40819816","2024-05-21T19:40:07.800Z","s","l"
"0.494866","33.79805661","2024-05-21T19:40:29.780Z","s","m"
"0.494864","33.79805661","2024-05-21T19:40:29.780Z","s","m"
"0.494864","33.79805661","2024-05-21T19:40:29.780Z","s","m"
"0.494707","2105.48187334","2024-05-21T19:40:29.780Z","s","m"
"0.494608","33.79805661","2024-05-21T19:41:04.695Z","s","l"
"0.494607","7.24508339","2024-05-21T19:41:04.695Z","s","l"
"0.494354","33.79805661","2024-05-21T19:41:39.811Z","s","m"
"0.494354","23.32499079","2024-05-21T19:41:39.811Z","s","m"
"0.494135","200.00000000","2024-05-21T19:43:26.658Z","s","m"
"0.494228","49.54467525","2024-05-21T19:43:57.034Z","b","l"
"0.494355","15.09352581","2024-05-21T19:43:57.034Z","b","l"
"0.494379","15.12587197","2024-05-21T19:43:57.034Z","b","l"
"0.494398","37.32820155","2024-05-21T19:43:57.034Z","b","l"
"0.494400","23.30967295","2024-05-21T19:43:57.034Z","b","l"
"0.494479","58.88427547","2024-05-21T19:43:57.034Z","b","l"
"0.494484","34.00000000","2024-05-21T19:45:23.210Z","b","l"
"0.494484","19.44481045","2024-05-21T19:45:23.211Z","b","l"
"0.494484","14.55518955","2024-05-21T19:45:23.211Z","b","l"
"0.494484","34.00000000","2024-05-21T19:45:23.211Z","b","l"
"0.494484","72.92261045","2024-05-21T19:45:23.215Z","b","l"
"0.494537","77.73888119","2024-05-21T19:45:23.225Z","b","l"
"0.494592","39.27017190","2024-05-21T19:45:23.700Z","b","l"
"0.494681","21.07413687","2024-05-21T19:45:48.313Z","b","l"
"0.494816","15.03726953","2024-05-21T19:45:56.886Z","b","l"
"0.494898","35.29711452","2024-05-21T19:45:59.142Z","b","l"
"0.494988","63.56308359","2024-05-21T19:46:00.206Z","b","l"
"0.495227","58.09767130","2024-05-21T19:46:00.206Z","b","l"
"0.495294","35.17237079","2024-05-21T19:46:27.159Z","b","l"
"0.495309","69.60757483","2024-05-21T19:46:27.159Z","b","l"
"0.495642","245.42305737","2024-05-21T19:46:48.393Z","b","m"
"0.495770","24.21582882","2024-05-21T19:47:01.648Z","b","m"
"0.495792","15.04247295","2024-05-21T19:47:01.648Z","b","m"
"0.495801","53.41311518","2024-05-21T19:47:01.648Z","b","m"
"0.495821","29.10347006","2024-05-21T19:47:01.648Z","b","m"
"0.495884","53.31527948","2024-05-21T19:47:01.648Z","b","m"
"0.495900","41.24463653","2024-05-21T19:47:01.648Z","b","m"
"0.495993","791.81114250","2024-05-21T19:47:01.648Z","b","m"
"0.495750","504.40729422","2024-05-21T19:47:07.816Z","b","m"
"0.495751","171.00546378","2024-05-21T19:47:07.816Z","b","m"
"0.495749","33.79805661","2024-05-21T19:47:27.533Z","s","m"
"0.495691","33.79805661","2024-05-21T19:47:27.533Z","s","m"
"0.495691","32.40388678","2024-05-21T19:47:27.533Z","s","m"
"0.495800","14.81359500","2024-05-21T19:48:04.655Z","s","l"
"0.495800","392.03940500","2024-05-21T19:48:19.123Z","s","l"
"0.495800","793.13010591","2024-05-21T19:48:19.123Z","s","l"
"0.495310","200.00000000","2024-05-21T19:48:25.927Z","s","l"
"0.495310","605.08300000","2024-05-21T19:48:25.927Z","s","l"
"0.495293","100.95034656","2024-05-21T19:48:25.927Z","s","l"
"0.495317","34.00000000","2024-05-21T19:48:52.690Z","b","l"
"0.495317","34.00000000","2024-05-21T19:48:52.691Z","b","l"
"0.495317","34.00000000","2024-05-21T19:48:52.692Z","b","l"
"0.495317","46.32838526","2024-05-21T19:48:52.700Z","b","l"
"0.495791","7.50000000","2024-05-21T19:48:58.757Z","s","m"
"0.495801","34.00000000","2024-05-21T19:49:58.797Z","b","l"
"0.495801","34.00000000","2024-05-21T19:49:58.798Z","b","l"
"0.495801","34.00000000","2024-05-21T19:49:58.798Z","b","l"
"0.495801","7.81580642","2024-05-21T19:50:03.253Z","b","l"
"0.495801","504.23456185","2024-05-21T19:50:03.253Z","b","l"
"0.495801","121.26610000","2024-05-21T19:50:03.253Z","b","l"
"0.495802","11.02151210","2024-05-21T19:50:03.253Z","b","l"
"0.495809","59.38307895","2024-05-21T19:50:03.253Z","b","l"
"0.495812","61.40012281","2024-05-21T19:50:03.253Z","b","l"
"0.495850","10.98855142","2024-05-21T19:50:03.270Z","b","l"
"0.495973","17.02200404","2024-05-21T19:52:13.539Z","b","l"
"0.496004","51.30293508","2024-05-21T19:52:13.539Z","b","l"
"0.496050","299.90000000","2024-05-21T19:52:34.764Z","s","m"
"0.496051","31.15371601","2024-05-21T19:53:00.770Z","b","m"
"0.496059","19.24401734","2024-05-21T19:53:00.770Z","b","m"
"0.496059","50.24740068","2024-05-21T19:54:25.032Z","b","l"
"0.496059","108.64042132","2024-05-21T19:54:25.032Z","b","l"
"0.496059","442.12676971","2024-05-21T19:55:31.765Z","b","l"
"0.496058","605.70250000","2024-05-21T19:55:39.730Z","s","l"
"0.495944","271.13737593","2024-05-21T19:55:39.730Z","s","l"
"0.495878","33.79805661","2024-05-21T19:55:39.730Z","s","l"
"0.495871","33.79805661","2024-05-21T19:55:39.730Z","s","l"
"0.495861","33.79805661","2024-05-21T19:55:39.730Z","s","l"
"0.495831","271.13737593","2024-05-21T19:55:39.730Z","s","l"
"0.495825","1280.62857831","2024-05-21T19:55:39.730Z","s","l"
"0.495909","605.05250000","2024-05-21T19:57:36.665Z","s","l"
"0.495908","33.62451640","2024-05-21T19:57:36.665Z","s","l"
"0.495717","718.73017318","2024-05-21T19:58:33.840Z","b","m"
"0.495716","604.95100000","2024-05-21T19:59:15.914Z","s","l"
"0.495290","513.00000000","2024-05-21T20:00:03.007Z","s","l"
"0.495290","92.18550000","2024-05-21T20:00:09.326Z","s","l"
"0.495706","10.00000000","2024-05-21T20:01:11.828Z","s","l"
"0.495715","605.70600000","2024-05-21T20:01:40.762Z","s","l"
"0.495715","33.79805661","2024-05-21T20:01:40.762Z","s","l"
"0.495715","874.70937039","2024-05-21T20:01:40.762Z","s","l"
"0.495716","3126.26104248","2024-05-21T20:01:49.289Z","b","l"
"0.495910","55.36523012","2024-05-21T20:03:10.158Z","b","m"
"0.495996","14.57896553","2024-05-21T20:03:10.158Z","b","m"
"0.495935","437.26350000","2024-05-21T20:03:28.989Z","b","m"
"0.495936","263.96702052","2024-05-21T20:03:28.989Z","b","m"
"0.496170","31.14382252","2024-05-21T20:04:04.422Z","b","l"
"0.496251","34.00000000","2024-05-21T20:04:06.086Z","b","l"
"0.496251","29.39426335","2024-05-21T20:04:06.271Z","b","l"
"0.496364","34.00000000","2024-05-21T20:04:06.850Z","b","l"
"0.496364","5.25818407","2024-05-21T20:04:06.856Z","b","l"
"0.496465","71.46757927","2024-05-21T20:04:06.930Z","b","l"
"0.496532","19.84205800","2024-05-21T20:04:40.038Z","b","l"
"0.496531","605.18650000","2024-05-21T20:04:56.289Z","s","l"
"0.496432","426.61275800","2024-05-21T20:04:56.289Z","s","l"
"0.496532","273.07654632","2024-05-21T20:05:27.498Z","b","l"
"0.496532","149.73761459","2024-05-21T20:05:27.498Z","b","l"
"0.496535","10.14015509","2024-05-21T20:05:27.498Z","b","l"
"0.496559","61.40110633","2024-05-21T20:06:13.735Z","b","l"
"0.496573","39.17017361","2024-05-21T20:06:16.741Z","b","l"
"0.496593","153.98641102","2024-05-21T20:06:16.741Z","b","l"
"0.496603","490.49593767","2024-05-21T20:06:16.741Z","b","l"
"0.496630","220.41286372","2024-05-21T20:06:16.754Z","b","l"
"0.496657","29.09435053","2024-05-21T20:06:16.754Z","b","l"
"0.496751","39.15961470","2024-05-21T20:06:20.777Z","b","l"
"0.497325","39.11443585","2024-05-21T20:06:24.989Z","b","l"
"0.497331","77.35678257","2024-05-21T20:06:25.394Z","b","l"
"0.497438","151.72243035","2024-05-21T20:06:26.715Z","b","l"
"0.497484","604.31250000","2024-05-21T20:06:51.051Z","s","l"
"0.497486","19.08734451","2024-05-21T20:07:24.987Z","b","m"
"0.497349","243.42442483","2024-05-21T20:08:04.559Z","s","m"
"0.497350","359.61007517","2024-05-21T20:08:35.342Z","s","l"
"0.497349","2041.69396138","2024-05-21T20:08:35.342Z","s","l"
"0.497092","20.00000000","2024-05-21T20:09:34.968Z","b","m"
"0.497092","50.29250119","2024-05-21T20:09:55.206Z","b","m"
"0.497092","5.01373987","2024-05-21T20:10:20.883Z","b","m"
"0.497200","20.66612099","2024-05-21T20:10:20.883Z","b","m"
"0.497091","603.19850000","2024-05-21T20:10:43.735Z","s","l"
"0.496688","245.42765265","2024-05-21T20:10:43.735Z","s","l"
"0.496577","145.62541035","2024-05-21T20:10:43.735Z","s","l"
"0.496863","61.36171138","2024-05-21T20:11:34.500Z","b","l"
"0.497351","63.25487583","2024-05-21T20:11:53.321Z","b","m"
"0.497352","20.95222335","2024-05-21T20:11:53.321Z","b","m"
"0.497443","59.18251713","2024-05-21T20:11:53.321Z","b","m"
"0.497451","181.96041117","2024-05-21T20:11:53.321Z","b","m"
"0.497468","445.91647503","2024-05-21T20:11:53.321Z","b","m"
"0.497440","1.98058400","2024-05-21T20:13:02.036Z","b","l"
"0.497486","41.76458247","2024-05-21T20:13:22.569Z","b","m"
"0.497512","11.02658772","2024-05-21T20:13:22.569Z","b","m"
"0.497593","77.35100114","2024-05-21T20:13:22.569Z","b","m"
"0.497600","72.52316532","2024-05-21T20:13:22.569Z","b","m"
"0.497600","48.02444198","2024-05-21T20:13:22.569Z","b","m"
"0.497601","39.10769647","2024-05-21T20:13:22.569Z","b","m"
"0.497650","19.06814914","2024-05-21T20:13:22.569Z","b","m"
"0.497690","2202.80444855","2024-05-21T20:13:22.569Z","b","m"
"0.497257","67.29651420","2024-05-21T20:15:51.798Z","b","l"
"0.497375","79.31808290","2024-05-21T20:15:53.435Z","b","l"