"price","volume","timestamp"
"0.499520","5004.805","2024-05-21T19:24:55.000Z"
"0.499547","500.609","2024-05-21T19:24:55.000Z"
"0.499548","1900.000","2024-05-21T19:24:55.000Z"
"0.499555","296.270","2024-05-21T19:24:55.000Z"
"0.499572","15920.729","2024-05-21T19:24:55.000Z"
"0.499573","8000.000","2024-05-21T19:24:55.000Z"
"0.499600","291.851","2024-05-21T19:24:47.000Z"
"0.499611","296.262","2024-05-21T19:24:55.000Z"
"0.499616","506.000","2024-05-21T19:24:52.000Z"
"0.499617","33.799","2024-05-21T19:24:55.000Z"
"0.499620","10010.339","2024-05-21T19:24:40.000Z"
"0.499627","33.799","2024-05-21T19:24:55.000Z"
"0.499634","10007.340","2024-05-21T19:24:55.000Z"
"0.499657","2100.000","2024-05-21T19:24:38.000Z"
"0.499676","8006.993","2024-05-21T19:24:50.000Z"
"0.499682","10000.000","2024-05-21T19:24:55.000Z"
"0.499683","1631.721","2024-05-21T19:24:55.000Z"
"0.499723","10005.549","2024-05-21T19:24:42.000Z"
"0.499738","486.000","2024-05-21T19:24:55.000Z"
"0.499785","26649.004","2024-05-21T19:24:55.000Z"
"0.499786","9958.000","2024-05-21T19:24:42.000Z"
"0.499800","12934.777","2024-05-21T19:24:55.000Z"
"0.499809","1409.800","2024-05-21T19:24:41.000Z"
"0.499876","18.883","2024-05-21T19:23:59.000Z"
"0.499883","52.955","2024-05-21T19:24:37.000Z"
"0.499888","12.880","2024-05-21T19:22:35.000Z"
"0.499893","555.000","2024-05-21T19:24:43.000Z"
"0.499900","91.675","2024-05-21T19:24:47.000Z"
"0.499902","54.860","2024-05-21T19:22:33.000Z"
"0.499913","1340.710","2024-05-21T19:24:55.000Z"
"0.499927","44.948","2024-05-21T19:24:51.000Z"
"0.499928","10001.444","2024-05-21T19:24:37.000Z"
"0.499949","42.967","2024-05-21T19:23:38.000Z"
"0.499961","39816.843","2024-05-21T19:24:55.000Z"
"0.499974","20.915","2024-05-21T19:23:00.000Z"
"0.499982","80.915","2024-05-21T19:23:48.000Z"
"0.499999","2088.700","2024-05-21T19:24:39.000Z"
"0.500013","281.475","2024-05-21T19:24:55.000Z"
"0.500100","58.846","2024-05-21T19:24:47.000Z"
"0.500143","10178.763","2024-05-21T19:24:49.000Z"
"0.500144","381.827","2024-05-21T19:23:24.000Z"
"0.500156","80.932","2024-05-21T19:16:15.000Z"
"0.500162","9996.775","2024-05-21T19:23:48.000Z"
"0.500220","9964.000","2024-05-21T19:23:30.000Z"
"0.500230","9940.000","2024-05-21T19:23:07.000Z"
"0.500289","1580.083","2024-05-21T19:24:39.000Z"
"0.500340","3692.577","2024-05-21T19:24:37.000Z"
"0.500370","78.912","2024-05-21T19:16:56.000Z"
"0.500427","670.000","2024-05-21T19:24:48.000Z"
"0.500428","15603.700","2024-05-21T19:24:33.000Z"
"0.500540","556.600","2024-05-21T19:24:37.000Z"
"0.500582","9988.377","2024-05-21T19:23:36.000Z"
"0.500590","5741.166","2024-05-21T19:24:37.000Z"
"0.500672","16390.000","2024-05-21T19:24:37.000Z"
"0.500865","1992.996","2024-05-21T19:24:53.000Z"
"0.500866","9982.728","2024-05-21T19:16:37.000Z"
"0.500872","4491.959","2024-05-21T19:24:37.000Z"
"0.500900","2228.500","2024-05-21T19:24:55.000Z"
"0.500902","4882.454","2024-05-21T19:24:24.000Z"
"0.500922","23960.000","2024-05-21T19:24:37.000Z"
"0.500995","11612.084","2024-05-21T19:21:03.000Z"
"0.501066","560.240","2024-05-21T19:24:33.000Z"
"0.501067","3462.631","2024-05-21T19:24:05.000Z"
"0.501096","10000.000","2024-05-21T19:20:42.000Z"
"0.501142","22947.456","2024-05-21T19:24:55.000Z"
"0.501155","25995.330","2024-05-21T19:24:55.000Z"
"0.501187","24779.240","2024-05-21T19:24:37.000Z"
"0.501237","48826.000","2024-05-21T19:22:24.000Z"
"0.501240","26721.040","2024-05-21T19:24:37.000Z"
"0.501245","11612.084","2024-05-21T19:21:03.000Z"
"0.501260","25.029","2024-05-21T19:24:55.000Z"
"0.501381","9972.460","2024-05-21T19:16:58.000Z"
"0.501570","1380.642","2024-05-21T19:24:50.000Z"
"0.501572","81004.000","2024-05-21T19:24:42.000Z"
"0.501590","15594.860","2024-05-21T19:24:35.000Z"
"0.501733","200.000","2024-05-21T19:24:45.000Z"
"0.501827","75.000","2024-05-21T19:21:36.000Z"
"0.501941","12415.460","2024-05-21T19:24:50.000Z"
"0.501966","55658.331","2024-05-21T19:24:45.000Z"
"0.501973","6897.478","2024-05-21T19:24:50.000Z"
"0.501998","9960.212","2024-05-21T19:23:22.000Z"
"0.502372","17931.500","2024-05-21T19:24:40.000Z"
"0.502570","23448.884","2024-05-21T19:24:40.000Z"
"0.502594","163.946","2024-05-21T19:24:49.000Z"
"0.502595","13947.615","2024-05-21T19:21:36.000Z"
"0.502904","13793.462","2024-05-21T19:24:40.000Z"
"0.502929","41078.000","2024-05-21T19:21:31.000Z"
"0.503141","4930.017","2024-05-21T19:19:12.000Z"
"0.503251","661.242","2024-05-21T18:55:22.000Z"
"0.503529","99.300","2024-05-21T18:57:01.000Z"
"0.503535","411.412","2024-05-21T18:47:24.000Z"
"0.503810","9924.387","2024-05-21T19:23:30.000Z"
"0.503913","19554.000","2024-05-21T19:11:37.000Z"
"0.503954","270.298","2024-05-21T19:21:01.000Z"
"0.504000","100.000","2024-05-21T19:20:41.000Z"
"0.504550","70.000","2024-05-21T19:20:04.000Z"
"0.504685","411.412","2024-05-21T18:34:02.000Z"
"0.504827","482.506","2024-05-21T18:05:04.000Z"
"0.504921","71.472","2024-05-21T17:48:57.000Z"
"0.504927","167.223","2024-05-21T18:52:16.000Z"