"price","volume","time","side","orderType"
"1.260400","39.86082732","2024-05-18T09:34:19.475Z","s","m"
"1.260400","22.56508397","2024-05-18T09:34:19.475Z","s","m"
"1.259900","0.78191000","2024-05-18T09:38:54.034Z","b","l"
"1.263100","7.91702953","2024-05-18T09:56:03.688Z","b","m"
"1.258800","25.22243406","2024-05-18T11:14:30.713Z","b","m"
"1.255000","108.77238043","2024-05-18T11:37:16.486Z","b","l"
"1.255000","54.38738043","2024-05-18T11:37:18.499Z","b","l"
"1.255000","27.19738043","2024-05-18T11:37:20.519Z","b","l"
"1.255000","13.60238043","2024-05-18T11:37:22.557Z","b","l"
"1.255000","6.80238043","2024-05-18T11:37:24.581Z","b","l"
"1.255000","1435.37174155","2024-05-18T11:37:55.488Z","b","l"
"1.255000","1806.85035564","2024-05-18T11:37:55.488Z","b","l"
"1.255000","1435.37174155","2024-05-18T11:38:05.214Z","s","l"
"1.256000","41.20875815","2024-05-18T11:46:35.747Z","b","l"
"1.256000","144.77356000","2024-05-18T11:47:34.992Z","s","l"
"1.252500","88.34889360","2024-05-18T12:18:54.731Z","s","m"
"1.253000","72.18070113","2024-05-18T12:18:55.355Z","b","m"
"1.253500","1120.65745237","2024-05-18T12:18:55.355Z","b","m"
"1.253500","638.21403680","2024-05-18T12:18:55.355Z","b","m"
"1.253700","632.71580970","2024-05-18T12:18:55.355Z","b","m"
"1.250900","8.11537023","2024-05-18T12:21:12.889Z","s","m"
"1.250900","87.59593118","2024-05-18T12:21:12.889Z","s","m"
"1.249300","584.02456310","2024-05-18T12:21:24.378Z","s","l"
"1.249300","19.99583218","2024-05-18T12:21:24.379Z","s","l"
"1.249300","584.02456310","2024-05-18T12:21:24.386Z","s","l"
"1.249300","584.02456310","2024-05-18T12:21:24.403Z","s","l"
"1.245700","561.95060989","2024-05-18T12:58:15.936Z","b","l"
"1.245900","561.84284453","2024-05-18T12:58:15.936Z","b","l"
"1.246000","168.19614558","2024-05-18T12:58:15.936Z","b","l"
"1.244600","8.15644915","2024-05-18T13:01:30.934Z","s","l"
"1.244400","139.60094000","2024-05-18T13:05:27.212Z","s","l"
"1.239600","806.67869116","2024-05-18T13:38:12.297Z","s","l"
"1.239500","567.12464884","2024-05-18T13:38:12.297Z","s","l"
"1.238300","8.19794607","2024-05-18T13:39:06.166Z","s","l"
"1.240000","7.85248000","2024-05-18T13:42:24.362Z","b","l"
"1.235100","33.80957027","2024-05-18T14:00:19.177Z","s","l"
"1.232200","16.28649224","2024-05-18T14:00:22.499Z","s","l"
"1.232100","8.23919862","2024-05-18T14:03:31.491Z","s","l"
"1.230000","26.82926830","2024-05-18T14:03:33.128Z","s","l"
"1.228700","12.78262776","2024-05-18T14:03:33.136Z","s","l"
"1.235900","2.00000000","2024-05-18T14:47:42.439Z","b","l"
"1.236300","202.19993529","2024-05-18T14:48:51.849Z","b","m"
"1.242200","8.22931144","2024-05-18T15:07:37.111Z","b","l"
"1.247700","14.69741877","2024-05-18T15:39:09.209Z","s","m"
"1.247500","1120.65745237","2024-05-18T15:42:40.557Z","s","l"
"1.247400","154.20234763","2024-05-18T15:42:40.557Z","s","l"
"1.247300","130.31674000","2024-05-18T15:45:25.255Z","s","l"
"1.247900","1120.65745237","2024-05-18T16:03:32.515Z","s","l"
"1.247800","719.32631769","2024-05-18T16:03:32.515Z","s","l"
"1.247700","801.43876112","2024-05-18T16:03:32.515Z","s","l"
"1.247500","693.34366872","2024-05-18T16:03:32.515Z","s","l"
"1.247400","665.23380010","2024-05-18T16:03:32.515Z","s","l"
"1.248400","8.18810839","2024-05-18T16:08:18.324Z","b","l"
"1.251000","0.78755000","2024-05-18T16:09:17.039Z","b","l"
"1.249100","61.19820436","2024-05-18T16:30:26.627Z","b","m"
"1.245900","8.92140000","2024-05-18T16:37:24.323Z","s","l"
"1.245900","151.60512700","2024-05-18T16:50:33.587Z","s","l"
"1.254600","16.05994878","2024-05-18T17:22:38.536Z","b","l"
"1.254800","8.14666126","2024-05-18T17:22:55.450Z","b","l"
"1.252500","194.30522000","2024-05-18T17:50:51.735Z","b","l"
"1.249700","37.03101387","2024-05-18T18:31:52.458Z","s","m"
"1.249600","589.00466000","2024-05-18T19:22:42.227Z","s","l"
"1.252500","36.01653368","2024-05-18T19:35:58.364Z","b","l"
"1.253000","7.47986000","2024-05-18T19:39:39.254Z","b","l"
"1.251500","143.66552000","2024-05-18T19:41:37.851Z","s","l"
"1.251400","348.55307140","2024-05-18T20:24:41.321Z","b","l"
"1.254300","71.75316910","2024-05-18T21:18:20.417Z","b","m"
"1.256500","1.29959000","2024-05-18T22:24:46.659Z","s","l"
"1.257000","7.47986000","2024-05-18T22:52:09.518Z","s","l"
"1.257100","5.33506000","2024-05-18T22:59:01.386Z","b","l"
"1.257100","15.67452000","2024-05-18T22:59:04.035Z","b","l"
"1.255500","159.29908403","2024-05-19T00:34:59.353Z","s","l"
"1.254000","19.10184406","2024-05-19T00:49:16.322Z","b","l"
"1.254100","166.87918808","2024-05-19T00:52:16.531Z","b","l"
"1.249700","33.77544331","2024-05-19T01:50:23.913Z","s","m"
"1.249700","38.29087110","2024-05-19T01:50:23.913Z","s","m"
"1.249700","6.91812733","2024-05-19T01:50:23.913Z","s","m"
"1.251600","43.51953535","2024-05-19T01:58:38.072Z","s","m"
"1.251600","43.29547373","2024-05-19T01:58:38.072Z","s","m"
"1.251600","4.64368099","2024-05-19T01:58:38.072Z","s","m"
"1.251600","27.01797255","2024-05-19T01:58:38.072Z","s","m"
"1.261100","8.10563165","2024-05-19T02:24:40.821Z","b","l"
"1.263000","25.00000000","2024-05-19T02:47:42.435Z","b","m"
"1.263000","22.51244335","2024-05-19T02:47:46.800Z","b","m"
"1.263500","2.48755665","2024-05-19T02:47:46.800Z","b","m"
"1.263000","23.75744335","2024-05-19T02:47:51.510Z","b","m"
"1.263400","1.24255665","2024-05-19T02:47:51.510Z","b","m"
"1.266600","24.15803865","2024-05-19T03:09:52.112Z","s","l"
"1.266600","55.64127164","2024-05-19T03:09:52.140Z","s","l"
"1.266700","78.92659826","2024-05-19T03:18:57.924Z","b","m"
"1.260600","741.70954344","2024-05-19T03:51:18.315Z","b","l"
"1.260700","555.28868834","2024-05-19T03:51:18.315Z","b","l"
"1.260700","1120.65745237","2024-05-19T03:51:18.315Z","b","l"
"1.260700","370.69638930","2024-05-19T04:01:52.498Z","s","l"
"1.260700","411.64792655","2024-05-19T04:02:00.896Z","s","l"
"1.254100","7.93210121","2024-05-19T04:30:06.209Z","s","m"
"1.253400","79.78299026","2024-05-19T04:32:16.135Z","s","l"
"1.256000","116.86062837","2024-05-19T04:52:51.203Z","b","l"
"1.255300","557.66617090","2024-05-19T04:54:29.458Z","b","l"
"1.256000","112.01785209","2024-05-19T04:55:06.724Z","b","l"
"1.256000","557.32799413","2024-05-19T04:55:06.724Z","b","l"
"1.256300","557.19217865","2024-05-19T04:56:57.492Z","b","l"
"1.256000","477.71968902","2024-05-19T04:57:29.736Z","b","l"
"1.256300","477.59293162","2024-05-19T04:57:29.736Z","b","l"
"1.256500","344.68737936","2024-05-19T04:57:29.736Z","b","l"
"1.256300","4000.00000000","2024-05-19T04:58:19.000Z","b","l"
"1.256000","135.98241506","2024-05-19T04:59:38.626Z","b","l"
"1.256400","477.55491881","2024-05-19T04:59:38.626Z","b","l"
"1.256600","576.53502450","2024-05-19T04:59:38.626Z","b","l"
"1.256700","441.64462481","2024-05-19T04:59:57.399Z","b","l"
"1.253500","5.00000000","2024-05-19T05:29:35.434Z","s","l"
"1.250900","8.11537023","2024-05-19T05:56:32.445Z","s","l"
"1.248900","800.70462006","2024-05-19T06:23:35.134Z","s","l"
"1.248900","1120.65745237","2024-05-19T06:23:35.134Z","s","l"
"1.248900","4617.49571133","2024-05-19T06:23:35.134Z","s","l"
"1.245800","61.93235411","2024-05-19T06:32:33.359Z","s","l"
"1.244600","8.15644915","2024-05-19T06:34:09.081Z","s","l"
"1.240700","19.83916000","2024-05-19T08:52:40.825Z","s","l"
"1.240700","1100.81829237","2024-05-19T08:52:41.534Z","s","m"
"1.240700","805.98743862","2024-05-19T08:52:41.534Z","s","m"
"1.240400","556.96226901","2024-05-19T08:52:41.534Z","s","m"
"1.240300","7.94341000","2024-05-19T09:00:00.060Z","b","l"
"1.239700","1.00000000","2024-05-19T09:01:31.642Z","s","l"
"1.239400","19.83917000","2024-05-19T09:04:58.796Z","s","l"
"1.238300","8.19794607","2024-05-19T09:15:45.372Z","s","m"
"1.236400","53.00025829","2024-05-19T09:15:45.372Z","s","m"
"1.237000","0.79638000","2024-05-19T09:38:54.032Z","b","l"
"1.237000","484.25009124","2024-05-19T09:38:57.155Z","b","l"
"1.237300","609.96252730","2024-05-19T09:38:57.155Z","b","l"
"1.237400","201.79558146","2024-05-19T09:38:57.155Z","b","l"
"1.238500","1120.65745237","2024-05-19T09:49:59.099Z","s","l"
"1.238500","807.41340506","2024-05-19T09:49:59.099Z","s","l"
"1.238400","252.00000000","2024-05-19T09:49:59.099Z","s","l"
"1.238200","619.90461810","2024-05-19T09:49:59.099Z","s","l"
"1.238100","807.64079992","2024-05-19T09:49:59.099Z","s","l"
"1.237800","252.00000000","2024-05-19T09:49:59.099Z","s","l"
"1.237700","177.03625979","2024-05-19T09:49:59.099Z","s","l"
"1.247400","16.28300000","2024-05-19T10:34:03.784Z","s","l"
"1.246700","60.07689843","2024-05-19T10:36:00.954Z","b","l"
"1.248400","8.18810839","2024-05-19T10:37:32.505Z","b","l"
"1.247900","559.82771967","2024-05-19T10:38:30.306Z","b","l"
"1.248000","2948.17948033","2024-05-19T10:38:30.306Z","b","l"
"1.248200","560.81369726","2024-05-19T10:38:58.690Z","b","l"
"1.242300","338.53048000","2024-05-19T10:55:12.088Z","s","l"
"1.238600","338.53048000","2024-05-19T11:01:55.633Z","b","l"
"1.238600","576.53502450","2024-05-19T11:01:55.633Z","b","l"
"1.238700","379.60039550","2024-05-19T11:01:55.633Z","b","l"
"1.238500","60.55712556","2024-05-19T11:04:02.929Z","s","l"
"1.238300","8.19794607","2024-05-19T11:04:04.972Z","s","l"
"1.238500","630.00000000","2024-05-19T11:42:58.392Z","b","l"
"1.238500","630.00000000","2024-05-19T11:43:06.741Z","b","l"
"1.238500","11.00000000","2024-05-19T11:43:06.745Z","b","l"
"1.232200","16.28649224","2024-05-19T12:20:21.126Z","s","l"
"1.232100","8.23919862","2024-05-19T12:20:21.126Z","s","l"
"1.228200","206.29427149","2024-05-19T12:27:23.364Z","s","l"
"1.225900","8.28086844","2024-05-19T13:07:38.964Z","s","l"
"1.224900","8.74793180","2024-05-19T13:22:31.650Z","s","l"
"1.219800","8.75184441","2024-05-19T13:25:07.348Z","s","l"
"1.219700","8.32296189","2024-05-19T13:25:07.348Z","s","l"
"1.214200","5.65410728","2024-05-19T13:29:39.248Z","s","l"
"1.214100","16.28555859","2024-05-19T13:29:39.248Z","s","l"
"1.213600","8.36479616","2024-05-19T13:30:02.136Z","s","l"
"1.213500","123.60939432","2024-05-19T13:30:02.136Z","s","l"
"1.211900","825.14050044","2024-05-19T13:30:02.136Z","s","l"
"1.211600","1237.98693493","2024-05-19T13:30:02.136Z","s","l"
"1.211200","407.10000000","2024-05-19T13:30:02.136Z","s","l"
"1.211200","4078.00000000","2024-05-19T13:30:02.136Z","s","l"
"1.211300","407.10000000","2024-05-19T13:30:02.358Z","s","l"
"1.211200","576.53502450","2024-05-19T13:30:02.358Z","s","l"
"1.211200","1120.65745237","2024-05-19T13:30:02.358Z","s","l"
"1.211200","186.29515688","2024-05-19T13:30:02.358Z","s","l"
"1.211100","524.00000000","2024-05-19T13:30:02.358Z","s","l"
"1.211000","988.89083530","2024-05-19T13:30:02.358Z","s","l"
"1.211000","1238.62872708","2024-05-19T13:30:02.358Z","s","l"
"1.211000","1156.06936416","2024-05-19T13:30:02.358Z","s","l"
"1.211800","825.16318414","2024-05-19T13:30:02.579Z","s","l"
"1.211500","825.37940741","2024-05-19T13:30:02.579Z","s","l"
"1.211400","4078.00000000","2024-05-19T13:30:02.579Z","s","l"
"1.211200","40.62178321","2024-05-19T13:30:02.579Z","s","l"
"1.211100","186.31053919","2024-05-19T13:30:02.579Z","s","l"
"1.211400","524.00000000","2024-05-19T13:30:02.730Z","s","l"
"1.214000","1120.65745237","2024-05-19T13:30:25.819Z","s","l"
"1.213900","823.79056755","2024-05-19T13:30:25.819Z","s","l"
"1.213700","823.87604769","2024-05-19T13:30:25.819Z","s","l"
"1.213400","576.53502450","2024-05-19T13:30:25.819Z","s","l"
"1.213200","1236.37767788","2024-05-19T13:30:25.819Z","s","l"
"1.213100","524.00000000","2024-05-19T13:30:25.819Z","s","l"
"1.213100","524.00000000","2024-05-19T13:30:25.819Z","s","l"
"1.213000","387.68555324","2024-05-19T13:30:25.819Z","s","l"
"1.213000","857.77461084","2024-05-19T13:30:25.819Z","s","l"
"1.213000","407.10000000","2024-05-19T13:30:25.819Z","s","l"
"1.212900","952.04448901","2024-05-19T13:30:25.819Z","s","l"
"1.213000","1936.13340962","2024-05-19T13:30:26.118Z","s","l"
"1.213700","823.91124913","2024-05-19T13:30:26.587Z","s","l"
"1.213400","824.09607743","2024-05-19T13:30:26.587Z","s","l"
"1.214800","1120.65745237","2024-05-19T13:30:46.264Z","s","l"
"1.214700","823.19094353","2024-05-19T13:30:46.264Z","s","l"
"1.215000","823.02736103","2024-05-19T13:30:46.693Z","s","l"
"1.214900","823.08254679","2024-05-19T13:30:46.997Z","s","l"
"1.214700","823.19094353","2024-05-19T13:30:46.997Z","s","l"
"1.215200","1120.65745237","2024-05-19T13:31:00.486Z","s","l"
"1.215100","822.97166414","2024-05-19T13:31:00.486Z","s","l"
"1.214700","823.18394587","2024-05-19T13:31:00.486Z","s","l"
"1.216700","821.87238368","2024-05-19T13:31:12.239Z","s","l"
"1.216600","1120.65745237","2024-05-19T13:31:12.239Z","s","l"
"1.216500","576.53502450","2024-05-19T13:31:12.239Z","s","l"
"1.215900","1233.58149648","2024-05-19T13:31:12.239Z","s","l"
"1.215500","407.10000000","2024-05-19T13:31:12.239Z","s","l"
"1.215500","524.00000000","2024-05-19T13:31:12.239Z","s","l"
"1.215500","3531.15589194","2024-05-19T13:31:12.239Z","s","l"
"1.222000","49.07975461","2024-05-19T13:46:01.204Z","b","l"
"1.223500","8.35308554","2024-05-19T13:47:08.786Z","b","l"
"1.213600","8.36479616","2024-05-19T14:37:26.636Z","s","l"
"1.215100","822.97225516","2024-05-19T14:52:27.733Z","s","l"
"1.214900","804.55791015","2024-05-19T14:52:27.733Z","s","l"
"1.214700","804.55791015","2024-05-19T14:52:27.733Z","s","l"
"1.214700","823.23002544","2024-05-19T14:52:27.733Z","s","l"
"1.214400","453.77433511","2024-05-19T14:52:27.733Z","s","l"
"1.214300","149.08556399","2024-05-19T14:52:27.733Z","s","l"
"1.214800","630.00000000","2024-05-19T14:52:27.742Z","s","l"
"1.211100","825.75807094","2024-05-19T14:53:47.936Z","b","l"
"1.211300","498.39442906","2024-05-19T14:53:47.936Z","b","l"
"1.209800","206.29997959","2024-05-19T14:56:05.116Z","s","l"
"1.208900","1240.84245967","2024-05-19T14:56:34.282Z","b","l"
"1.209000","10.23817436","2024-05-19T14:56:34.282Z","b","l"
"1.207500","4.00000000","2024-05-19T15:00:30.812Z","s","l"
"1.207500","4.40705310","2024-05-19T15:01:22.020Z","s","l"
"1.205300","38.14980000","2024-05-19T15:01:28.625Z","b","l"
"1.201500","7.21061008","2024-05-19T15:13:44.157Z","s","l"
"1.201400","8.44973915","2024-05-19T15:13:44.157Z","s","l"
"1.200000","200.00000000","2024-05-19T15:13:45.129Z","s","l"
"1.200000","1325.00000000","2024-05-19T15:13:45.133Z","s","l"
"1.196700","239.32753022","2024-05-19T15:13:46.059Z","s","m"
"1.202300","33.26956666","2024-05-19T15:24:14.425Z","s","l"
"1.201100","26.49585000","2024-05-19T15:26:44.287Z","s","l"
"1.200300","868.10195085","2024-05-19T15:41:47.831Z","s","l"
"1.196300","16.28585941","2024-05-19T15:42:42.118Z","s","l"
"1.195400","29.20529999","2024-05-19T15:42:46.222Z","b","l"
"1.200000","83.21557462","2024-05-19T15:54:15.055Z","b","l"
"1.200000","19.14893182","2024-05-19T15:54:25.075Z","b","l"
"1.200300","64.07010536","2024-05-19T15:54:25.075Z","b","l"
"1.200400","83.21341067","2024-05-19T15:54:35.126Z","b","l"
"1.203300","0.81877000","2024-05-19T16:09:17.038Z","b","l"
"1.202900","383.54861956","2024-05-19T16:13:46.713Z","s","m"
"1.198100","166.93097404","2024-05-19T16:16:05.517Z","b","m"
"1.195300","8.49286089","2024-05-19T16:16:16.922Z","s","l"
"1.194800","991.50713911","2024-05-19T16:16:16.922Z","s","l"
"1.194200","36.88833125","2024-05-19T16:16:39.279Z","s","l"
"1.193900","46.80768481","2024-05-19T16:16:39.279Z","s","l"
"1.193900","19.29818242","2024-05-19T16:16:49.529Z","b","l"
"1.191700","206.28793187","2024-05-19T16:22:28.120Z","s","l"
"1.191600","33.56549467","2024-05-19T16:22:29.093Z","b","l"
"1.189300","8.53570724","2024-05-19T16:26:37.114Z","s","l"
"1.186600","7.21229993","2024-05-19T16:31:40.176Z","s","l"
"1.183300","8.57898810","2024-05-19T16:32:43.225Z","s","l"
"1.181900","33.80376912","2024-05-19T16:32:43.672Z","b","l"
"1.183100","494.56733006","2024-05-19T16:32:49.906Z","b","l"
"1.182500","19.73820000","2024-05-19T16:33:13.733Z","b","l"
"1.182100","30.21029999","2024-05-19T16:33:29.519Z","b","l"
"1.186400","0.60278000","2024-05-19T17:17:17.847Z","b","l"
"1.189000","43.90751000","2024-05-19T17:48:22.144Z","s","l"
"1.191100","83.95124950","2024-05-19T17:49:36.357Z","b","l"
"1.192200","838.78551852","2024-05-19T17:56:36.993Z","b","l"
"1.192500","197.49902764","2024-05-19T17:56:36.993Z","b","l"
"1.192600","132.46441095","2024-05-19T17:56:36.993Z","b","l"
"1.192800","340.00000000","2024-05-19T17:56:36.993Z","b","l"
"1.193000","8.56697762","2024-05-19T18:06:23.499Z","b","l"
"1.194400","177.47050000","2024-05-19T18:09:21.035Z","s","l"
"1.191400","41.96743327","2024-05-19T18:35:14.943Z","s","l"
"1.188900","622.48991000","2024-05-19T18:54:16.851Z","b","l"
"1.189100","504.43884110","2024-05-19T19:08:15.228Z","b","l"
"1.189100","840.95750443","2024-05-19T19:08:16.069Z","b","l"
"1.189100","634.17448351","2024-05-19T19:08:16.339Z","b","l"
"1.192300","83.84579082","2024-05-19T19:08:34.946Z","b","l"
"1.195900","5.00000000","2024-05-19T19:30:19.592Z","b","m"
"1.194300","145.39722012","2024-05-19T19:37:10.774Z","s","l"
"1.186200","6.65050000","2024-05-19T19:47:45.286Z","s","m"
"1.188200","29.74000000","2024-05-19T20:06:38.233Z","s","m"
"1.187900","74.70366265","2024-05-19T20:19:11.483Z","b","l"
"1.191300","7.91702953","2024-05-19T20:21:34.624Z","s","m"
"1.183300","8.57898810","2024-05-19T21:27:03.813Z","s","l"
"1.179100","30.15000000","2024-05-19T21:33:29.419Z","b","l"
"1.179000","282.44274809","2024-05-19T21:33:29.708Z","s","l"
"1.178400","16.28619530","2024-05-19T21:34:03.436Z","s","l"
"1.188900","841.09921118","2024-05-19T21:52:04.599Z","s","l"
"1.188900","841.09921118","2024-05-19T21:52:05.936Z","s","l"
"1.188900","841.09921118","2024-05-19T21:52:06.936Z","s","l"
"1.192100","165.29178000","2024-05-19T22:11:39.966Z","b","l"
"1.193000","8.56697762","2024-05-19T22:17:17.298Z","b","l"
"1.190200","1120.65745237","2024-05-19T23:40:07.800Z","b","m"
"1.190200","840.26277850","2024-05-19T23:40:07.800Z","b","m"
"1.190300","576.53502450","2024-05-19T23:40:07.800Z","b","m"
"1.190400","462.54474463","2024-05-19T23:40:07.800Z","b","m"
"1.190300","525.43770980","2024-05-19T23:44:22.193Z","b","l"
"1.190600","815.76399020","2024-05-19T23:44:22.193Z","b","l"
"1.183300","8.57898810","2024-05-20T00:24:28.234Z","s","l"
"1.177300","8.62271011","2024-05-20T01:31:16.731Z","s","l"
"1.173800","200.00000000","2024-05-20T01:32:22.106Z","s","l"
"1.173800","6.29215160","2024-05-20T01:32:22.115Z","s","l"
"1.186900","8.61063842","2024-05-20T01:47:44.210Z","b","l"
"1.189600","84.06186954","2024-05-20T01:59:57.141Z","b","m"
"1.193000","8.56697762","2024-05-20T02:08:11.636Z","b","l"
"1.195100","202.94015694","2024-05-20T02:19:42.204Z","b","l"
"1.197800","0.83550000","2024-05-20T02:20:29.975Z","b","l"
"1.199000","8.52375736","2024-05-20T02:41:24.506Z","b","l"
"1.199800","16.05994878","2024-05-20T02:44:03.576Z","b","l"
"1.198800","10.30674000","2024-05-20T02:55:07.282Z","b","l"
"1.193600","82.38822888","2024-05-20T03:32:56.611Z","b","m"
"1.194800","5.76717602","2024-05-20T03:36:36.231Z","s","m"
"1.194300","347.70650000","2024-05-20T03:39:39.279Z","s","l"
"1.191000","76.62105286","2024-05-20T03:55:58.572Z","s","m"
"1.191800","520.00000000","2024-05-20T03:58:09.322Z","b","m"
"1.191600","251.76233635","2024-05-20T04:00:01.249Z","b","m"
"1.191800","251.72008726","2024-05-20T04:01:21.372Z","b","m"
"1.195000","26.91766014","2024-05-20T04:04:18.905Z","b","m"
"1.195300","73.48230235","2024-05-20T04:04:18.905Z","b","m"
"1.205000","7.53454088","2024-05-20T04:40:21.688Z","b","l"
"1.205100","8.48097099","2024-05-20T04:40:21.688Z","b","l"
"1.208900","82.74434243","2024-05-20T04:42:41.397Z","b","m"
"1.211200","8.43790962","2024-05-20T04:45:13.573Z","b","l"
"1.212900","33.07800000","2024-05-20T04:45:14.570Z","b","m"
"1.211100","100.63883045","2024-05-20T04:50:05.282Z","s","m"
"1.213300","202.94015694","2024-05-20T05:02:07.258Z","b","l"
"1.217400","8.39528333","2024-05-20T05:13:19.028Z","b","l"
"1.218000","16.05994878","2024-05-20T05:16:12.669Z","b","l"
"1.221900","7.53454088","2024-05-20T05:19:27.106Z","b","l"
"1.223400","817.39414745","2024-05-20T05:20:54.771Z","s","l"
"1.223400","467.34615255","2024-05-20T05:20:54.771Z","s","l"
"1.223500","8.35308555","2024-05-20T05:21:27.931Z","b","l"
"1.229700","8.31130984","2024-05-20T05:36:05.510Z","b","l"
"1.223700","80.00000000","2024-05-20T05:55:58.325Z","s","l"
"1.222000","197.98843747","2024-05-20T05:55:59.584Z","b","l"
"1.219700","8.32296189","2024-05-20T06:11:03.674Z","s","l"
"1.213600","8.36479616","2024-05-20T06:30:36.114Z","s","l"
"1.209700","1324.85420000","2024-05-20T06:35:11.415Z","b","l"
"1.207500","8.40705310","2024-05-20T06:48:59.088Z","s","l"
"1.201400","8.44973915","2024-05-20T06:52:42.629Z","s","l"
"1.196300","16.28585941","2024-05-20T06:54:55.237Z","s","l"
"1.195300","8.49286089","2024-05-20T06:57:14.429Z","s","l"
"1.205100","8.48097099","2024-05-20T07:07:21.925Z","b","l"
"1.208300","82.74434243","2024-05-20T07:18:16.804Z","s","m"
"1.208800","75.24264559","2024-05-20T07:19:01.109Z","b","m"
"1.211200","8.43790962","2024-05-20T07:30:05.466Z","b","l"
"1.211400","75.24264559","2024-05-20T07:41:02.080Z","s","m"
"1.215100","822.91312597","2024-05-20T08:04:11.627Z","s","l"
"1.215000","370.19548814","2024-05-20T08:04:11.627Z","s","l"
"1.215100","822.91312597","2024-05-20T08:04:12.259Z","s","m"
"1.215000","133.98217266","2024-05-20T08:04:12.259Z","s","m"
"1.214900","823.11301341","2024-05-20T08:04:12.259Z","s","m"
"1.214500","576.53502450","2024-05-20T08:04:12.259Z","s","m"
"1.214500","169.89966346","2024-05-20T08:04:12.259Z","s","m"
"1.206800","8.16392000","2024-05-20T09:00:00.163Z","b","l"
"1.204000","98.65566000","2024-05-20T09:27:36.557Z","b","l"
"1.202300","0.81945000","2024-05-20T09:38:54.037Z","b","l"
"1.203000","79.90370000","2024-05-20T09:43:27.743Z","b","l"
"1.201400","8.44973915","2024-05-20T09:59:02.459Z","s","l"
"1.204100","17.90918000","2024-05-20T10:09:29.564Z","s","l"
"1.203300","622.87185449","2024-05-20T10:20:46.973Z","b","l"
"1.211200","8.43790962","2024-05-20T10:27:17.532Z","b","m"
"1.212000","734.74953876","2024-05-20T10:27:17.532Z","b","m"
"1.205300","2.50000000","2024-05-20T10:35:29.650Z","s","l"
"1.211000","81.31386000","2024-05-20T10:47:13.135Z","b","l"
"1.203600","373.90943082","2024-05-20T11:41:42.448Z","s","l"
"1.205300","402.30580682","2024-05-20T11:50:27.508Z","s","l"
"1.205300","200.00000000","2024-05-20T11:50:33.737Z","s","l"
"1.205300","397.69419318","2024-05-20T11:50:33.742Z","s","l"
"1.201400","8.44973915","2024-05-20T11:52:28.242Z","s","l"
"1.199300","600.36701431","2024-05-20T11:52:42.072Z","s","m"
"1.202300","299.74882210","2024-05-20T11:53:30.185Z","s","m"
"1.201500","378.68849673","2024-05-20T12:12:37.679Z","s","m"
"1.202000","131.47998462","2024-05-20T12:12:38.340Z","b","m"
"1.202100","831.88671760","2024-05-20T12:12:38.340Z","b","m"
"1.202300","831.77547817","2024-05-20T12:12:38.340Z","b","m"
"1.202400","541.86950240","2024-05-20T12:12:38.340Z","b","m"
"1.202500","189.43131721","2024-05-20T12:12:38.340Z","b","m"
"1.201400","218.94667622","2024-05-20T12:13:58.151Z","s","m"
"1.201400","99.01570100","2024-05-20T12:24:34.081Z","s","l"
"1.200300","285.75137900","2024-05-20T12:24:34.081Z","s","l"
"1.197400","678.43805998","2024-05-20T12:31:20.713Z","s","m"
"1.195300","8.49286089","2024-05-20T12:37:45.611Z","s","l"
"1.191700","206.20528523","2024-05-20T13:14:04.128Z","s","l"
"1.191600","1120.65745237","2024-05-20T13:28:37.588Z","b","l"
"1.191700","218.38904763","2024-05-20T13:28:37.588Z","b","l"
"1.191800","839.13266405","2024-05-20T13:29:58.126Z","b","l"
"1.191900","499.19703595","2024-05-20T13:29:58.126Z","b","l"
"1.190000","1120.65745237","2024-05-20T14:15:08.057Z","s","m"
"1.190000","379.34254763","2024-05-20T14:15:08.057Z","s","m"
"1.189300","8.53570724","2024-05-20T14:15:16.004Z","s","m"
"1.188000","91.86425525","2024-05-20T14:15:16.004Z","s","m"
"1.195800","200.00000000","2024-05-20T14:58:47.424Z","b","m"
"1.195800","4.18130122","2024-05-20T14:58:55.245Z","b","l"
"1.194600","125.00000000","2024-05-20T15:02:30.579Z","b","m"
"1.196900","28.06600000","2024-05-20T15:10:02.492Z","b","l"
"1.199000","8.52375735","2024-05-20T15:13:15.611Z","b","l"
"1.205100","8.48097098","2024-05-20T15:23:15.154Z","b","l"
"1.209800","165.31658125","2024-05-20T15:29:16.480Z","b","m"
"1.206800","99.42828734","2024-05-20T15:31:33.993Z","s","m"
"1.211200","8.43790961","2024-05-20T15:51:31.418Z","b","l"
"1.212200","296.56366630","2024-05-20T15:53:35.455Z","s","l"
"1.212200","296.56366630","2024-05-20T15:53:35.484Z","s","l"
"1.212200","296.56366630","2024-05-20T15:53:35.512Z","s","l"
"1.212200","296.56366630","2024-05-20T15:53:35.534Z","s","l"
"1.212200","296.56366630","2024-05-20T15:53:35.593Z","s","l"
"1.212200","296.56366630","2024-05-20T15:53:35.604Z","s","l"
"1.213300","202.94015694","2024-05-20T15:57:13.989Z","b","l"
"1.212700","678.03268454","2024-05-20T16:01:37.486Z","s","l"
"1.217400","8.39528333","2024-05-20T16:05:47.784Z","b","l"
"1.218000","16.05994878","2024-05-20T16:05:47.847Z","b","l"
"1.218700","0.80842000","2024-05-20T16:09:17.031Z","b","l"
"1.212500","132.38747540","2024-05-20T16:13:08.167Z","s","l"
"1.212500","132.38747540","2024-05-20T16:13:08.191Z","s","l"
"1.212500","132.38747540","2024-05-20T16:13:08.203Z","s","l"
"1.212500","299.95700919","2024-05-20T16:14:17.425Z","s","l"
"1.212200","3832.65024564","2024-05-20T16:15:21.131Z","s","l"
"1.212200","2387.96775656","2024-05-20T16:15:21.141Z","s","l"
"1.214800","373.90943082","2024-05-20T16:27:38.627Z","b","m"
"1.214800","250.15106779","2024-05-20T16:27:38.627Z","b","m"
"1.214900","350.21594652","2024-05-20T16:27:38.627Z","b","m"
"1.214900","299.74882210","2024-05-20T16:27:38.627Z","b","m"
"1.211100","679.29666402","2024-05-20T16:36:45.118Z","b","l"
"1.211200","825.67633401","2024-05-20T16:36:45.118Z","b","l"
"1.211400","576.53502450","2024-05-20T16:36:45.118Z","b","l"
"1.211500","861.71752809","2024-05-20T16:36:45.118Z","b","l"
"1.211600","1120.65745237","2024-05-20T16:36:45.118Z","b","l"
"1.211700","936.11699701","2024-05-20T16:36:45.118Z","b","l"
"1.219000","11.87428316","2024-05-20T16:40:10.923Z","b","l"
"1.223500","8.35308554","2024-05-20T16:46:00.027Z","b","l"
"1.225700","686.64642613","2024-05-20T16:53:12.897Z","s","l"
"1.225600","617.29587387","2024-05-20T16:53:12.897Z","s","l"
"1.226600","815.21749509","2024-05-20T16:53:33.699Z","s","m"
"1.226400","1120.65745237","2024-05-20T16:53:33.699Z","s","m"
"1.226400","815.39465101","2024-05-20T16:53:33.699Z","s","m"
"1.225800","248.73040153","2024-05-20T16:53:33.699Z","s","m"
"1.220600","524.04235917","2024-05-20T17:02:23.593Z","b","l"
"1.220700","576.53502450","2024-05-20T17:02:23.593Z","b","l"
"1.220700","213.82841633","2024-05-20T17:02:23.593Z","b","l"
"1.229000","22.39819216","2024-05-20T17:18:28.784Z","b","l"
"1.229700","8.31130984","2024-05-20T17:18:54.254Z","b","l"
"1.230200","812.84566860","2024-05-20T17:19:09.036Z","s","l"
"1.229900","489.23763140","2024-05-20T17:19:09.036Z","s","l"
"1.231600","4.09030000","2024-05-20T17:19:53.379Z","s","l"
"1.231800","202.94015694","2024-05-20T17:20:00.306Z","b","l"
"1.230800","800.00000000","2024-05-20T17:24:26.036Z","b","l"
"1.230800","12.48100955","2024-05-20T17:24:26.039Z","b","l"
"1.231000","645.08373519","2024-05-20T17:24:26.039Z","b","l"
"1.231100","812.28169929","2024-05-20T17:24:26.039Z","b","l"
"1.235000","7.68329173","2024-05-20T17:24:50.862Z","b","l"
"1.235300","113.35764824","2024-05-20T17:24:50.868Z","b","l"
"1.235900","8.27093126","2024-05-20T17:24:50.880Z","b","l"
"1.236100","16.05994878","2024-05-20T17:24:50.880Z","b","l"
"1.236300","408.20000000","2024-05-20T17:24:50.880Z","b","l"
"1.237000","123.84196943","2024-05-20T17:25:24.931Z","b","l"
"1.234100","800.00000000","2024-05-20T17:30:47.633Z","b","l"
"1.234100","10.36813850","2024-05-20T17:30:47.634Z","b","l"
"1.234300","810.23656995","2024-05-20T17:30:47.634Z","b","l"
"1.236000","800.00000000","2024-05-20T17:31:06.493Z","b","l"
"1.236000","9.06148867","2024-05-20T17:31:06.495Z","b","l"
"1.236200","808.93294227","2024-05-20T17:31:06.495Z","b","l"
"1.237900","663.43926105","2024-05-20T17:47:03.947Z","s","m"
"1.237700","79.74818733","2024-05-20T17:47:03.947Z","s","m"
"1.237700","484.77013815","2024-05-20T17:53:24.947Z","b","m"
"1.240000","15.62134000","2024-05-20T18:01:00.332Z","b","l"
"1.240700","5.38681368","2024-05-20T18:02:56.138Z","b","l"
"1.241100","10.00000000","2024-05-20T18:42:22.247Z","b","m"
"1.241800","168.66912290","2024-05-20T18:44:53.316Z","b","m"
"1.241900","831.33087710","2024-05-20T18:44:53.316Z","b","m"
"1.240200","1120.65745237","2024-05-20T18:48:46.685Z","b","m"
"1.240300","806.28139556","2024-05-20T18:48:46.685Z","b","m"
"1.240600","179.44231662","2024-05-20T18:48:46.685Z","b","m"
"1.235000","630.00000000","2024-05-20T19:06:50.505Z","b","l"
"1.235000","809.71472634","2024-05-20T19:06:51.031Z","b","l"
"1.235000","630.00000000","2024-05-20T19:06:54.424Z","b","l"
"1.234900","70.00000000","2024-05-20T19:11:29.538Z","s","l"
"1.232800","484.77013815","2024-05-20T19:14:56.468Z","s","m"
"1.234400","810.08739000","2024-05-20T19:18:02.074Z","s","l"
"1.234100","576.53502450","2024-05-20T19:18:02.074Z","s","l"
"1.234100","630.00000000","2024-05-20T19:20:25.138Z","b","l"
"1.234100","810.29827791","2024-05-20T19:20:29.824Z","b","l"
"1.234100","810.29827791","2024-05-20T19:20:30.933Z","b","l"
"1.234100","200.00000000","2024-05-20T19:20:41.490Z","b","l"
"1.234100","809.99902163","2024-05-20T19:20:41.511Z","b","l"
"1.234100","810.18399237","2024-05-20T19:20:41.511Z","b","l"
"1.234100","16356.66847781","2024-05-20T19:20:41.558Z","b","l"
"1.235000","1260.00000000","2024-05-20T19:20:48.575Z","b","l"
"1.235000","200.00000000","2024-05-20T19:21:03.327Z","b","l"
"1.235000","809.61985057","2024-05-20T19:21:03.336Z","b","l"
"1.235000","404.40000000","2024-05-20T19:21:03.400Z","b","l"
"1.235000","809.60467110","2024-05-20T19:21:03.672Z","b","l"
"1.235000","809.58264454","2024-05-20T19:21:03.990Z","b","l"
"1.235000","1260.00000000","2024-05-20T19:21:04.020Z","b","l"
"1.235000","2019.69187532","2024-05-20T19:21:04.021Z","b","l"
"1.235000","12171.45669426","2024-05-20T19:21:04.027Z","b","l"
"1.242200","8.22931144","2024-05-20T19:22:18.153Z","b","l"
"1.245200","168.87013868","2024-05-20T19:22:23.991Z","b","l"
"1.247800","5.38681368","2024-05-20T19:23:08.049Z","b","l"
"1.248400","8.18810839","2024-05-20T19:23:14.033Z","b","l"
"1.250500","202.94015694","2024-05-20T19:23:39.834Z","b","l"
"1.253700","14.35865741","2024-05-20T19:23:53.220Z","b","l"
"1.254600","16.05994878","2024-05-20T19:23:53.926Z","b","l"
"1.254800","8.14666126","2024-05-20T19:23:53.953Z","b","l"
"1.256500","14.35865741","2024-05-20T19:24:36.116Z","b","l"
"1.258900","36.01653368","2024-05-20T19:25:08.512Z","s","l"
"1.259100","794.16340903","2024-05-20T19:25:22.313Z","s","l"
"1.258900","480.04649097","2024-05-20T19:25:22.450Z","b","l"
"1.260000","4.17999999","2024-05-20T19:25:33.700Z","b","l"
"1.261100","8.10563164","2024-05-20T19:25:36.011Z","b","l"
"1.265000","26.51850000","2024-05-20T19:26:26.002Z","s","l"
"1.263500","15.80031658","2024-05-20T19:28:34.039Z","b","l"
"1.267500","8.06501321","2024-05-20T19:29:39.852Z","b","l"
"1.269400","12.95150898","2024-05-20T19:30:06.839Z","b","l"
"1.269500","202.94015694","2024-05-20T19:30:06.839Z","b","l"
"1.271100","244.24341831","2024-05-20T19:30:13.156Z","b","l"
"1.273300","16.05994878","2024-05-20T19:31:02.060Z","b","l"
"1.273900","8.02416479","2024-05-20T19:32:05.133Z","b","l"
"1.278500","78.27789000","2024-05-20T19:33:37.399Z","b","m"
"1.276400","202.19993529","2024-05-20T19:34:51.635Z","s","m"
"1.276400","78.92659826","2024-05-20T19:34:51.635Z","s","m"
"1.276400","125.00000000","2024-05-20T19:34:51.635Z","s","m"
"1.278900","12.95150898","2024-05-20T19:35:05.186Z","b","l"
"1.279000","51.18345397","2024-05-20T19:35:05.603Z","b","l"
"1.280400","7.98372804","2024-05-20T19:35:26.981Z","b","l"
"1.280600","107.51347034","2024-05-20T19:35:54.891Z","b","l"
"1.281300","24.78446307","2024-05-20T19:36:00.456Z","b","l"
"1.281800","49.07975461","2024-05-20T19:36:00.865Z","b","l"
"1.282500","72.85856814","2024-05-20T19:36:05.950Z","b","l"
"1.281800","491.29707877","2024-05-20T19:39:06.949Z","s","l"
"1.281100","430.45370600","2024-05-20T19:39:14.548Z","s","l"
"1.275000","28.00000000","2024-05-20T19:40:36.807Z","s","l"
"1.275000","28.00000000","2024-05-20T19:40:36.817Z","s","l"
"1.275000","36.00000000","2024-05-20T19:40:36.861Z","s","l"
"1.275800","11.82559962","2024-05-20T19:40:41.966Z","b","l"
"1.274900","1120.65745237","2024-05-20T19:41:02.920Z","b","l"
"1.274900","207.29794763","2024-05-20T19:41:02.920Z","b","l"
"1.271300","429.04930131","2024-05-20T19:42:30.146Z","b","l"
"1.271600","482.02926408","2024-05-20T19:42:30.146Z","b","l"
"1.274300","26.09930460","2024-05-20T19:42:35.656Z","b","m"
"1.277500","593.96531242","2024-05-20T19:44:17.118Z","b","l"
"1.278000","549.95752003","2024-05-20T19:44:24.625Z","s","l"
"1.278200","25.93063568","2024-05-20T19:44:38.508Z","b","m"
"1.279000","990.00000000","2024-05-20T19:46:22.899Z","s","l"
"1.285400","75.01832842","2024-05-20T19:47:24.745Z","b","m"
"1.285700","777.82450294","2024-05-20T19:47:24.745Z","b","m"
"1.286000","450.99921010","2024-05-20T19:47:24.745Z","b","m"
"1.286100","1166.39963041","2024-05-20T19:47:24.745Z","b","m"
"1.286800","7.94369682","2024-05-20T19:47:24.745Z","b","m"
"1.286800","404.40000000","2024-05-20T19:47:24.745Z","b","m"
"1.287500","156.20333981","2024-05-20T19:47:24.745Z","b","m"
"1.279900","479.69328668","2024-05-20T19:48:58.753Z","s","l"
"1.280000","29.34281674","2024-05-20T19:49:58.898Z","b","m"
"1.280800","1000.00000000","2024-05-20T19:50:21.389Z","b","l"
"1.282300","29.34281674","2024-05-20T19:50:30.710Z","s","m"
"1.282300","1120.65745237","2024-05-20T19:51:19.011Z","b","m"
"1.282400","779.81537227","2024-05-20T19:51:19.011Z","b","m"
"1.282800","34.63433748","2024-05-20T19:51:19.011Z","b","m"
"1.279700","611.70832280","2024-05-20T19:52:12.392Z","b","l"
"1.282400","68.30676000","2024-05-20T19:54:59.777Z","b","l"
"1.283300","506.16286137","2024-05-20T19:55:15.067Z","b","m"
"1.285000","310.91609803","2024-05-20T19:56:17.144Z","b","m"
"1.285200","1120.65745237","2024-05-20T19:56:17.144Z","b","m"
"1.285600","813.27544725","2024-05-20T19:56:17.144Z","b","m"
"1.285900","783.36466420","2024-05-20T19:56:17.144Z","b","m"
"1.285900","790.32231724","2024-05-20T19:56:17.144Z","b","m"
"1.285900","1340.12800191","2024-05-20T19:56:17.144Z","b","m"
"1.285900","450.71537445","2024-05-20T19:56:17.144Z","b","m"
"1.284100","610.30861574","2024-05-20T19:58:47.439Z","s","l"
"1.283600","632.74002690","2024-05-20T19:58:50.222Z","s","l"
"1.285400","355.09708898","2024-05-20T20:00:04.172Z","b","l"
"1.286900","1000.00000000","2024-05-20T20:00:13.865Z","b","l"
"1.284500","453.62547094","2024-05-20T20:01:49.385Z","s","l"
"1.284400","389.04450669","2024-05-20T20:03:17.731Z","b","l"
"1.284300","12.66890000","2024-05-20T20:03:26.491Z","b","l"
"1.281900","576.53502450","2024-05-20T20:05:00.803Z","s","m"
"1.281800","1120.65745237","2024-05-20T20:05:00.803Z","s","m"
"1.281600","627.22101530","2024-05-20T20:05:00.803Z","s","m"
"1.281900","1000.00000000","2024-05-20T20:05:09.669Z","b","l"
"1.284500","543.37452906","2024-05-20T20:05:33.804Z","b","l"
"1.276400","7.95324085","2024-05-20T20:08:33.960Z","s","l"
"1.273700","508.50109862","2024-05-20T20:14:09.644Z","s","l"
"1.274000","29.11447189","2024-05-20T20:15:02.379Z","b","l"
"1.280000","506.17057660","2024-05-20T20:18:20.686Z","b","l"
"1.280700","780.82239678","2024-05-20T20:19:32.971Z","s","l"
"1.280500","219.17760322","2024-05-20T20:19:32.971Z","s","l"
"1.280000","2166.85907317","2024-05-20T20:24:22.451Z","s","l"
"1.280000","770.81745881","2024-05-20T20:24:22.470Z","s","l"
"1.280000","2166.85907317","2024-05-20T20:24:22.482Z","s","l"
"1.280000","2166.85907317","2024-05-20T20:24:22.488Z","s","l"
"1.280000","728.60532168","2024-05-20T20:24:22.509Z","s","l"
"1.276800","783.20517266","2024-05-20T20:29:45.846Z","s","l"
"1.276700","216.79482734","2024-05-20T20:29:45.846Z","s","l"
"1.280000","500.00000000","2024-05-20T20:32:47.675Z","b","l"
"1.282000","606.98166202","2024-05-20T20:33:14.893Z","s","l"
"1.280700","1495.47163111","2024-05-20T20:34:34.140Z","b","l"
"1.281600","644.17096901","2024-05-20T20:34:34.703Z","b","l"
"1.282200","1000.00000000","2024-05-20T20:34:35.618Z","b","l"
"1.286800","7.94210640","2024-05-20T20:35:09.817Z","b","l"
"1.288800","576.53502450","2024-05-20T20:35:14.565Z","s","l"
"1.288700","775.95390175","2024-05-20T20:35:14.565Z","s","l"
"1.288600","1146.59271650","2024-05-20T20:35:14.565Z","s","l"
"1.288400","776.15647314","2024-05-20T20:35:14.565Z","s","l"
"1.288300","42.46478410","2024-05-20T20:35:14.571Z","b","l"
"1.284400","55.84250000","2024-05-20T20:41:47.368Z","s","l"
"1.286500","559.50845575","2024-05-20T20:43:21.660Z","b","l"
"1.288900","202.94015694","2024-05-20T20:44:34.284Z","b","l"
"1.288900","19.39638451","2024-05-20T20:44:34.284Z","b","l"
"1.286400","122.41939906","2024-05-20T20:45:02.505Z","s","l"
"1.286400","1118.89140094","2024-05-20T20:45:02.505Z","s","l"
"1.286700","31.60160000","2024-05-20T20:45:48.657Z","s","l"
"1.285600","574.50203231","2024-05-20T20:46:13.782Z","s","l"
"1.279000","6.05154683","2024-05-20T20:46:44.275Z","s","l"
"1.284800","9.15191000","2024-05-20T20:47:18.645Z","b","l"
"1.283700","778.98377275","2024-05-20T20:47:21.043Z","s","l"
"1.283300","464.17882725","2024-05-20T20:47:21.043Z","s","l"
"1.286600","777.23839880","2024-05-20T20:48:50.934Z","s","l"
"1.286400","467.78150120","2024-05-20T20:48:50.934Z","s","l"
"1.286300","165.00000000","2024-05-20T20:49:41.034Z","s","l"
"1.286300","20.30000000","2024-05-20T20:49:41.238Z","s","l"
"1.286300","399.90985856","2024-05-20T20:49:41.765Z","s","l"
"1.286100","230.09014144","2024-05-20T20:49:41.765Z","s","l"
"1.286900","777.05513001","2024-05-20T20:50:23.258Z","s","l"
"1.286600","468.58506999","2024-05-20T20:50:23.258Z","s","l"
"1.287100","585.20985856","2024-05-20T20:50:28.889Z","b","l"
"1.289900","775.19733224","2024-05-20T20:51:56.504Z","s","l"
"1.289800","463.65296776","2024-05-20T20:51:56.504Z","s","l"
"1.286600","777.22687762","2024-05-20T20:53:28.364Z","s","l"
"1.286400","465.93962238","2024-05-20T20:53:28.364Z","s","l"
"1.286100","313.45815728","2024-05-20T20:54:47.144Z","s","l"
"1.284100","1120.65745237","2024-05-20T20:55:00.981Z","s","l"
"1.284000","122.50514763","2024-05-20T20:55:00.981Z","s","l"
"1.287000","9.57835000","2024-05-20T20:57:02.945Z","b","l"
"1.276500","632.95604547","2024-05-20T21:02:36.323Z","b","l"
"1.276700","616.16584021","2024-05-20T21:02:36.381Z","b","l"
"1.277700","519.13131143","2024-05-20T21:08:12.277Z","s","l"
"1.277600","574.05827437","2024-05-20T21:08:15.275Z","s","l"
"1.277400","536.62526648","2024-05-20T21:08:18.528Z","s","l"
"1.276400","7.95324085","2024-05-20T21:08:28.117Z","s","l"
"1.282800","238.82591345","2024-05-20T21:17:55.535Z","s","l"
"1.282700","541.13099271","2024-05-20T21:18:56.973Z","s","l"
"1.278600","704.14998769","2024-05-20T21:25:26.988Z","b","l"
"1.278800","692.48902638","2024-05-20T21:25:28.503Z","b","l"
"1.281000","200.00000000","2024-05-20T21:32:53.267Z","b","l"
"1.286800","7.94210641","2024-05-20T21:35:58.146Z","b","l"
"1.283900","778.87494615","2024-05-20T21:48:43.176Z","s","l"
"1.283600","466.76535385","2024-05-20T21:48:43.176Z","s","l"
"1.287000","6.02035000","2024-05-20T21:51:08.817Z","b","l"
"1.292400","16.05994878","2024-05-20T21:55:04.644Z","b","l"
"1.292600","60.24447046","2024-05-20T21:55:04.718Z","b","l"
"1.293300","12.95150898","2024-05-20T21:55:17.035Z","b","l"
"1.293400","7.90344892","2024-05-20T21:55:17.071Z","b","l"
"1.294900","15.77735732","2024-05-20T21:55:40.422Z","b","l"
"1.293400","15.77934126","2024-05-20T21:57:05.648Z","b","l"
"1.292800","59.15683000","2024-05-20T22:04:43.045Z","s","l"
"1.292500","630.00000000","2024-05-20T22:05:55.411Z","s","l"
"1.292500","3480.29506952","2024-05-20T22:05:55.483Z","s","l"
"1.292200","1120.65745237","2024-05-20T22:10:09.863Z","b","m"
"1.292300","320.00000000","2024-05-20T22:10:09.863Z","b","m"
"1.292300","773.82326317","2024-05-20T22:10:09.863Z","b","m"
"1.292400","320.00000000","2024-05-20T22:10:09.863Z","b","m"
"1.292500","1160.87194760","2024-05-20T22:10:09.863Z","b","m"
"1.292800","521.51011941","2024-05-20T22:10:09.863Z","b","m"
"1.292800","907.03484894","2024-05-20T22:10:09.863Z","b","m"
"1.293900","1239.46450000","2024-05-20T22:13:33.934Z","b","l"
"1.291900","8.04050000","2024-05-20T22:23:31.430Z","s","l"
"1.290700","6.97296041","2024-05-20T22:36:56.645Z","s","l"
"1.292400","149.86816000","2024-05-20T22:48:47.977Z","b","l"
"1.288200","77.49467000","2024-05-20T22:58:59.072Z","b","l"
"1.291100","80.65565712","2024-05-20T23:04:17.894Z","b","l"
"1.285600","777.82872493","2024-05-20T23:08:32.754Z","s","m"
"1.285400","1120.65745237","2024-05-20T23:08:32.754Z","s","m"
"1.285300","778.02847584","2024-05-20T23:08:32.754Z","s","m"
"1.285000","576.53502450","2024-05-20T23:08:32.754Z","s","m"
"1.284900","532.00000000","2024-05-20T23:08:32.754Z","s","m"
"1.284900","532.00000000","2024-05-20T23:08:32.754Z","s","m"
"1.284800","806.84795385","2024-05-20T23:08:32.754Z","s","m"
"1.286000","43.47653804","2024-05-20T23:09:25.533Z","b","l"
"1.286100","777.55232954","2024-05-20T23:09:37.875Z","b","l"
"1.286300","472.44767046","2024-05-20T23:09:37.875Z","b","l"
"1.286700","10.30674000","2024-05-20T23:15:21.664Z","s","l"
"1.287400","776.74322851","2024-05-20T23:15:55.117Z","s","l"
"1.287100","459.61577149","2024-05-20T23:15:55.117Z","s","l"
"1.297000","247.91338625","2024-05-20T23:25:21.352Z","b","l"
"1.298100","215.00000000","2024-05-20T23:25:21.893Z","s","l"
"1.298600","21.00000000","2024-05-20T23:26:27.807Z","s","l"
"1.298600","15.00000000","2024-05-20T23:26:30.141Z","s","l"
"1.298400","11.00000000","2024-05-20T23:26:32.430Z","s","l"
"1.299300","215.00000000","2024-05-20T23:27:20.547Z","s","l"
"1.299300","155.00000000","2024-05-20T23:27:22.314Z","s","l"
"1.299500","215.00000000","2024-05-20T23:27:23.863Z","s","l"
"1.298000","215.00000000","2024-05-20T23:27:26.010Z","s","l"
"1.299300","215.00000000","2024-05-20T23:28:12.479Z","s","l"
"1.299400","159.00000000","2024-05-20T23:28:16.795Z","s","l"
"1.299500","114.00000000","2024-05-20T23:28:18.479Z","s","l"
"1.299100","82.00000000","2024-05-20T23:28:20.455Z","s","l"
"1.299200","59.00000000","2024-05-20T23:28:21.888Z","s","l"
"1.299400","43.00000000","2024-05-20T23:28:23.848Z","s","l"
"1.299300","31.00000000","2024-05-20T23:28:26.153Z","s","l"
"1.299400","22.00000000","2024-05-20T23:28:30.510Z","s","l"
"1.299500","16.00000000","2024-05-20T23:28:32.302Z","s","l"
"1.299400","11.00000000","2024-05-20T23:28:33.883Z","s","l"
"1.299900","7.86360680","2024-05-20T23:28:39.406Z","b","l"
"1.301300","215.00000000","2024-05-20T23:28:41.146Z","s","l"
"1.301300","215.00000000","2024-05-20T23:28:41.287Z","s","l"
"1.296300","5.13365797","2024-05-20T23:31:32.126Z","s","l"
"1.298100","77.03566751","2024-05-20T23:40:49.397Z","b","m"
"1.294900","225.60923000","2024-05-20T23:51:37.340Z","b","l"
"1.296800","389.04450669","2024-05-20T23:57:54.793Z","b","l"
"1.302400","214.00000000","2024-05-21T00:01:06.303Z","s","l"
"1.302500","214.00000000","2024-05-21T00:01:07.833Z","s","l"
"1.302200","214.00000000","2024-05-21T00:01:10.898Z","s","l"
"1.302200","528.00000000","2024-05-21T00:01:11.428Z","s","l"
"1.302600","214.00000000","2024-05-21T00:01:12.616Z","s","l"
"1.302400","155.00000000","2024-05-21T00:01:12.964Z","s","l"
"1.302300","215.00000000","2024-05-21T00:01:13.800Z","s","l"
"1.302400","214.00000000","2024-05-21T00:01:15.519Z","s","l"
"1.302400","155.00000000","2024-05-21T00:01:17.591Z","s","l"
"1.302200","215.00000000","2024-05-21T00:01:19.140Z","s","l"
"1.299800","384.23115346","2024-05-21T00:02:26.593Z","b","l"
"1.306500","7.82416438","2024-05-21T00:13:28.866Z","b","l"
"1.306700","45.46705201","2024-05-21T00:16:15.638Z","s","l"
"1.304600","7.66518473","2024-05-21T00:19:22.522Z","s","l"
"1.302000","77.08581146","2024-05-21T00:20:36.166Z","b","l"
"1.308500","202.94015694","2024-05-21T00:21:32.311Z","b","l"
"1.309500","330.03300000","2024-05-21T00:22:13.183Z","s","l"
"1.308600","120.82734105","2024-05-21T00:24:41.829Z","b","l"
"1.311700","16.05994878","2024-05-21T00:25:21.098Z","b","l"
"1.312800","4.00000000","2024-05-21T00:25:37.279Z","s","l"
"1.312900","6.97296041","2024-05-21T00:25:37.344Z","b","l"
"1.313100","7.78451792","2024-05-21T00:25:37.344Z","b","l"
"1.313100","711.78199053","2024-05-21T00:26:18.260Z","b","l"
"1.311200","11.43902997","2024-05-21T00:26:32.213Z","s","m"
"1.312700","213.00000000","2024-05-21T00:27:15.126Z","s","l"
"1.314400","760.79741112","2024-05-21T00:31:11.978Z","s","l"
"1.313900","457.52608888","2024-05-21T00:31:11.978Z","s","l"
"1.314500","11.40857926","2024-05-21T00:32:34.787Z","b","l"
"1.316600","24.72762216","2024-05-21T00:33:14.300Z","s","l"
"1.316600","24.72762216","2024-05-21T00:33:14.304Z","s","l"
"1.312200","6.83734711","2024-05-21T00:35:02.721Z","b","l"
"1.314100","384.23115346","2024-05-21T00:35:56.793Z","b","l"
"1.317000","4.00000000","2024-05-21T00:37:12.874Z","b","l"
"1.318000","8.51833309","2024-05-21T00:37:16.695Z","b","l"
"1.318200","23.60400000","2024-05-21T00:38:01.016Z","s","l"
"1.316600","379.76606410","2024-05-21T00:39:44.043Z","s","l"
"1.311400","449.47182749","2024-05-21T00:45:19.113Z","b","m"
"1.311500","1120.65745237","2024-05-21T00:45:19.113Z","b","m"
"1.311600","466.67692432","2024-05-21T00:45:19.113Z","b","m"
"1.311700","1120.65745237","2024-05-21T00:45:19.113Z","b","m"
"1.311800","762.32197998","2024-05-21T00:45:19.113Z","b","m"
"1.312200","762.13468408","2024-05-21T00:45:19.113Z","b","m"
"1.312400","676.00000000","2024-05-21T00:45:19.113Z","b","m"
"1.312400","676.00000000","2024-05-21T00:45:19.113Z","b","m"
"1.312400","385.70000000","2024-05-21T00:45:19.113Z","b","m"
"1.312800","636.75762624","2024-05-21T00:45:19.113Z","b","m"
"1.312200","213.00000000","2024-05-21T00:46:15.686Z","s","l"
"1.313100","112.00000000","2024-05-21T00:46:20.093Z","s","l"
"1.314200","112.00000000","2024-05-21T00:46:25.214Z","s","l"
"1.311900","213.00000000","2024-05-21T00:49:48.544Z","s","l"
"1.308000","246.37721750","2024-05-21T00:53:14.716Z","b","l"
"1.308400","620.08491910","2024-05-21T00:53:14.716Z","b","l"
"1.308400","101.00000000","2024-05-21T00:53:14.994Z","s","l"
"1.308400","73.00000000","2024-05-21T00:53:15.710Z","s","l"
"1.308400","52.00000000","2024-05-21T00:53:16.255Z","s","l"
"1.308400","38.00000000","2024-05-21T00:53:17.018Z","s","l"
"1.306500","11.48105626","2024-05-21T00:54:37.787Z","s","l"
"1.304200","6.90078209","2024-05-21T00:55:31.279Z","s","l"
"1.302500","7.79387072","2024-05-21T00:56:47.796Z","s","l"
"1.298400","215.00000000","2024-05-21T01:04:01.279Z","s","l"
"1.299100","35.67107592","2024-05-21T01:04:20.509Z","b","l"
"1.299300","120.00000000","2024-05-21T01:04:39.800Z","b","l"
"1.296700","215.00000000","2024-05-21T01:07:11.543Z","s","l"
"1.297100","100.00000000","2024-05-21T01:13:50.746Z","b","l"
"1.297100","50.00000000","2024-05-21T01:13:50.746Z","b","l"
"1.297100","500.00000000","2024-05-21T01:13:50.746Z","b","l"
"1.297100","500.00000000","2024-05-21T01:13:50.746Z","b","l"
"1.297100","350.00000000","2024-05-21T01:13:50.746Z","b","l"
"1.298800","15.39882969","2024-05-21T01:18:05.100Z","b","m"
"1.295900","7.83356479","2024-05-21T01:22:58.901Z","s","l"
"1.294200","216.00000000","2024-05-21T01:23:17.962Z","s","l"
"1.293600","216.00000000","2024-05-21T01:23:18.176Z","s","l"
"1.293300","13.91788449","2024-05-21T01:24:33.925Z","s","l"
"1.299600","15.69153104","2024-05-21T01:34:08.907Z","b","l"
"1.302400","283.26017000","2024-05-21T01:39:47.915Z","s","l"
"1.304600","766.50305129","2024-05-21T01:44:22.745Z","s","l"
"1.304400","353.81124871","2024-05-21T01:44:22.745Z","s","l"
"1.305800","630.00000000","2024-05-21T01:45:42.688Z","b","l"
"1.305800","1500.95118669","2024-05-21T01:45:42.690Z","b","l"
"1.306500","7.82259790","2024-05-21T01:45:42.703Z","b","l"
"1.308200","214.00000000","2024-05-21T01:53:18.634Z","s","l"
"1.307500","764.81835564","2024-05-21T01:54:06.030Z","b","l"
"1.307600","576.53502450","2024-05-21T01:54:06.030Z","b","l"
"1.307700","75.54717783","2024-05-21T01:54:06.030Z","b","l"
"1.307100","88.00000000","2024-05-21T01:54:41.035Z","b","m"
"1.305900","499.54763404","2024-05-21T01:55:21.559Z","b","l"
"1.306000","267.46668229","2024-05-21T01:55:21.559Z","b","l"
"1.308600","213.00000000","2024-05-21T02:05:18.547Z","s","l"
"1.308600","213.00000000","2024-05-21T02:05:18.806Z","s","l"
"1.304300","766.69188358","2024-05-21T02:14:14.181Z","s","l"
"1.305300","1120.65745237","2024-05-21T02:49:01.717Z","b","l"
"1.305400","107.84374763","2024-05-21T02:49:01.717Z","b","l"
"1.303500","214.00000000","2024-05-21T02:52:36.031Z","s","l"
"1.301300","313.00000000","2024-05-21T03:12:21.241Z","s","l"
"1.301200","46.00000000","2024-05-21T03:12:23.665Z","s","l"
"1.308300","764.34839707","2024-05-21T03:28:05.249Z","s","l"
"1.308100","456.95100293","2024-05-21T03:28:05.249Z","s","l"
"1.308900","4.18180000","2024-05-21T03:28:45.686Z","s","l"
"1.308300","180.08239340","2024-05-21T03:31:36.363Z","b","l"
"1.304900","235.19094032","2024-05-21T03:35:39.917Z","s","m"
"1.302000","141.47392731","2024-05-21T03:44:46.301Z","b","l"
"1.302000","539.26472846","2024-05-21T03:44:46.301Z","b","l"
"1.302100","550.78834423","2024-05-21T03:44:46.301Z","b","l"
"1.304900","766.34224844","2024-05-21T04:29:02.643Z","s","l"
"1.304900","454.31825156","2024-05-21T04:29:02.643Z","s","l"
"1.298300","61.42072120","2024-05-21T04:49:09.090Z","s","m"
"1.297400","138.57927880","2024-05-21T04:49:09.090Z","s","m"
"1.295900","7.83356479","2024-05-21T04:50:34.150Z","s","l"
"1.295500","771.91386381","2024-05-21T04:52:31.694Z","b","l"
"1.295700","100.71662747","2024-05-21T04:52:31.694Z","b","l"
"1.295700","363.76910872","2024-05-21T04:52:31.694Z","b","l"
"1.291000","8.36560805","2024-05-21T05:03:02.070Z","s","l"
"1.289400","7.87305461","2024-05-21T05:04:53.874Z","s","l"
"1.288300","16.28624607","2024-05-21T05:04:53.874Z","s","m"
"1.288000","61.99164393","2024-05-21T05:04:53.874Z","s","m"
"1.296600","1120.65745237","2024-05-21T05:21:16.925Z","s","l"
"1.296600","103.63244763","2024-05-21T05:21:16.925Z","s","l"
"1.296100","57.85251466","2024-05-21T05:23:56.613Z","b","l"
"1.303100","26.29627000","2024-05-21T05:31:00.120Z","b","l"
"1.302500","7.86203242","2024-05-21T05:36:28.935Z","s","l"
"1.301300","40.94685797","2024-05-21T05:36:41.190Z","b","l"
"1.306500","7.82259790","2024-05-21T05:40:11.871Z","b","l"
"1.309200","76.12500000","2024-05-21T06:03:54.915Z","b","l"
"1.310400","18.44191253","2024-05-21T06:06:01.922Z","s","m"
"1.311000","37.83639420","2024-05-21T06:06:19.383Z","b","m"
"1.311700","16.05994878","2024-05-21T06:06:46.182Z","b","l"
"1.313100","7.78295940","2024-05-21T06:07:08.070Z","b","l"
"1.313300","4.00000000","2024-05-21T06:13:56.903Z","b","l"
"1.311200","2.00000000","2024-05-21T06:14:55.511Z","s","m"
"1.313400","1120.65745237","2024-05-21T06:19:51.528Z","s","l"
"1.313300","96.47974763","2024-05-21T06:19:51.528Z","s","l"
"1.314000","149.15650656","2024-05-21T06:23:42.898Z","s","m"
"1.313500","14.99690000","2024-05-21T06:24:30.118Z","s","l"
"1.315000","12.56433460","2024-05-21T06:26:55.936Z","b","l"
"1.310900","1120.65745237","2024-05-21T06:40:27.698Z","b","l"
"1.311000","104.83264763","2024-05-21T06:40:27.698Z","b","l"
"1.308000","4.00000000","2024-05-21T07:05:51.629Z","s","m"
"1.306400","19.34327000","2024-05-21T07:09:01.003Z","s","l"
"1.302500","7.79387072","2024-05-21T07:14:12.591Z","s","l"
"1.309400","763.70323962","2024-05-21T07:29:08.018Z","s","l"
"1.309300","454.62030000","2024-05-21T07:30:43.876Z","s","l"
"1.306000","78.96776478","2024-05-21T08:01:31.349Z","b","l"
"1.306000","765.69961863","2024-05-21T08:01:31.349Z","b","l"
"1.306400","382.62761659","2024-05-21T08:01:31.349Z","b","l"
"1.301300","1120.65745237","2024-05-21T08:41:00.048Z","s","m"
"1.301200","598.99118481","2024-05-21T08:41:00.048Z","s","m"
"1.301100","768.57794329","2024-05-21T08:41:00.048Z","s","m"
"1.300900","560.60411696","2024-05-21T08:41:00.048Z","s","m"
"1.300900","382.00000000","2024-05-21T08:41:00.048Z","s","m"
"1.300800","768.75579745","2024-05-21T08:41:00.048Z","s","m"
"1.300700","801.53353703","2024-05-21T08:41:00.048Z","s","m"
"1.300500","2847.45460000","2024-05-21T08:41:00.048Z","s","m"
"1.300400","1153.47022483","2024-05-21T08:41:00.048Z","s","m"
"1.300400","2735.20803548","2024-05-21T08:41:00.048Z","s","m"
"1.304900","16.36157000","2024-05-21T08:52:36.680Z","s","l"
"1.302300","7.56524000","2024-05-21T09:00:00.188Z","b","l"
"1.301600","15.13862000","2024-05-21T09:24:00.040Z","b","l"
"1.299500","197.76837245","2024-05-21T09:33:27.095Z","b","m"
"1.297800","0.75907000","2024-05-21T09:38:54.035Z","b","l"
"1.295900","7.83356479","2024-05-21T10:03:42.973Z","s","l"
"1.295600","78.49785624","2024-05-21T10:04:46.106Z","b","l"
"1.298800","769.94361301","2024-05-21T10:21:42.961Z","b","m"
"1.299000","4.41024225","2024-05-21T10:21:42.961Z","b","m"
"1.299000","72.58177763","2024-05-21T10:21:42.961Z","b","m"
"1.298700","9.81844000","2024-05-21T10:22:27.257Z","s","l"
"1.297900","500.00000000","2024-05-21T10:34:01.692Z","b","m"
"1.298900","25.00000000","2024-05-21T11:23:43.324Z","s","l"
"1.299000","12.10799811","2024-05-21T11:23:48.388Z","b","l"
"1.299000","18.38079347","2024-05-21T11:23:48.388Z","b","l"
"1.302000","5.21149838","2024-05-21T11:56:01.857Z","b","l"
"1.301000","120.38929444","2024-05-21T11:57:58.450Z","b","l"
"1.301500","768.34491753","2024-05-21T11:57:58.450Z","b","l"
"1.301800","265.20070610","2024-05-21T11:57:58.450Z","b","l"
"1.297000","38.44865216","2024-05-21T12:03:33.131Z","b","l"
"1.305300","16.92325715","2024-05-21T12:26:56.517Z","b","l"
"1.297400","15.94290000","2024-05-21T12:38:15.139Z","b","l"
"1.301800","7.68167153","2024-05-21T12:44:03.250Z","s","l"
"1.304500","253.89786000","2024-05-21T12:47:37.899Z","s","l"
"1.306500","7.82259790","2024-05-21T12:57:11.327Z","b","l"
"1.309000","19.30508551","2024-05-21T13:00:16.820Z","b","l"
"1.312100","2439.79068104","2024-05-21T13:00:19.621Z","b","l"
"1.313100","7.78295939","2024-05-21T13:00:29.429Z","b","l"
"1.316800","759.44359832","2024-05-21T13:00:49.077Z","b","l"
"1.319000","22.19427022","2024-05-21T13:00:52.452Z","b","l"
"1.319800","3.74527127","2024-05-21T13:00:58.245Z","b","l"
"1.324600","20.30016608","2024-05-21T13:01:00.077Z","b","l"
"1.324700","22.10373725","2024-05-21T13:01:00.077Z","b","l"
"1.326400","7.70641835","2024-05-21T13:01:09.241Z","b","l"
"1.326900","43.47653804","2024-05-21T13:01:09.310Z","b","l"
"1.327100","36.80752000","2024-05-21T13:01:09.321Z","b","l"
"1.328400","202.94015694","2024-05-21T13:01:26.161Z","b","l"
"1.325600","754.34156730","2024-05-21T13:02:10.472Z","s","l"
"1.325200","454.55583270","2024-05-21T13:02:10.472Z","s","l"
"1.325300","16.99539173","2024-05-21T13:03:20.464Z","b","l"
"1.315700","7.71567730","2024-05-21T13:11:04.838Z","s","l"
"1.311300","7.89251000","2024-05-21T13:13:12.003Z","s","l"
"1.315000","5.33422818","2024-05-21T13:15:16.754Z","b","l"
"1.313800","14.18630000","2024-05-21T13:20:03.315Z","s","l"
"1.326400","7.70487544","2024-05-21T13:35:57.214Z","b","l"
"1.329600","77.41731338","2024-05-21T13:44:40.632Z","b","m"
"1.331100","10.01349568","2024-05-21T13:47:01.695Z","b","l"
"1.331200","16.05994878","2024-05-21T13:47:01.742Z","b","l"
"1.316800","1221.29940000","2024-05-21T13:51:23.269Z","s","l"
"1.315700","7.71567730","2024-05-21T13:51:28.127Z","s","l"
"1.318000","16.58331304","2024-05-21T13:56:03.272Z","b","l"
"1.323000","417.67752293","2024-05-21T14:05:16.422Z","b","l"
"1.323200","576.53502450","2024-05-21T14:13:35.288Z","s","l"
"1.323200","634.70527550","2024-05-21T14:13:35.288Z","s","l"
"1.322300","5.31390000","2024-05-21T14:14:57.685Z","s","l"
"1.320000","59.50857265","2024-05-21T14:19:39.286Z","b","l"
"1.318000","9.36905000","2024-05-21T14:22:14.302Z","b","l"
"1.319800","202.41000000","2024-05-21T14:32:19.184Z","s","m"
"1.326400","7.70487545","2024-05-21T14:35:39.282Z","b","l"
"1.324000","104.27231720","2024-05-21T14:38:19.076Z","b","m"
"1.324000","8.64968835","2024-05-21T14:38:19.076Z","b","m"
"1.324400","57.46400168","2024-05-21T14:38:19.076Z","b","m"
"1.321600","756.71109927","2024-05-21T14:41:49.185Z","b","l"
"1.321800","462.20650073","2024-05-21T14:41:49.185Z","b","l"
"1.317900","72.66829000","2024-05-21T14:43:24.750Z","s","l"
"1.316900","78.00000000","2024-05-21T14:45:48.665Z","b","l"
"1.315700","7.71567730","2024-05-21T14:48:24.773Z","s","l"
"1.320000","8.32389000","2024-05-21T14:54:57.762Z","s","l"
"1.322900","1120.65745237","2024-05-21T15:00:31.085Z","b","m"
"1.323000","24.50778436","2024-05-21T15:00:31.085Z","b","m"
"1.323000","4.47015831","2024-05-21T15:00:31.085Z","b","m"
"1.323000","755.90203512","2024-05-21T15:00:31.085Z","b","m"
"1.323300","576.53502450","2024-05-21T15:00:31.085Z","b","m"
"1.323300","755.69936017","2024-05-21T15:00:31.085Z","b","m"
"1.323900","1133.09522601","2024-05-21T15:00:31.085Z","b","m"
"1.324000","334.12469376","2024-05-21T15:00:31.085Z","b","m"
"1.324100","2341.15662364","2024-05-21T15:00:31.085Z","b","m"
"1.324100","240.38571000","2024-05-21T15:00:31.085Z","b","m"
"1.324100","1186.45766636","2024-05-21T15:00:31.085Z","b","m"
"1.324100","378.30000000","2024-05-21T15:00:31.085Z","b","m"
"1.324200","1132.77189404","2024-05-21T15:00:31.085Z","b","m"
"1.324400","1353.80485208","2024-05-21T15:00:31.085Z","b","m"
"1.326400","7.70487545","2024-05-21T15:02:06.257Z","b","l"
"1.324600","29.18368718","2024-05-21T15:16:22.655Z","b","l"
"1.328300","714.36935547","2024-05-21T15:19:56.052Z","s","l"
"1.328200","491.61224453","2024-05-21T15:19:56.052Z","s","l"
"1.330000","751.87969924","2024-05-21T15:20:44.578Z","s","l"
"1.329900","472.29660000","2024-05-21T15:23:11.274Z","s","l"
"1.327200","35.67107592","2024-05-21T15:34:10.931Z","s","l"
"1.326900","753.63593626","2024-05-21T15:37:36.513Z","s","m"
"1.326600","177.99325991","2024-05-21T15:37:36.513Z","s","m"
"1.321600","395.40021000","2024-05-21T15:43:03.566Z","b","l"
"1.315700","7.71567730","2024-05-21T15:49:41.969Z","s","l"
"1.309100","7.75457690","2024-05-21T15:53:21.825Z","s","l"
"1.307500","16.28565033","2024-05-21T15:55:26.001Z","s","l"
"1.306600","29.60806347","2024-05-21T15:55:26.922Z","s","l"
"1.306000","10.12364413","2024-05-21T15:55:36.257Z","s","l"
"1.304700","206.21333063","2024-05-21T15:55:42.086Z","s","l"
"1.302500","7.79387072","2024-05-21T15:55:48.484Z","s","l"
"1.301600","25.33758451","2024-05-21T15:55:51.840Z","b","l"
"1.304300","568.96159153","2024-05-21T15:57:41.295Z","b","l"
"1.297500","3.73198000","2024-05-21T16:01:53.044Z","b","l"
"1.309800","7.68167153","2024-05-21T16:04:55.549Z","s","l"
"1.311600","170.38600723","2024-05-21T16:09:06.384Z","s","m"
"1.312200","0.75082000","2024-05-21T16:09:17.032Z","b","l"
"1.311000","169.21892689","2024-05-21T16:10:39.586Z","b","m"
"1.311300","137.87516129","2024-05-21T16:10:39.586Z","b","m"
"1.313100","7.78295940","2024-05-21T16:17:11.013Z","b","l"
"1.311500","117.42279832","2024-05-21T16:54:06.950Z","s","l"
"1.311900","26.95392248","2024-05-21T16:57:48.542Z","s","l"
"1.310500","552.00000000","2024-05-21T17:11:59.965Z","b","l"
"1.310500","576.53502450","2024-05-21T17:11:59.965Z","b","l"
"1.310600","380.80000000","2024-05-21T17:11:59.965Z","b","l"
"1.310600","160.34296550","2024-05-21T17:11:59.965Z","b","l"
"1.309100","9.40484000","2024-05-21T17:14:34.808Z","b","l"
"1.313000","19.45984409","2024-05-21T17:17:07.619Z","b","m"
"1.313100","209.00862463","2024-05-21T17:17:07.619Z","b","m"
"1.317600","9.63375000","2024-05-21T17:19:31.157Z","s","l"
"1.317600","9.63375000","2024-05-21T17:19:31.163Z","s","l"
"1.319800","7.74372059","2024-05-21T17:21:02.021Z","b","l"
"1.317000","258.21640562","2024-05-21T17:59:46.801Z","b","m"
"1.317000","10.99777127","2024-05-21T17:59:46.801Z","b","m"
"1.317000","603.48673667","2024-05-21T17:59:46.801Z","b","m"
"1.317100","1120.65745237","2024-05-21T17:59:46.801Z","b","m"
"1.317300","392.00000000","2024-05-21T17:59:46.801Z","b","m"
"1.317400","759.08347769","2024-05-21T17:59:46.801Z","b","m"
"1.317700","829.50860742","2024-05-21T17:59:46.801Z","b","m"
"1.317400","464.46377839","2024-05-21T17:59:59.645Z","b","l"
"1.317400","295.32404807","2024-05-21T18:00:06.480Z","s","l"
"1.309100","7.74209000","2024-05-21T18:31:23.410Z","s","l"
"1.310900","389.27454000","2024-05-21T19:08:02.193Z","s","l"
"1.309100","0.01248690","2024-05-21T19:15:37.823Z","s","l"
"1.302500","7.79387072","2024-05-21T19:27:12.694Z","s","l"
"1.295900","7.83356479","2024-05-21T19:28:39.815Z","s","l"
"1.290700","126.91638267","2024-05-21T19:32:07.675Z","s","m"
"1.289400","7.87305461","2024-05-21T19:34:15.173Z","s","l"
"1.288900","16.75197446","2024-05-21T19:34:15.184Z","s","l"
"1.296800","228.46846872","2024-05-21T19:38:16.150Z","s","m"
"1.299900","7.86203242","2024-05-21T20:04:06.379Z","b","l"
"1.306500","7.82259790","2024-05-21T20:16:00.994Z","b","l"
"1.306800","19.39177210","2024-05-21T20:16:00.994Z","b","l"