"price","volume","time","side"
"0.06080000","4.79000000","2024-06-14T23:51:36.890Z","buy"
"0.06090000","3048.96000000","2024-06-14T23:50:34.563Z","sell"
"0.06090000","60.60000000","2024-06-14T23:50:34.563Z","sell"
"0.06080000","131.24000000","2024-06-14T23:50:34.563Z","sell"
"0.06080000","60.60000000","2024-06-14T23:50:34.563Z","sell"
"0.06070000","823.72000000","2024-06-14T23:50:34.563Z","sell"
"0.06070000","735.37000000","2024-06-14T23:50:34.563Z","sell"
"0.06070000","60.60000000","2024-06-14T23:50:34.563Z","sell"
"0.06060000","9.88000000","2024-06-14T23:49:04.653Z","buy"
"0.06040000","8781.63000000","2024-06-14T23:45:09.159Z","buy"
"0.06040000","35.74000000","2024-06-14T23:45:09.159Z","buy"
"0.06040000","60.00000000","2024-06-14T23:45:09.159Z","buy"
"0.06050000","1652.24000000","2024-06-14T23:45:09.159Z","buy"
"0.06050000","5196.97000000","2024-06-14T23:45:09.159Z","buy"
"0.06050000","734.13000000","2024-06-14T23:45:09.159Z","buy"
"0.06050000","60.00000000","2024-06-14T23:45:09.159Z","buy"
"0.06060000","941.17000000","2024-06-14T23:45:09.159Z","buy"
"0.06060000","60.00000000","2024-06-14T23:45:09.159Z","buy"
"0.06070000","823.08000000","2024-06-14T23:45:09.159Z","buy"
"0.06090000","82.53000000","2024-06-14T23:45:09.159Z","buy"
"0.06090000","299.23000000","2024-06-14T23:45:09.159Z","buy"
"0.06090000","9.39000000","2024-06-14T23:35:15.471Z","buy"
"0.06090000","6.23000000","2024-06-14T23:33:29.836Z","buy"
"0.06090000","7.03000000","2024-06-14T23:30:20.911Z","buy"
"0.06090000","4.37000000","2024-06-14T23:29:13.903Z","buy"
"0.06080000","332.53000000","2024-06-14T23:26:38.627Z","buy"
"0.06090000","383.37000000","2024-06-14T23:26:38.627Z","buy"
"0.06070000","1009.73000000","2024-06-14T23:23:44.839Z","buy"
"0.06070000","60.00000000","2024-06-14T23:23:44.839Z","buy"
"0.06080000","1882.34000000","2024-06-14T23:23:44.839Z","buy"
"0.06080000","715.35000000","2024-06-14T23:23:44.839Z","buy"
"0.06080000","13.57000000","2024-06-14T23:23:44.839Z","buy"
"0.06090000","33.73000000","2024-06-14T23:23:44.839Z","buy"
"0.06090000","60.00000000","2024-06-14T23:23:44.839Z","buy"
"0.06100000","819.53000000","2024-06-14T23:23:44.839Z","buy"
"0.06110000","349.49000000","2024-06-14T23:23:44.839Z","buy"
"0.06100000","723.58000000","2024-06-14T23:16:16.216Z","buy"
"0.06110000","349.49000000","2024-06-14T23:16:16.216Z","buy"
"0.06120000","101.16000000","2024-06-14T23:00:39.853Z","sell"
"0.06120000","60.60000000","2024-06-14T23:00:39.853Z","sell"
"0.06090000","6.36000000","2024-06-14T22:56:56.877Z","buy"
"0.06080000","46.43000000","2024-06-14T22:56:18.071Z","buy"
"0.06090000","60.00000000","2024-06-14T22:56:18.071Z","buy"
"0.06100000","818.94000000","2024-06-14T22:56:18.071Z","buy"
"0.06100000","741.02000000","2024-06-14T22:56:18.071Z","buy"
"0.06110000","356.52000000","2024-06-14T22:56:18.071Z","buy"
"0.06120000","210.29000000","2024-06-14T22:54:44.996Z","sell"
"0.06110000","4.74000000","2024-06-14T22:54:20.654Z","buy"
"0.06110000","654.05000000","2024-06-14T22:52:08.105Z","buy"
"0.06120000","49.98000000","2024-06-14T22:52:08.105Z","buy"
"0.06120000","333.62000000","2024-06-14T22:52:08.105Z","buy"
"0.06130000","0.23000000","2024-06-14T22:49:37.697Z","sell"
"0.06130000","38.76000000","2024-06-14T22:31:12.152Z","sell"
"0.06130000","15.96000000","2024-06-14T22:28:19.666Z","sell"
"0.06100000","1411.00000000","2024-06-14T22:27:22.929Z","buy"
"0.06100000","60.00000000","2024-06-14T22:27:22.929Z","buy"
"0.06110000","3764.69000000","2024-06-14T22:27:22.929Z","buy"
"0.06110000","60.00000000","2024-06-14T22:27:22.929Z","buy"
"0.06120000","97.47000000","2024-06-14T22:27:22.929Z","buy"
"0.06120000","60.00000000","2024-06-14T22:27:22.929Z","buy"
"0.06130000","815.56000000","2024-06-14T22:27:22.929Z","buy"
"0.06130000","56.21000000","2024-06-14T22:27:22.929Z","buy"
"0.06140000","724.75000000","2024-06-14T22:27:22.929Z","buy"
"0.06140000","115.07000000","2024-06-14T22:27:22.929Z","buy"
"0.06140000","225.49000000","2024-06-14T22:27:22.929Z","buy"
"0.06140000","106.43000000","2024-06-14T22:17:40.487Z","buy"
"0.06140000","742.79000000","2024-06-14T22:17:40.487Z","buy"
"0.06150000","369.90000000","2024-06-14T22:16:58.891Z","sell"
"0.06150000","322.49000000","2024-06-14T22:10:27.150Z","sell"
"0.06140000","3.09000000","2024-06-14T22:08:18.125Z","buy"
"0.06140000","6.43000000","2024-06-14T22:04:31.887Z","buy"
"0.06140000","7.97000000","2024-06-14T22:01:02.028Z","buy"
"0.06140000","6.36000000","2024-06-14T22:00:19.242Z","buy"
"0.06150000","425.98000000","2024-06-14T21:59:41.976Z","sell"
"0.06130000","3.79000000","2024-06-14T21:57:10.997Z","buy"
"0.06140000","483.09000000","2024-06-14T21:49:51.832Z","sell"
"0.06150000","796.74000000","2024-06-14T21:47:10.733Z","sell"
"0.06140000","814.33000000","2024-06-14T21:47:10.733Z","sell"
"0.06150000","740.40000000","2024-06-14T21:46:09.987Z","buy"
"0.06150000","611.91000000","2024-06-14T21:44:10.343Z","buy"
"0.06150000","370.56000000","2024-06-14T21:44:10.343Z","buy"
"0.06160000","717.53000000","2024-06-14T21:44:10.343Z","buy"
"0.06170000","740.00000000","2024-06-14T21:42:54.892Z","buy"
"0.06180000","731.63000000","2024-06-14T21:42:23.111Z","buy"
"0.06180000","291.07000000","2024-06-14T21:40:58.022Z","sell"
"0.06180000","35.74000000","2024-06-14T21:40:58.022Z","sell"
"0.06180000","60.00000000","2024-06-14T21:40:58.022Z","sell"
"0.06170000","60.00000000","2024-06-14T21:40:58.022Z","sell"
"0.06170000","2580.63000000","2024-06-14T21:40:58.022Z","sell"
"0.06170000","3243.40000000","2024-06-14T21:40:58.022Z","sell"
"0.06160000","3848.95000000","2024-06-14T21:40:58.022Z","sell"
"0.06160000","60.00000000","2024-06-14T21:40:58.022Z","sell"
"0.06150000","1063.75000000","2024-06-14T21:40:58.022Z","sell"
"0.06150000","134.73000000","2024-06-14T21:40:58.022Z","sell"
"0.06150000","60.00000000","2024-06-14T21:40:58.022Z","sell"
"0.06140000","1629.44000000","2024-06-14T21:40:58.022Z","sell"
"0.06140000","60.00000000","2024-06-14T21:40:58.022Z","sell"
"0.06130000","741.07000000","2024-06-14T21:40:58.022Z","sell"
"0.06130000","60.00000000","2024-06-14T21:40:58.022Z","sell"
"0.06120000","60.00000000","2024-06-14T21:40:58.022Z","sell"
"0.06110000","818.49000000","2024-06-14T21:40:58.022Z","sell"
"0.06110000","8.33000000","2024-06-14T21:39:40.103Z","buy"
"0.06110000","810.00000000","2024-06-14T21:39:40.100Z","buy"
"0.06100000","819.40000000","2024-06-14T21:38:06.311Z","buy"
"0.06100000","733.89000000","2024-06-14T21:37:59.488Z","buy"
"0.06100000","366.11000000","2024-06-14T21:37:59.488Z","buy"
"0.06110000","810.00000000","2024-06-14T21:37:39.931Z","buy"
"0.06100000","810.00000000","2024-06-14T21:37:03.209Z","buy"
"0.06100000","810.00000000","2024-06-14T21:35:09.117Z","buy"
"0.06100000","810.00000000","2024-06-14T21:34:47.843Z","buy"
"0.06100000","692.31000000","2024-06-14T21:34:32.176Z","buy"
"0.06100000","807.69000000","2024-06-14T21:34:32.176Z","buy"
"0.06100000","8.31000000","2024-06-14T21:33:37.632Z","buy"
"0.06100000","3.27000000","2024-06-14T21:32:51.368Z","buy"
"0.06100000","810.00000000","2024-06-14T21:32:44.275Z","buy"
"0.06100000","800.00000000","2024-06-14T21:32:22.883Z","buy"
"0.06100000","280.65000000","2024-06-14T21:31:54.326Z","buy"
"0.06100000","819.35000000","2024-06-14T21:31:54.326Z","buy"
"0.06100000","810.00000000","2024-06-14T21:30:41.168Z","buy"
"0.06100000","810.00000000","2024-06-14T21:30:19.689Z","buy"
"0.06100000","810.00000000","2024-06-14T21:30:07.873Z","buy"
"0.06100000","800.00000000","2024-06-14T21:29:44.048Z","buy"
"0.06100000","800.00000000","2024-06-14T21:29:30.605Z","buy"
"0.06100000","810.00000000","2024-06-14T21:29:16.206Z","buy"
"0.06100000","800.00000000","2024-06-14T21:28:44.674Z","buy"
"0.06100000","813.52000000","2024-06-14T21:28:29.392Z","buy"
"0.06100000","16.48000000","2024-06-14T21:28:29.392Z","buy"
"0.06110000","800.00000000","2024-06-14T21:28:12.859Z","buy"
"0.06100000","800.00000000","2024-06-14T21:27:57.808Z","buy"
"0.06100000","21.22000000","2024-06-14T21:27:44.268Z","buy"
"0.06100000","818.78000000","2024-06-14T21:27:44.268Z","buy"
"0.06100000","704.79000000","2024-06-14T21:27:23.041Z","buy"
"0.06100000","95.21000000","2024-06-14T21:27:23.041Z","buy"
"0.06110000","281.67000000","2024-06-14T21:26:48.310Z","buy"
"0.06110000","818.33000000","2024-06-14T21:26:48.310Z","buy"
"0.06110000","654.72000000","2024-06-14T21:26:32.186Z","buy"
"0.06110000","345.28000000","2024-06-14T21:26:32.186Z","buy"
"0.06110000","3.78000000","2024-06-14T21:26:31.669Z","buy"
"0.06110000","284.80000000","2024-06-14T21:25:43.578Z","sell"
"0.06110000","35.00000000","2024-06-14T21:25:43.578Z","sell"
"0.06110000","60.60000000","2024-06-14T21:25:43.578Z","sell"
"0.06100000","60.60000000","2024-06-14T21:25:43.578Z","sell"
"0.06090000","441.00000000","2024-06-14T21:25:43.209Z","buy"
"0.06090000","60.60000000","2024-06-14T21:25:42.894Z","sell"
"0.06070000","1649.46000000","2024-06-14T21:25:42.894Z","sell"
"0.06070000","3995.42000000","2024-06-14T21:25:42.894Z","sell"
"0.06070000","60.60000000","2024-06-14T21:25:42.894Z","sell"
"0.06060000","315.18000000","2024-06-14T21:25:42.894Z","sell"
"0.06060000","60.60000000","2024-06-14T21:25:42.894Z","sell"
"0.06050000","827.06000000","2024-06-14T21:25:42.894Z","sell"
"0.06050000","60.60000000","2024-06-14T21:25:42.894Z","sell"
"0.06040000","729.82000000","2024-06-14T21:25:42.894Z","sell"
"0.06030000","6.89000000","2024-06-14T21:23:18.513Z","buy"
"0.06020000","245.37000000","2024-06-14T21:18:01.430Z","sell"
"0.06020000","679.84000000","2024-06-14T21:18:01.430Z","sell"
"0.06010000","311.12000000","2024-06-14T21:14:48.709Z","buy"
"0.06010000","8.88000000","2024-06-14T21:14:48.709Z","buy"
"0.06010000","318.01000000","2024-06-14T21:14:26.918Z","buy"
"0.06010000","1.99000000","2024-06-14T21:14:26.918Z","buy"
"0.06010000","380.00000000","2024-06-14T21:14:12.375Z","buy"
"0.06010000","319.40000000","2024-06-14T21:13:28.344Z","buy"
"0.06010000","0.60000000","2024-06-14T21:13:28.344Z","buy"
"0.06010000","340.00000000","2024-06-14T21:13:06.944Z","buy"
"0.06010000","336.11000000","2024-06-14T21:12:51.235Z","buy"
"0.06010000","3.89000000","2024-06-14T21:12:51.235Z","buy"
"0.06010000","360.38000000","2024-06-14T21:12:33.681Z","buy"
"0.06010000","9.62000000","2024-06-14T21:12:33.681Z","buy"
"0.06020000","16.45000000","2024-06-14T21:12:19.716Z","sell"
"0.06010000","317.26000000","2024-06-14T21:12:18.075Z","buy"
"0.06010000","2.74000000","2024-06-14T21:12:18.075Z","buy"
"0.06010000","340.00000000","2024-06-14T21:11:43.071Z","buy"
"0.06010000","369.27000000","2024-06-14T21:10:57.220Z","buy"
"0.06010000","831.94000000","2024-06-14T21:09:10.110Z","buy"
"0.06010000","10000.00000000","2024-06-14T21:09:10.110Z","buy"
"0.06010000","170.49000000","2024-06-14T21:09:10.110Z","buy"
"0.06010000","613.74000000","2024-06-14T21:09:10.110Z","buy"
"0.06010000","394.32000000","2024-06-14T21:09:10.110Z","buy"
"0.06010000","30.14000000","2024-06-14T21:09:10.110Z","buy"
"0.06010000","4.86000000","2024-06-14T20:51:35.127Z","buy"
"0.06010000","2.45000000","2024-06-14T20:51:35.127Z","buy"
"0.06010000","33.08000000","2024-06-14T20:50:18.442Z","buy"
"0.06020000","32.37000000","2024-06-14T20:49:36.082Z","sell"
"0.06010000","4.19000000","2024-06-14T20:37:14.676Z","buy"
"0.06010000","5.03000000","2024-06-14T20:35:53.937Z","buy"
"0.06010000","3.63000000","2024-06-14T20:27:28.242Z","buy"
"0.06010000","1.21000000","2024-06-14T20:26:04.554Z","buy"
"0.06010000","1.21000000","2024-06-14T20:21:26.230Z","buy"
"0.06010000","6.78000000","2024-06-14T20:21:25.686Z","buy"
"0.06010000","2.42000000","2024-06-14T20:20:05.027Z","buy"
"0.06040000","80.04000000","2024-06-14T20:11:07.141Z","sell"
"0.06030000","829.18000000","2024-06-14T20:11:07.141Z","sell"
"0.06030000","732.41000000","2024-06-14T20:11:07.141Z","sell"
"0.06020000","4.75000000","2024-06-14T19:58:34.062Z","buy"
"0.06020000","6.73000000","2024-06-14T19:58:24.545Z","buy"
"0.06030000","16.58000000","2024-06-14T19:52:52.890Z","sell"
"0.06020000","176.49000000","2024-06-14T19:50:01.307Z","buy"
"0.06020000","60.00000000","2024-06-14T19:50:01.307Z","buy"
"0.06030000","1011.09000000","2024-06-14T19:32:09.973Z","buy"
"0.06030000","60.00000000","2024-06-14T19:32:09.973Z","buy"
"0.06070000","1476.13000000","2024-06-14T19:32:09.603Z","sell"
"0.06040000","3690.97000000","2024-06-14T19:32:09.458Z","buy"
"0.06040000","60.00000000","2024-06-14T19:32:09.458Z","buy"
"0.06050000","2547.23000000","2024-06-14T19:32:09.458Z","buy"
"0.06050000","1652.74000000","2024-06-14T19:32:09.458Z","buy"
"0.06060000","105.58000000","2024-06-14T19:32:09.458Z","buy"
"0.06070000","743.38000000","2024-06-14T19:32:09.458Z","buy"
"0.06080000","822.36000000","2024-06-14T19:32:09.458Z","buy"
"0.06080000","361.69000000","2024-06-14T19:32:09.458Z","buy"
"0.06080000","4.94000000","2024-06-14T19:31:43.455Z","buy"
"0.06050000","733.98000000","2024-06-14T19:25:21.455Z","buy"
"0.06050000","60.00000000","2024-06-14T19:25:21.455Z","buy"
"0.06060000","60.00000000","2024-06-14T19:25:21.455Z","buy"
"0.06070000","823.33000000","2024-06-14T19:25:21.455Z","buy"
"0.06070000","60.00000000","2024-06-14T19:25:21.455Z","buy"
"0.06080000","727.47000000","2024-06-14T19:25:21.455Z","buy"
"0.06080000","379.83000000","2024-06-14T19:25:21.455Z","buy"
"0.06080000","54.29000000","2024-06-14T19:25:21.455Z","buy"
"0.06090000","403.28000000","2024-06-14T19:20:27.602Z","sell"
"0.06090000","821.01000000","2024-06-14T19:20:27.602Z","sell"
"0.06080000","5.71000000","2024-06-14T19:16:50.188Z","buy"
"0.06090000","337.01000000","2024-06-14T19:15:56.134Z","buy"
"0.06090000","735.84000000","2024-06-14T19:15:56.134Z","buy"
"0.06100000","3888.64000000","2024-06-14T19:15:31.114Z","sell"
"0.06100000","47.02000000","2024-06-14T19:15:31.068Z","buy"
"0.06100000","331.60000000","2024-06-14T19:15:31.068Z","buy"
"0.06100000","9.66000000","2024-06-14T19:14:35.533Z","buy"
"0.06110000","3888.64000000","2024-06-14T19:13:29.154Z","sell"
"0.06110000","35.00000000","2024-06-14T19:13:29.154Z","sell"
"0.06110000","57.09000000","2024-06-14T19:13:29.154Z","sell"
"0.06100000","820.98000000","2024-06-14T19:13:29.154Z","sell"
"0.06100000","60.60000000","2024-06-14T19:13:29.154Z","sell"
"0.06090000","6.11000000","2024-06-14T19:10:29.957Z","buy"
"0.06090000","37.21000000","2024-06-14T19:08:33.979Z","buy"
"0.06090000","81.97000000","2024-06-14T19:08:10.305Z","buy"
"0.06090000","16625.42000000","2024-06-14T19:05:48.301Z","sell"
"0.06090000","732.72000000","2024-06-14T19:05:48.301Z","sell"
"0.06090000","60.60000000","2024-06-14T19:05:48.301Z","sell"
"0.06080000","1762.93000000","2024-06-14T19:05:48.301Z","sell"
"0.06080000","823.62000000","2024-06-14T19:05:48.301Z","sell"
"0.06080000","1116.41000000","2024-06-14T19:05:48.301Z","sell"
"0.06060000","770.00000000","2024-06-14T19:05:07.824Z","sell"
"0.06060000","2524.00000000","2024-06-14T19:05:07.758Z","sell"
"0.06080000","28854.18000000","2024-06-14T19:05:06.305Z","sell"
"0.06080000","60.60000000","2024-06-14T19:05:06.305Z","sell"
"0.06070000","2232.81000000","2024-06-14T19:05:06.305Z","sell"
"0.06070000","60.60000000","2024-06-14T19:05:06.305Z","sell"
"0.06060000","3300.64000000","2024-06-14T19:05:06.305Z","sell"
"0.06060000","60.00000000","2024-06-14T19:05:06.305Z","sell"
"0.06050000","6406.44000000","2024-06-14T19:05:06.305Z","sell"
"0.06050000","60.60000000","2024-06-14T19:05:06.305Z","sell"
"0.06030000","1658.80000000","2024-06-14T19:05:06.305Z","sell"
"0.06030000","60.60000000","2024-06-14T19:05:06.305Z","sell"
"0.06020000","3864.94000000","2024-06-14T19:05:06.305Z","sell"
"0.06020000","60.60000000","2024-06-14T19:05:06.305Z","sell"
"0.06010000","190.03000000","2024-06-14T19:05:06.305Z","sell"
"0.06010000","6769.42000000","2024-06-14T19:05:06.305Z","sell"
"0.06010000","831.94000000","2024-06-14T19:05:06.305Z","sell"
"0.06010000","484.25000000","2024-06-14T19:05:06.305Z","sell"
"0.06010000","72.91000000","2024-06-14T19:03:57.307Z","sell"
"0.06010000","3.75000000","2024-06-14T19:03:42.807Z","sell"
"0.06010000","69.06000000","2024-06-14T19:03:42.807Z","sell"
"0.06010000","16.64000000","2024-06-14T19:00:35.327Z","sell"
"0.06000000","6.48000000","2024-06-14T18:59:17.369Z","buy"
"0.06010000","0.10000000","2024-06-14T18:58:26.842Z","sell"
"0.06000000","5.64000000","2024-06-14T18:58:17.110Z","buy"
"0.06010000","16.64000000","2024-06-14T18:50:17.944Z","sell"
"0.06010000","82.36000000","2024-06-14T18:48:05.949Z","sell"
"0.06000000","4.16000000","2024-06-14T18:44:24.341Z","buy"
"0.06000000","7.29000000","2024-06-14T18:42:42.930Z","buy"
"0.06010000","507.37000000","2024-06-14T18:39:18.067Z","sell"
"0.06010000","16.63000000","2024-06-14T18:36:47.984Z","sell"
"0.06010000","10.00000000","2024-06-14T18:31:33.163Z","sell"
"0.06000000","6.44000000","2024-06-14T18:30:25.828Z","buy"
"0.06000000","6.65000000","2024-06-14T18:28:37.971Z","buy"
"0.05990000","3.94000000","2024-06-14T18:20:48.747Z","buy"
"0.05990000","9.07000000","2024-06-14T18:18:55.289Z","buy"
"0.06000000","16.67000000","2024-06-14T18:18:18.679Z","sell"
"0.05980000","4.48000000","2024-06-14T18:16:55.098Z","buy"
"0.05990000","3452.92000000","2024-06-14T18:14:24.859Z","buy"
"0.05990000","1667.65000000","2024-06-14T18:14:24.859Z","buy"
"0.05990000","60.00000000","2024-06-14T18:14:24.859Z","buy"
"0.06000000","60.00000000","2024-06-14T18:14:24.859Z","buy"
"0.06000000","1163.89000000","2024-06-14T18:14:24.859Z","buy"
"0.06010000","831.12000000","2024-06-14T18:14:24.859Z","buy"
"0.06010000","60.00000000","2024-06-14T18:14:24.859Z","buy"
"0.06010000","9333.23000000","2024-06-14T18:14:24.859Z","buy"
"0.06020000","95.80000000","2024-06-14T18:14:24.859Z","buy"
"0.06020000","4.34000000","2024-06-14T18:14:14.946Z","buy"
"0.06020000","6.14000000","2024-06-14T18:13:54.159Z","buy"
"0.06080000","1458.09000000","2024-06-14T18:12:43.329Z","sell"
"0.06010000","4369.96000000","2024-06-14T18:12:43.243Z","buy"
"0.06020000","2669.41000000","2024-06-14T18:12:43.243Z","buy"
"0.06020000","60.00000000","2024-06-14T18:12:43.243Z","buy"
"0.06020000","600.00000000","2024-06-14T18:12:43.243Z","buy"
"0.06030000","5079.43000000","2024-06-14T18:12:43.243Z","buy"
"0.06030000","3960.49000000","2024-06-14T18:12:43.243Z","buy"
"0.06030000","60.00000000","2024-06-14T18:12:43.243Z","buy"
"0.06040000","105.46000000","2024-06-14T18:12:43.243Z","buy"
"0.06040000","1655.36000000","2024-06-14T18:12:43.243Z","buy"
"0.06040000","60.00000000","2024-06-14T18:12:43.243Z","buy"
"0.06050000","60.00000000","2024-06-14T18:12:43.243Z","buy"
"0.06060000","362.36000000","2024-06-14T18:12:43.243Z","buy"
"0.06060000","719.51000000","2024-06-14T18:12:43.243Z","buy"
"0.06060000","824.61000000","2024-06-14T18:12:43.243Z","buy"
"0.06060000","60.00000000","2024-06-14T18:12:43.243Z","buy"
"0.06070000","60.00000000","2024-06-14T18:12:43.243Z","buy"
"0.06080000","275.18000000","2024-06-14T18:10:21.533Z","buy"
"0.06080000","724.82000000","2024-06-14T18:10:21.533Z","buy"
"0.06090000","380.09000000","2024-06-14T18:08:20.477Z","buy"
"0.06090000","749.80000000","2024-06-14T18:08:13.358Z","buy"
"0.06090000","328.20000000","2024-06-14T18:08:13.358Z","buy"
"0.06100000","1614.27000000","2024-06-14T18:05:23.371Z","sell"
"0.06090000","4.43000000","2024-06-14T18:03:58.372Z","buy"
"0.06090000","5.61000000","2024-06-14T18:02:57.753Z","buy"
"0.06090000","4.37000000","2024-06-14T18:00:50.432Z","buy"
"0.06100000","111.67000000","2024-06-14T18:00:31.752Z","buy"
"0.06100000","737.35000000","2024-06-14T18:00:31.752Z","buy"
"0.06100000","271.23000000","2024-06-14T18:00:31.752Z","buy"
"0.06100000","6.33000000","2024-06-14T18:00:27.838Z","buy"
"0.06100000","62.94000000","2024-06-14T17:58:38.155Z","buy"
"0.06110000","2.91000000","2024-06-14T17:54:36.525Z","sell"
"0.06100000","60.00000000","2024-06-14T17:54:36.525Z","sell"
"0.06090000","6.39000000","2024-06-14T17:50:20.462Z","buy"
"0.06090000","4.43000000","2024-06-14T17:49:24.714Z","buy"
"0.06090000","7.21000000","2024-06-14T17:45:20.367Z","buy"
"0.06070000","6.72000000","2024-06-14T17:38:01.541Z","buy"
"0.06090000","6164.93000000","2024-06-14T17:38:00.757Z","sell"
"0.06090000","60.00000000","2024-06-14T17:38:00.757Z","sell"
"0.06080000","3254.31000000","2024-06-14T17:38:00.757Z","sell"
"0.06080000","1647.03000000","2024-06-14T17:38:00.757Z","sell"
"0.06080000","60.00000000","2024-06-14T17:38:00.757Z","sell"
"0.06070000","3925.55000000","2024-06-14T17:38:00.757Z","sell"
"0.06070000","60.00000000","2024-06-14T17:38:00.757Z","sell"
"0.06060000","60.00000000","2024-06-14T17:38:00.757Z","sell"
"0.06050000","826.44000000","2024-06-14T17:38:00.757Z","sell"
"0.06050000","717.71000000","2024-06-14T17:38:00.757Z","sell"
"0.06050000","60.60000000","2024-06-14T17:38:00.757Z","sell"
"0.06040000","103.89000000","2024-06-14T17:37:35.549Z","sell"
"0.06040000","828.45000000","2024-06-14T17:37:35.549Z","sell"
"0.06030000","300.00000000","2024-06-14T17:37:35.549Z","sell"
"0.06030000","611.41000000","2024-06-14T17:37:35.549Z","sell"
"0.06030000","39.63000000","2024-06-14T17:37:35.549Z","sell"
"0.06020000","4.98000000","2024-06-14T17:36:42.685Z","buy"
"0.06030000","65.84000000","2024-06-14T17:33:53.111Z","sell"
"0.06030000","368.00000000","2024-06-14T17:31:54.818Z","sell"
"0.06030000","16.58000000","2024-06-14T17:28:48.453Z","sell"
"0.06030000","16.58000000","2024-06-14T17:27:58.617Z","sell"
"0.06030000","16.58000000","2024-06-14T17:27:51.327Z","sell"
"0.06030000","16.58000000","2024-06-14T17:27:43.744Z","sell"
"0.06030000","16.58000000","2024-06-14T17:27:39.262Z","sell"
"0.06030000","164.18000000","2024-06-14T17:22:03.210Z","sell"
"0.06010000","831.94000000","2024-06-14T17:07:34.516Z","sell"
"0.06010000","493.80000000","2024-06-14T17:07:34.516Z","sell"
"0.06010000","244.97000000","2024-06-14T17:07:34.516Z","sell"
"0.06000000","6.85000000","2024-06-14T17:04:41.417Z","buy"
"0.06000000","2973.01000000","2024-06-14T17:03:52.894Z","buy"
"0.06000000","35.00000000","2024-06-14T17:03:52.894Z","buy"
"0.06000000","1649.51000000","2024-06-14T17:03:52.894Z","buy"
"0.06000000","6.84000000","2024-06-14T17:02:11.698Z","buy"
"0.06010000","1.71000000","2024-06-14T17:01:14.572Z","sell"
"0.06000000","4.17000000","2024-06-14T16:56:47.555Z","buy"
"0.06000000","7.05000000","2024-06-14T16:54:55.985Z","buy"
"0.06010000","444.58000000","2024-06-14T16:53:57.912Z","sell"
"0.06010000","55.42000000","2024-06-14T16:53:57.912Z","sell"
"0.06010000","238.16000000","2024-06-14T16:52:34.454Z","sell"
"0.06010000","400.00000000","2024-06-14T16:49:40.679Z","sell"
"0.06010000","16.64000000","2024-06-14T16:49:11.011Z","sell"
"0.06000000","4.68000000","2024-06-14T16:48:46.413Z","buy"
"0.06000000","1178.33000000","2024-06-14T16:46:00.545Z","buy"
"0.06000000","104.10000000","2024-06-14T16:44:19.502Z","buy"
"0.06000000","4.45000000","2024-06-14T16:44:02.293Z","buy"
"0.06010000","16.64000000","2024-06-14T16:42:38.002Z","sell"
"0.06020000","2056.31000000","2024-06-14T16:41:26.036Z","sell"
"0.06020000","739.96000000","2024-06-14T16:41:26.036Z","sell"
"0.06010000","723.91000000","2024-06-14T16:41:26.036Z","sell"
"0.06010000","0.45000000","2024-06-14T16:40:51.123Z","sell"
"0.06000000","40000.00000000","2024-06-14T16:40:25.514Z","buy"
"0.06000000","39924.96000000","2024-06-14T16:39:25.527Z","buy"
"0.06010000","60.00000000","2024-06-14T16:39:25.527Z","buy"
"0.06010000","35.00000000","2024-06-14T16:39:25.527Z","buy"
"0.06010000","414.93000000","2024-06-14T16:39:25.527Z","buy"
"0.06020000","37380.52000000","2024-06-14T16:39:25.527Z","buy"
"0.06020000","60.00000000","2024-06-14T16:39:25.527Z","buy"
"0.06030000","35592.22000000","2024-06-14T16:39:25.527Z","buy"
"0.06030000","9757.77000000","2024-06-14T16:39:25.527Z","buy"
"0.06030000","60.00000000","2024-06-14T16:39:25.527Z","buy"
"0.06040000","42540.12000000","2024-06-14T16:39:25.527Z","buy"
"0.06040000","60.00000000","2024-06-14T16:39:25.527Z","buy"
"0.06040000","35.74000000","2024-06-14T16:39:25.527Z","buy"
"0.06050000","6589.00000000","2024-06-14T16:39:25.527Z","buy"
"0.06050000","60.00000000","2024-06-14T16:39:25.527Z","buy"
"0.06050000","1000.00000000","2024-06-14T16:39:25.527Z","buy"
"0.06060000","60.00000000","2024-06-14T16:39:25.527Z","buy"
"0.06070000","4657.52000000","2024-06-14T16:39:25.527Z","buy"
"0.06070000","4029.32000000","2024-06-14T16:39:25.527Z","buy"
"0.06070000","60.00000000","2024-06-14T16:39:25.527Z","buy"
"0.06080000","103.62000000","2024-06-14T16:39:25.527Z","buy"
"0.06080000","60.00000000","2024-06-14T16:39:25.527Z","buy"
"0.06080000","1449.41000000","2024-06-14T16:39:25.527Z","buy"
"0.06090000","2084.50000000","2024-06-14T16:39:25.527Z","buy"
"0.06090000","326.52000000","2024-06-14T16:39:25.527Z","buy"
"0.06090000","60.00000000","2024-06-14T16:39:25.527Z","buy"
"0.06100000","727.85000000","2024-06-14T16:39:25.527Z","buy"
"0.06100000","60.00000000","2024-06-14T16:39:25.527Z","buy"
"0.06110000","60.00000000","2024-06-14T16:39:25.527Z","buy"
"0.06130000","346.07000000","2024-06-14T16:30:31.970Z","buy"
"0.06120000","5.81000000","2024-06-14T16:25:29.112Z","buy"
"0.06120000","7.37000000","2024-06-14T16:24:58.312Z","buy"
"0.06120000","6.43000000","2024-06-14T16:24:32.486Z","buy"
"0.06120000","82.36000000","2024-06-14T16:22:43.597Z","buy"
"0.06120000","8.48000000","2024-06-14T16:21:37.048Z","buy"
"0.06120000","512.48000000","2024-06-14T16:16:39.200Z","buy"
"0.06120000","60.00000000","2024-06-14T16:16:39.200Z","buy"
"0.06130000","60.00000000","2024-06-14T16:16:39.200Z","buy"
"0.06140000","376.51000000","2024-06-14T16:16:39.200Z","buy"
"0.06150000","25.93000000","2024-06-14T16:11:44.780Z","sell"
"0.06160000","15755.92000000","2024-06-14T16:11:44.750Z","sell"
"0.06160000","60.00000000","2024-06-14T16:11:44.750Z","sell"
"0.06150000","1626.71000000","2024-06-14T16:11:44.750Z","sell"
"0.06150000","747.26000000","2024-06-14T16:11:44.750Z","sell"
"0.06150000","60.00000000","2024-06-14T16:11:44.750Z","sell"
"0.06140000","44352.87000000","2024-06-14T16:11:44.750Z","sell"
"0.06130000","1486.70000000","2024-06-14T16:11:44.750Z","sell"
"0.06130000","816.94000000","2024-06-14T16:11:44.750Z","sell"
"0.06110000","6.97000000","2024-06-14T16:09:18.321Z","buy"
"0.06140000","21935.98000000","2024-06-14T16:06:57.407Z","sell"
"0.06140000","60.00000000","2024-06-14T16:06:57.407Z","sell"
"0.06130000","6228.66000000","2024-06-14T16:06:57.407Z","sell"
"0.06130000","60.00000000","2024-06-14T16:06:57.407Z","sell"
"0.06120000","816.99000000","2024-06-14T16:06:57.407Z","sell"
"0.06120000","60.60000000","2024-06-14T16:06:57.407Z","sell"
"0.06110000","4475.86000000","2024-06-14T16:00:58.069Z","buy"
"0.06100000","4035.64000000","2024-06-14T16:00:58.062Z","sell"
"0.06100000","820.79000000","2024-06-14T16:00:58.062Z","sell"
"0.06100000","7158.61000000","2024-06-14T16:00:58.062Z","sell"
"0.06090000","282.73000000","2024-06-14T16:00:58.062Z","sell"
"0.06090000","460.75000000","2024-06-14T16:00:58.062Z","sell"
"0.06080000","1.95000000","2024-06-14T15:58:16.490Z","buy"
"0.06080000","6.14000000","2024-06-14T15:55:11.021Z","buy"
"0.06090000","289.03000000","2024-06-14T15:50:59.187Z","sell"
"0.06100000","208.04000000","2024-06-14T15:48:23.378Z","sell"
"0.06090000","742.57000000","2024-06-14T15:48:23.378Z","sell"
"0.06080000","8.37000000","2024-06-14T15:46:27.437Z","buy"
"0.06080000","7.39000000","2024-06-14T15:43:09.194Z","buy"
"0.06120000","7.41000000","2024-06-14T15:30:46.390Z","sell"
"0.06110000","60.00000000","2024-06-14T15:30:46.390Z","sell"
"0.06100000","819.85000000","2024-06-14T15:30:46.390Z","sell"
"0.06090000","736.71000000","2024-06-14T15:30:46.390Z","sell"
"0.06080000","319.99000000","2024-06-14T15:30:17.942Z","buy"
"0.06080000","31.28000000","2024-06-14T15:30:04.992Z","buy"
"0.06080000","227.56000000","2024-06-14T15:28:14.304Z","buy"
"0.06080000","729.21000000","2024-06-14T15:28:14.304Z","buy"
"0.06080000","2466.59000000","2024-06-14T15:28:14.304Z","buy"
"0.06080000","60.00000000","2024-06-14T15:28:14.304Z","buy"
"0.06090000","1641.31000000","2024-06-14T15:28:14.304Z","buy"
"0.06090000","60.00000000","2024-06-14T15:28:14.304Z","buy"
"0.06100000","5257.29000000","2024-06-14T15:28:14.304Z","buy"
"0.06100000","60.00000000","2024-06-14T15:28:14.304Z","buy"
"0.06110000","337.29000000","2024-06-14T15:28:14.304Z","buy"
"0.06110000","817.46000000","2024-06-14T15:28:14.304Z","buy"
"0.06110000","35.00000000","2024-06-14T15:28:14.304Z","buy"
"0.06110000","60.00000000","2024-06-14T15:28:14.304Z","buy"
"0.06120000","443.48000000","2024-06-14T15:28:14.304Z","buy"
"0.06120000","60.00000000","2024-06-14T15:28:14.304Z","buy"
"0.06130000","398.00000000","2024-06-14T15:23:30.542Z","buy"
"0.06130000","820.00000000","2024-06-14T15:23:30.542Z","buy"
"0.06130000","1779.00000000","2024-06-14T15:23:30.195Z","buy"
"0.06130000","392.00000000","2024-06-14T15:23:30.189Z","buy"
"0.06130000","4931.13000000","2024-06-14T15:23:29.481Z","buy"
"0.06130000","60.00000000","2024-06-14T15:23:29.481Z","buy"
"0.06140000","1628.34000000","2024-06-14T15:23:29.481Z","buy"
"0.06140000","35.16000000","2024-06-14T15:23:29.481Z","buy"
"0.06140000","60.00000000","2024-06-14T15:23:29.481Z","buy"
"0.06150000","744.00000000","2024-06-14T15:23:29.481Z","buy"
"0.06150000","60.00000000","2024-06-14T15:23:29.481Z","buy"
"0.06160000","810.76000000","2024-06-14T15:23:29.481Z","buy"
"0.06160000","60.00000000","2024-06-14T15:23:29.481Z","buy"
"0.06160000","6710.71000000","2024-06-14T15:23:29.481Z","buy"
"0.06170000","387.28000000","2024-06-14T15:23:29.481Z","buy"
"0.06170000","60.00000000","2024-06-14T15:23:29.481Z","buy"
"0.06200000","637.20000000","2024-06-14T15:21:47.811Z","buy"
"0.06220000","362.80000000","2024-06-14T15:21:47.811Z","buy"
"0.06230000","153.11000000","2024-06-14T15:18:41.422Z","sell"
"0.06240000","4.78000000","2024-06-14T15:16:51.863Z","buy"
"0.06180000","91033.58000000","2024-06-14T15:13:17.002Z","buy"
"0.06180000","60.00000000","2024-06-14T15:13:17.002Z","buy"
"0.06190000","37366.38000000","2024-06-14T15:13:17.002Z","buy"
"0.06190000","60.00000000","2024-06-14T15:13:17.002Z","buy"
"0.06200000","41562.49000000","2024-06-14T15:13:17.002Z","buy"
"0.06200000","6644.18000000","2024-06-14T15:13:17.002Z","buy"
"0.06200000","806.10000000","2024-06-14T15:13:17.002Z","buy"
"0.06200000","60.00000000","2024-06-14T15:13:17.002Z","buy"
"0.06210000","3220.57000000","2024-06-14T15:13:17.002Z","buy"
"0.06210000","36767.32000000","2024-06-14T15:13:17.002Z","buy"
"0.06210000","35.00000000","2024-06-14T15:13:17.002Z","buy"
"0.06210000","60.00000000","2024-06-14T15:13:17.002Z","buy"
"0.06220000","17122.76000000","2024-06-14T15:13:17.002Z","buy"
"0.06220000","60.00000000","2024-06-14T15:13:17.002Z","buy"
"0.06230000","60.00000000","2024-06-14T15:13:17.002Z","buy"
"0.06240000","1602.03000000","2024-06-14T15:13:17.002Z","buy"
"0.06240000","4455.25000000","2024-06-14T15:13:17.002Z","buy"
"0.06240000","3971.81000000","2024-06-14T15:13:17.002Z","buy"
"0.06240000","60.00000000","2024-06-14T15:13:17.002Z","buy"
"0.06250000","2883.94000000","2024-06-14T15:13:17.002Z","buy"
"0.06250000","60.00000000","2024-06-14T15:13:17.002Z","buy"
"0.06260000","797.63000000","2024-06-14T15:13:17.002Z","buy"
"0.06260000","731.34000000","2024-06-14T15:13:17.002Z","buy"
"0.06260000","60.00000000","2024-06-14T15:13:17.002Z","buy"
"0.06270000","59.99000000","2024-06-14T15:13:17.002Z","buy"
"0.06280000","399.63000000","2024-06-14T15:13:17.002Z","buy"
"0.06290000","725.60000000","2024-06-14T15:04:15.688Z","sell"
"0.06290000","1042.74000000","2024-06-14T14:56:33.064Z","sell"
"0.06280000","5.69000000","2024-06-14T14:53:24.947Z","buy"
"0.06270000","0.01000000","2024-06-14T14:47:11.302Z","buy"
"0.06280000","74.28000000","2024-06-14T14:46:54.280Z","buy"
"0.06280000","795.55000000","2024-06-14T14:46:54.280Z","buy"
"0.06280000","60.00000000","2024-06-14T14:46:54.280Z","buy"
"0.06290000","60.00000000","2024-06-14T14:46:54.280Z","buy"
"0.06300000","1062.27000000","2024-06-14T14:43:58.257Z","sell"
"0.06300000","793.65000000","2024-06-14T14:43:58.257Z","sell"
"0.06300000","343.33000000","2024-06-14T14:37:27.490Z","buy"
"0.06300000","713.11000000","2024-06-14T14:37:27.490Z","buy"
"0.06300000","60.00000000","2024-06-14T14:37:27.490Z","buy"
"0.06310000","141.36000000","2024-06-14T14:30:08.673Z","sell"
"0.06310000","395.81000000","2024-06-14T14:28:21.848Z","buy"
"0.06310000","60.00000000","2024-06-14T14:28:21.848Z","buy"
"0.06310000","90.00000000","2024-06-14T14:28:21.848Z","buy"
"0.06320000","31.33000000","2024-06-14T14:28:16.397Z","sell"
"0.06320000","485.99000000","2024-06-14T14:24:02.823Z","sell"
"0.06320000","0.02000000","2024-06-14T14:20:12.298Z","sell"
"0.06320000","369.95000000","2024-06-14T14:19:50.968Z","buy"
"0.06320000","742.97000000","2024-06-14T14:19:50.968Z","buy"
"0.06320000","55.81000000","2024-06-14T14:19:50.968Z","buy"
"0.06320000","4.19000000","2024-06-14T14:16:06.576Z","buy"
"0.06330000","1923.30000000","2024-06-14T14:15:01.408Z","sell"
"0.06330000","329.78000000","2024-06-14T14:15:01.325Z","buy"
"0.06330000","60.00000000","2024-06-14T14:15:01.325Z","buy"
"0.06340000","788.41000000","2024-06-14T14:13:27.059Z","buy"
"0.06340000","398.40000000","2024-06-14T14:13:27.059Z","buy"
"0.06340000","736.49000000","2024-06-14T14:13:27.059Z","buy"
"0.06350000","748.50000000","2024-06-14T14:12:29.414Z","sell"
"0.06340000","5.81000000","2024-06-14T14:05:22.128Z","buy"
"0.06340000","4.45000000","2024-06-14T14:00:27.670Z","buy"
"0.06340000","5.59000000","2024-06-14T13:58:52.125Z","buy"
"0.06360000","244.37000000","2024-06-14T13:53:58.783Z","sell"
"0.06360000","43.76000000","2024-06-14T13:53:58.783Z","sell"
"0.06360000","16.24000000","2024-06-14T13:51:14.905Z","sell"
"0.06350000","31463.15000000","2024-06-14T13:51:14.875Z","sell"
"0.06350000","2825.24000000","2024-06-14T13:51:14.875Z","sell"
"0.06350000","60.00000000","2024-06-14T13:51:14.875Z","sell"
"0.06340000","4864.76000000","2024-06-14T13:51:14.875Z","sell"
"0.06340000","669.26000000","2024-06-14T13:51:14.875Z","sell"
"0.06330000","789.88000000","2024-06-14T13:51:14.875Z","sell"
"0.06330000","300.00000000","2024-06-14T13:47:37.965Z","sell"
"0.06320000","4.78000000","2024-06-14T13:45:25.365Z","buy"
"0.06320000","241.92000000","2024-06-14T13:43:56.492Z","buy"
"0.06330000","4.36000000","2024-06-14T13:43:49.632Z","buy"
"0.06340000","59.13000000","2024-06-14T13:41:10.420Z","sell"
"0.06340000","60.00000000","2024-06-14T13:41:10.420Z","sell"
"0.06330000","594.56000000","2024-06-14T13:41:10.420Z","sell"
"0.06330000","60.00000000","2024-06-14T13:41:10.420Z","sell"
"0.06320000","791.32000000","2024-06-14T13:41:10.420Z","sell"
"0.06320000","520.64000000","2024-06-14T13:39:46.843Z","sell"
"0.06320000","44.11000000","2024-06-14T13:37:02.311Z","sell"
"0.06320000","32.26000000","2024-06-14T13:37:02.311Z","sell"
"0.06320000","27.74000000","2024-06-14T13:34:55.309Z","sell"
"0.06270000","305.80000000","2024-06-14T13:19:55.263Z","buy"
"0.06270000","1594.44000000","2024-06-14T13:19:55.263Z","buy"
"0.06270000","60.00000000","2024-06-14T13:19:55.263Z","buy"
"0.06280000","60.00000000","2024-06-14T13:19:55.263Z","buy"
"0.06290000","177.00000000","2024-06-14T13:19:55.263Z","buy"
"0.06290000","60.00000000","2024-06-14T13:19:55.263Z","buy"
"0.06300000","793.51000000","2024-06-14T13:19:55.263Z","buy"
"0.06300000","679.67000000","2024-06-14T13:19:55.263Z","buy"
"0.06310000","390.71000000","2024-06-14T13:19:55.263Z","buy"
"0.06320000","2359.54000000","2024-06-14T13:16:11.041Z","sell"
"0.06310000","792.39000000","2024-06-14T13:16:11.041Z","sell"
"0.06300000","54.42000000","2024-06-14T13:16:07.933Z","buy"
"0.06310000","328.08000000","2024-06-14T13:16:07.933Z","buy"
"0.06310000","340.32000000","2024-06-14T13:16:07.933Z","buy"
"0.06310000","5.75000000","2024-06-14T13:15:27.078Z","buy"
"0.06310000","6.76000000","2024-06-14T13:14:53.815Z","buy"
"0.06310000","8.83000000","2024-06-14T13:12:00.202Z","buy"
"0.06310000","7.17000000","2024-06-14T13:07:03.645Z","buy"
"0.06320000","330.98000000","2024-06-14T13:04:57.486Z","buy"
"0.06320000","219.34000000","2024-06-14T13:01:00.431Z","sell"
"0.06320000","443.48000000","2024-06-14T13:01:00.431Z","sell"
"0.06320000","60.00000000","2024-06-14T13:01:00.431Z","sell"
"0.06310000","4.27000000","2024-06-14T13:00:45.271Z","buy"
"0.06310000","20557.16000000","2024-06-14T12:56:21.682Z","buy"
"0.06310000","792.39000000","2024-06-14T12:55:17.485Z","sell"
"0.06310000","794.38000000","2024-06-14T12:55:17.485Z","sell"
"0.06310000","55879.83000000","2024-06-14T12:55:17.485Z","sell"
"0.06300000","13.79000000","2024-06-14T12:52:20.703Z","buy"
"0.06310000","157.78000000","2024-06-14T12:48:51.146Z","sell"
"0.06310000","32.79000000","2024-06-14T12:46:33.404Z","sell"
"0.06310000","35.00000000","2024-06-14T12:46:33.404Z","sell"
"0.06310000","60.00000000","2024-06-14T12:46:33.404Z","sell"
"0.06300000","3155.56000000","2024-06-14T12:46:33.404Z","sell"
"0.06300000","793.65000000","2024-06-14T12:46:33.404Z","sell"
"0.06300000","44.13000000","2024-06-14T12:46:33.404Z","sell"
"0.06290000","6.45000000","2024-06-14T12:46:15.723Z","buy"
"0.06280000","296.37000000","2024-06-14T12:37:58.338Z","buy"
"0.06290000","328.58000000","2024-06-14T12:37:58.338Z","buy"
"0.06290000","2000.90000000","2024-06-14T12:37:58.338Z","buy"
"0.06290000","3.70000000","2024-06-14T12:37:22.995Z","buy"
"0.06290000","6.50000000","2024-06-14T12:12:14.582Z","buy"
"0.06300000","15.87000000","2024-06-14T12:08:44.974Z","sell"
"0.06290000","6.85000000","2024-06-14T12:06:19.832Z","buy"
"0.06290000","794.91000000","2024-06-14T12:03:36.449Z","sell"
"0.06290000","358.84000000","2024-06-14T12:03:36.449Z","sell"
"0.06280000","67.45000000","2024-06-14T11:52:10.103Z","buy"
"0.06280000","198.13000000","2024-06-14T11:52:10.103Z","buy"
"0.06280000","100.54000000","2024-06-14T11:48:47.045Z","buy"
"0.06280000","5.72000000","2024-06-14T11:48:36.245Z","buy"
"0.06280000","28.24000000","2024-06-14T11:48:06.045Z","buy"
"0.06280000","3.33000000","2024-06-14T11:43:26.095Z","buy"
"0.06290000","100.54000000","2024-06-14T11:41:12.667Z","sell"
"0.06280000","3.17000000","2024-06-14T11:40:33.032Z","buy"
"0.06280000","5.65000000","2024-06-14T11:29:20.662Z","buy"
"0.06290000","139.02000000","2024-06-14T11:17:58.360Z","sell"
"0.06290000","60.00000000","2024-06-14T11:17:58.360Z","sell"
"0.06280000","35.16000000","2024-06-14T11:17:58.360Z","sell"
"0.06280000","57.30000000","2024-06-14T11:17:58.360Z","sell"
"0.06270000","4.91000000","2024-06-14T11:11:27.810Z","buy"
"0.06270000","2.80000000","2024-06-14T10:51:14.409Z","buy"
"0.06280000","2.70000000","2024-06-14T10:50:22.045Z","sell"
"0.06260000","1.29000000","2024-06-14T10:30:51.710Z","buy"
"0.06270000","290.65000000","2024-06-14T10:25:23.108Z","sell"
"0.06270000","60.00000000","2024-06-14T10:25:23.108Z","sell"
"0.06260000","798.72000000","2024-06-14T10:25:23.108Z","sell"
"0.06260000","722.71000000","2024-06-14T10:25:23.108Z","sell"
"0.06260000","60.00000000","2024-06-14T10:25:23.108Z","sell"
"0.06250000","4.31000000","2024-06-14T10:22:38.853Z","buy"
"0.06250000","4.78000000","2024-06-14T10:21:21.767Z","buy"
"0.06250000","4.03000000","2024-06-14T10:21:02.049Z","buy"
"0.06250000","1611.60000000","2024-06-14T10:20:05.381Z","sell"
"0.06250000","60.00000000","2024-06-14T10:20:05.381Z","sell"
"0.06240000","801.28000000","2024-06-14T10:20:05.381Z","sell"
"0.06240000","725.38000000","2024-06-14T10:20:05.381Z","sell"
"0.06240000","60.00000000","2024-06-14T10:20:05.381Z","sell"
"0.06210000","587.74000000","2024-06-14T10:07:32.007Z","buy"
"0.06230000","349.24000000","2024-06-14T10:02:53.506Z","buy"
"0.06230000","376.32000000","2024-06-14T09:55:22.256Z","buy"
"0.06230000","374.55000000","2024-06-14T09:55:19.006Z","buy"
"0.06230000","340.10000000","2024-06-14T09:55:16.509Z","buy"
"0.06230000","42.19000000","2024-06-14T09:55:16.260Z","buy"
"0.06230000","302.09000000","2024-06-14T09:55:16.205Z","buy"
"0.06230000","7.69000000","2024-06-14T09:54:53.787Z","buy"
"0.06230000","374.27000000","2024-06-14T09:53:30.761Z","buy"
"0.06230000","327.27000000","2024-06-14T09:53:30.520Z","buy"
"0.06230000","51.05000000","2024-06-14T09:51:36.511Z","buy"
"0.06230000","338.21000000","2024-06-14T09:51:20.016Z","buy"
"0.06230000","349.34000000","2024-06-14T09:51:16.512Z","buy"
"0.06230000","341.06000000","2024-06-14T09:51:16.256Z","buy"
"0.06230000","16.11000000","2024-06-14T09:50:13.507Z","buy"
"0.06230000","16.11000000","2024-06-14T09:50:13.261Z","buy"
"0.06230000","23.49000000","2024-06-14T09:50:13.006Z","buy"
"0.06230000","356.41000000","2024-06-14T09:50:06.510Z","buy"
"0.06230000","330.38000000","2024-06-14T09:49:51.260Z","buy"
"0.06230000","354.94000000","2024-06-14T09:49:40.511Z","buy"
"0.06230000","366.07000000","2024-06-14T09:48:06.006Z","buy"
"0.06230000","390.79000000","2024-06-14T09:48:00.762Z","buy"
"0.06230000","666.61000000","2024-06-14T09:47:04.178Z","sell"
"0.06230000","60.00000000","2024-06-14T09:47:04.178Z","sell"
"0.06220000","803.85000000","2024-06-14T09:47:04.178Z","sell"
"0.06220000","60.00000000","2024-06-14T09:47:04.178Z","sell"
"0.06210000","380.38000000","2024-06-14T09:11:07.007Z","buy"
"0.06210000","285.75000000","2024-06-14T09:09:45.009Z","buy"
"0.06210000","46.32000000","2024-06-14T09:09:45.009Z","buy"
"0.06210000","16.15000000","2024-06-14T09:03:08.510Z","buy"
"0.06210000","265.00000000","2024-06-14T09:03:08.263Z","buy"
"0.06210000","2.89000000","2024-06-14T08:53:50.552Z","buy"
"0.06210000","98.89000000","2024-06-14T08:43:11.348Z","sell"
"0.06210000","719.94000000","2024-06-14T08:43:11.348Z","sell"
"0.06200000","7.64000000","2024-06-14T08:27:10.244Z","buy"
"0.06190000","468.70000000","2024-06-14T08:05:06.047Z","buy"
"0.06190000","60.00000000","2024-06-14T08:05:06.047Z","buy"
"0.06210000","343.53000000","2024-06-14T08:05:06.047Z","buy"
"0.06210000","346.68000000","2024-06-14T07:40:08.757Z","buy"
"0.06200000","0.02000000","2024-06-14T07:37:27.635Z","buy"
"0.06190000","6.86000000","2024-06-14T07:29:28.485Z","buy"
"0.06210000","390.66000000","2024-06-14T07:29:24.762Z","buy"
"0.06190000","8.86000000","2024-06-14T07:28:02.219Z","buy"
"0.06210000","334.44000000","2024-06-14T07:24:21.257Z","buy"
"0.06200000","4.10000000","2024-06-14T07:21:21.487Z","buy"
"0.06220000","327.57000000","2024-06-14T07:20:09.007Z","buy"
"0.06220000","672.76000000","2024-06-14T07:20:08.392Z","sell"
"0.06220000","60.00000000","2024-06-14T07:20:08.392Z","sell"
"0.06210000","7.91000000","2024-06-14T07:18:51.618Z","buy"
"0.06210000","385.91000000","2024-06-14T07:09:55.757Z","buy"
"0.06210000","377.20000000","2024-06-14T06:59:21.262Z","buy"
"0.06210000","295.09000000","2024-06-14T06:52:35.372Z","sell"
"0.06210000","369.72000000","2024-06-14T06:50:46.767Z","buy"
"0.06210000","389.82000000","2024-06-14T06:42:19.763Z","buy"
"0.06200000","356.58000000","2024-06-14T06:33:46.257Z","buy"
"0.06210000","363.75000000","2024-06-14T06:30:58.010Z","buy"
"0.06210000","740.89000000","2024-06-14T06:30:52.763Z","buy"
"0.06210000","313.60000000","2024-06-14T06:30:52.763Z","buy"
"0.06210000","51.75000000","2024-06-14T06:26:23.058Z","buy"
"0.06210000","388.00000000","2024-06-14T06:08:58.511Z","buy"
"0.06200000","0.92000000","2024-06-14T06:06:03.627Z","buy"
"0.06210000","324.62000000","2024-06-14T06:02:57.270Z","buy"
"0.06210000","16.15000000","2024-06-14T06:00:56.007Z","buy"
"0.06210000","32.34000000","2024-06-14T06:00:55.757Z","buy"
"0.06210000","17.81000000","2024-06-14T06:00:55.507Z","buy"
"0.06210000","394.81000000","2024-06-14T05:52:43.258Z","buy"
"0.06210000","320.23000000","2024-06-14T05:46:24.260Z","buy"
"0.06210000","374.76000000","2024-06-14T05:36:47.260Z","buy"
"0.06210000","349.78000000","2024-06-14T05:29:33.260Z","buy"
"0.06210000","396.55000000","2024-06-14T05:22:31.007Z","buy"
"0.06190000","6.39000000","2024-06-14T05:20:25.022Z","buy"
"0.06210000","143.64000000","2024-06-14T05:19:10.553Z","sell"
"0.06190000","46.06000000","2024-06-14T05:19:05.558Z","buy"
"0.06210000","46.04000000","2024-06-14T05:18:15.488Z","sell"
"0.06210000","323.83000000","2024-06-14T05:17:20.773Z","buy"
"0.06210000","446.54000000","2024-06-14T05:09:54.558Z","sell"
"0.06210000","368.42000000","2024-06-14T05:07:31.010Z","buy"
"0.06210000","300.00000000","2024-06-14T04:59:52.757Z","buy"
"0.06210000","347.24000000","2024-06-14T04:59:42.758Z","buy"
"0.06210000","500.00000000","2024-06-14T04:59:42.297Z","sell"
"0.06200000","25.73000000","2024-06-14T04:59:20.507Z","buy"
"0.06210000","5070.79000000","2024-06-14T04:54:00.073Z","sell"
"0.06210000","722.35000000","2024-06-14T04:54:00.073Z","sell"
"0.06210000","60.00000000","2024-06-14T04:54:00.073Z","sell"
"0.06200000","806.64000000","2024-06-14T04:54:00.073Z","sell"
"0.06200000","359.72000000","2024-06-14T04:52:42.008Z","buy"
"0.06180000","7.00000000","2024-06-14T04:50:08.719Z","buy"
"0.06200000","284.88000000","2024-06-14T04:44:45.014Z","sell"
"0.06180000","796.91000000","2024-06-14T04:43:51.713Z","buy"
"0.06190000","371.58000000","2024-06-14T04:43:51.713Z","buy"
"0.06190000","365.08000000","2024-06-14T04:35:30.285Z","buy"
"0.06200000","394.37000000","2024-06-14T04:28:35.757Z","buy"
"0.06170000","7.07000000","2024-06-14T04:23:37.103Z","buy"
"0.06200000","1785.22000000","2024-06-14T04:22:41.982Z","sell"
"0.06200000","60.00000000","2024-06-14T04:22:41.982Z","sell"
"0.06190000","130.68000000","2024-06-14T04:22:41.982Z","sell"
"0.06190000","807.86000000","2024-06-14T04:22:41.982Z","sell"
"0.06170000","9.28000000","2024-06-14T04:21:35.004Z","buy"
"0.06170000","4.88000000","2024-06-14T04:14:38.395Z","buy"
"0.06170000","4.17000000","2024-06-14T04:13:34.021Z","buy"
"0.06200000","346.53000000","2024-06-14T04:05:02.011Z","buy"
"0.06160000","155221.10000000","2024-06-14T04:05:01.806Z","buy"
"0.06160000","110.00000000","2024-06-14T04:05:01.806Z","buy"
"0.06170000","114.78000000","2024-06-14T04:05:01.806Z","buy"
"0.06170000","60.00000000","2024-06-14T04:05:01.806Z","buy"
"0.06180000","721.16000000","2024-06-14T04:05:01.806Z","buy"
"0.06180000","60.00000000","2024-06-14T04:05:01.806Z","buy"
"0.06190000","807.43000000","2024-06-14T04:05:01.806Z","buy"
"0.06190000","60.00000000","2024-06-14T04:05:01.806Z","buy"
"0.06200000","346.53000000","2024-06-14T04:05:01.806Z","buy"
"0.06210000","104.40000000","2024-06-14T03:59:03.914Z","sell"
"0.06210000","313.69000000","2024-06-14T03:58:46.163Z","sell"
"0.06200000","329.79000000","2024-06-14T03:57:06.032Z","buy"
"0.06200000","373.88000000","2024-06-14T03:56:48.507Z","buy"
"0.06200000","371.67000000","2024-06-14T03:56:48.507Z","buy"
"0.06200000","348.19000000","2024-06-14T03:52:41.353Z","buy"
"0.06220000","2.99000000","2024-06-14T03:51:45.813Z","sell"
"0.06210000","395.88000000","2024-06-14T03:48:39.510Z","buy"
"0.06200000","6.41000000","2024-06-14T03:47:17.429Z","buy"
"0.06200000","6.83000000","2024-06-14T03:44:32.562Z","buy"
"0.06210000","322.10000000","2024-06-14T03:42:06.261Z","buy"
"0.06220000","375.51000000","2024-06-14T03:42:01.761Z","buy"
"0.06220000","1536.69000000","2024-06-14T03:42:01.163Z","sell"
"0.06220000","60.00000000","2024-06-14T03:42:01.163Z","sell"
"0.06210000","16.16000000","2024-06-14T03:41:14.508Z","buy"
"0.06210000","16.17000000","2024-06-14T03:41:14.262Z","buy"
"0.06210000","198.70000000","2024-06-14T03:41:14.008Z","buy"
"0.06210000","735.05000000","2024-06-14T03:40:17.662Z","sell"
"0.06210000","60.00000000","2024-06-14T03:40:17.662Z","sell"
"0.06200000","4.83000000","2024-06-14T03:40:12.838Z","buy"
"0.06200000","1878.37000000","2024-06-14T03:39:23.261Z","buy"
"0.06200000","60.00000000","2024-06-14T03:39:21.502Z","sell"
"0.06190000","60.00000000","2024-06-14T03:37:31.575Z","sell"
"0.06200000","398.35000000","2024-06-14T03:37:04.511Z","buy"
"0.06200000","343.06000000","2024-06-14T03:37:01.011Z","buy"
"0.06200000","388.68000000","2024-06-14T03:36:46.008Z","buy"
"0.06200000","324.50000000","2024-06-14T03:36:43.013Z","buy"
"0.06200000","359.84000000","2024-06-14T03:36:42.760Z","buy"
"0.06200000","381.66000000","2024-06-14T03:36:00.763Z","buy"
"0.06200000","342.09000000","2024-06-14T03:35:54.261Z","buy"
"0.06200000","341.40000000","2024-06-14T03:35:45.761Z","buy"
"0.06200000","362.45000000","2024-06-14T03:35:42.761Z","buy"
"0.06200000","328.71000000","2024-06-14T03:35:42.513Z","buy"
"0.06180000","16.30000000","2024-06-14T03:35:40.014Z","buy"
"0.06200000","622.00000000","2024-06-14T03:35:39.848Z","sell"
"0.06200000","60.00000000","2024-06-14T03:35:39.848Z","sell"
"0.06190000","60.00000000","2024-06-14T03:35:39.848Z","sell"
"0.06180000","60.00000000","2024-06-14T03:35:39.848Z","sell"
"0.06170000","60.00000000","2024-06-14T03:35:35.502Z","sell"
"0.06160000","2.76000000","2024-06-14T03:33:54.717Z","buy"
"0.06160000","9.72000000","2024-06-14T03:33:04.326Z","buy"
"0.06160000","12.16000000","2024-06-14T03:32:20.528Z","buy"
"0.06160000","15.40000000","2024-06-14T03:31:57.931Z","buy"
"0.06160000","27.55000000","2024-06-14T03:31:17.371Z","buy"
"0.06160000","121.92000000","2024-06-14T03:12:00.630Z","sell"
"0.06160000","60.00000000","2024-06-14T03:12:00.630Z","sell"
"0.06150000","60.00000000","2024-06-14T03:12:00.630Z","sell"
"0.06140000","4.39000000","2024-06-14T03:11:09.860Z","buy"
"0.06140000","5.51000000","2024-06-14T02:58:30.767Z","buy"
"0.06140000","6.49000000","2024-06-14T02:49:19.153Z","buy"
"0.06140000","4.26000000","2024-06-14T02:28:19.343Z","buy"
"0.06140000","6.18000000","2024-06-14T02:24:14.810Z","buy"
"0.06140000","96.73000000","2024-06-14T02:22:48.471Z","sell"
"0.06140000","60.60000000","2024-06-14T02:22:48.471Z","sell"
"0.06130000","60.60000000","2024-06-14T02:22:48.471Z","sell"
"0.06120000","130.63000000","2024-06-14T02:14:07.409Z","buy"
"0.06120000","69.46000000","2024-06-14T02:14:07.409Z","buy"
"0.06120000","665.69000000","2024-06-14T02:06:36.282Z","buy"
"0.06120000","2490.37000000","2024-06-14T02:05:44.880Z","sell"
"0.06120000","60.60000000","2024-06-14T02:05:44.880Z","sell"
"0.06120000","60.60000000","2024-06-14T02:05:44.880Z","sell"
"0.06110000","60.60000000","2024-06-14T02:05:44.880Z","sell"
"0.06110000","60.60000000","2024-06-14T02:05:44.880Z","sell"
"0.06100000","1639.36000000","2024-06-14T02:05:44.880Z","sell"
"0.06100000","6110.94000000","2024-06-14T02:05:44.880Z","sell"
"0.06100000","60.60000000","2024-06-14T02:05:44.880Z","sell"
"0.06090000","90.50000000","2024-06-14T02:05:44.880Z","sell"
"0.06090000","4001.21000000","2024-06-14T02:05:44.880Z","sell"
"0.06090000","60.60000000","2024-06-14T02:05:44.880Z","sell"
"0.06080000","822.36000000","2024-06-14T02:05:44.880Z","sell"
"0.06080000","612.52000000","2024-06-14T02:05:44.880Z","sell"
"0.06080000","100.02000000","2024-06-14T02:05:44.880Z","sell"
"0.06080000","236.26000000","2024-06-14T01:52:46.230Z","sell"
"0.06080000","382.81000000","2024-06-14T01:50:56.125Z","sell"
"0.06070000","205.21000000","2024-06-14T01:43:29.078Z","buy"
"0.06080000","16.45000000","2024-06-14T01:39:50.438Z","sell"
"0.06080000","162.83000000","2024-06-14T01:25:07.392Z","sell"
"0.06070000","823.75000000","2024-06-14T01:19:06.114Z","sell"
"0.06070000","718.08000000","2024-06-14T01:19:06.114Z","sell"
"0.06060000","13460.34000000","2024-06-14T01:13:32.758Z","buy"
"0.06070000","822.95000000","2024-06-14T01:13:32.758Z","buy"
"0.06070000","41458.82000000","2024-06-14T01:13:32.758Z","buy"
"0.06060000","20260.61000000","2024-06-14T01:12:52.003Z","buy"
"0.06060000","60.00000000","2024-06-14T01:12:52.003Z","buy"
"0.06070000","1157.41000000","2024-06-14T01:12:52.003Z","buy"
"0.06070000","410.83000000","2024-06-14T01:12:52.003Z","buy"
"0.06070000","60.00000000","2024-06-14T01:12:52.003Z","buy"
"0.06080000","1644.18000000","2024-06-14T01:12:52.003Z","buy"
"0.06080000","718.20000000","2024-06-14T01:12:52.003Z","buy"
"0.06080000","60.00000000","2024-06-14T01:12:52.003Z","buy"
"0.06090000","60.00000000","2024-06-14T01:12:52.003Z","buy"
"0.06100000","60.00000000","2024-06-14T01:12:52.003Z","buy"
"0.06110000","817.83000000","2024-06-14T01:12:52.003Z","buy"
"0.06110000","22715.11000000","2024-06-14T01:12:52.003Z","buy"
"0.06110000","60.00000000","2024-06-14T01:12:52.003Z","buy"
"0.06120000","343.51000000","2024-06-14T01:12:52.003Z","buy"
"0.06120000","31.68000000","2024-06-14T01:12:52.003Z","buy"
"0.06120000","6.52000000","2024-06-14T01:00:39.572Z","buy"
"0.06120000","30.00000000","2024-06-14T01:00:39.572Z","buy"
"0.06120000","60.00000000","2024-06-14T01:00:39.572Z","buy"
"0.06130000","293.39000000","2024-06-14T00:57:08.327Z","sell"
"0.06130000","31619.92000000","2024-06-14T00:57:07.956Z","buy"
"0.06130000","4018.46000000","2024-06-14T00:57:07.956Z","buy"
"0.06130000","60.00000000","2024-06-14T00:57:07.956Z","buy"
"0.06140000","2314.82000000","2024-06-14T00:57:07.956Z","buy"
"0.06140000","60.00000000","2024-06-14T00:57:07.956Z","buy"
"0.06150000","1624.66000000","2024-06-14T00:57:07.956Z","buy"
"0.06150000","60.00000000","2024-06-14T00:57:07.956Z","buy"
"0.06160000","90.49000000","2024-06-14T00:57:07.956Z","buy"
"0.06160000","60.00000000","2024-06-14T00:57:07.956Z","buy"
"0.06160000","32.22000000","2024-06-14T00:57:07.956Z","buy"
"0.06170000","728.88000000","2024-06-14T00:57:07.956Z","buy"
"0.06170000","60.00000000","2024-06-14T00:57:07.956Z","buy"
"0.06170000","310.48000000","2024-06-14T00:57:07.956Z","buy"
"0.06180000","809.04000000","2024-06-14T00:57:07.956Z","buy"
"0.06190000","57.91000000","2024-06-14T00:57:07.956Z","buy"
"0.06190000","336.94000000","2024-06-14T00:57:07.956Z","buy"
"0.06190000","230.15000000","2024-06-14T00:53:14.208Z","sell"
"0.06190000","165.51000000","2024-06-14T00:53:14.208Z","sell"
"0.06190000","557.27000000","2024-06-14T00:53:14.208Z","sell"
"0.06180000","4.17000000","2024-06-14T00:50:12.997Z","buy"
"0.06180000","6.41000000","2024-06-14T00:44:09.538Z","buy"
"0.06190000","100.00000000","2024-06-14T00:43:57.288Z","sell"
"0.06190000","14.76000000","2024-06-14T00:35:28.917Z","sell"
"0.06190000","64.13000000","2024-06-14T00:31:30.973Z","sell"
"0.06180000","369.41000000","2024-06-14T00:26:12.511Z","buy"
"0.06180000","53.81000000","2024-06-14T00:21:08.771Z","buy"
"0.06180000","6.19000000","2024-06-14T00:20:03.916Z","buy"
"0.06190000","60.00000000","2024-06-14T00:16:10.524Z","buy"
"0.06200000","60.00000000","2024-06-14T00:15:42.261Z","buy"
"0.06210000","16.76000000","2024-06-14T00:14:11.512Z","buy"
"0.06210000","37.06000000","2024-06-14T00:14:11.276Z","buy"
"0.06210000","6.18000000","2024-06-14T00:12:37.289Z","buy"
"0.06220000","319.99000000","2024-06-14T00:10:12.500Z","sell"
"0.06220000","60.00000000","2024-06-14T00:10:07.025Z","buy"
"0.06230000","585.81000000","2024-06-14T00:09:22.764Z","buy"
"0.06230000","60.00000000","2024-06-14T00:09:22.764Z","buy"
"0.06240000","327.91000000","2024-06-14T00:09:07.262Z","buy"
"0.06240000","455.65000000","2024-06-14T00:09:01.027Z","buy"
"0.06250000","727.00000000","2024-06-14T00:08:08.013Z","buy"
"0.06260000","695.72000000","2024-06-14T00:08:07.013Z","buy"
"0.06260000","24.65000000","2024-06-14T00:07:07.257Z","buy"
"0.06260000","745.40000000","2024-06-14T00:07:07.007Z","buy"
"0.06260000","372.79000000","2024-06-14T00:07:06.757Z","buy"
"0.06260000","735.53000000","2024-06-14T00:07:06.757Z","buy"
"0.06250000","3963.47000000","2024-06-14T00:07:06.257Z","sell"
"0.06260000","22390.80000000","2024-06-14T00:07:04.043Z","sell"
"0.06260000","9350.25000000","2024-06-14T00:07:04.043Z","sell"
"0.06260000","60.00000000","2024-06-14T00:07:04.043Z","sell"
"0.06250000","60.00000000","2024-06-14T00:07:04.043Z","sell"
"0.06250000","446.14000000","2024-06-14T00:07:04.043Z","sell"
"0.06240000","3207.47000000","2024-06-14T00:07:04.043Z","sell"
"0.06240000","30.00000000","2024-06-14T00:07:04.043Z","sell"
"0.06240000","60.00000000","2024-06-14T00:07:04.043Z","sell"
"0.06230000","6641.58000000","2024-06-14T00:07:04.043Z","sell"
"0.06230000","60.00000000","2024-06-14T00:07:04.043Z","sell"
"0.06220000","60.00000000","2024-06-14T00:07:04.043Z","sell"
"0.06210000","1610.88000000","2024-06-14T00:07:04.043Z","sell"
"0.06210000","4033.48000000","2024-06-14T00:07:04.043Z","sell"
"0.06210000","60.00000000","2024-06-14T00:07:04.043Z","sell"
"0.06200000","5977.32000000","2024-06-14T00:07:04.043Z","sell"
"0.06200000","60.00000000","2024-06-14T00:07:04.043Z","sell"
"0.06190000","91.63000000","2024-06-14T00:07:04.043Z","sell"
"0.06180000","809.06000000","2024-06-14T00:07:04.043Z","sell"
"0.06180000","733.50000000","2024-06-14T00:07:04.043Z","sell"
"0.06170000","1878.37000000","2024-06-14T00:05:40.262Z","buy"
"0.06170000","811.15000000","2024-06-14T00:05:40.211Z","sell"
"0.06160000","642.86000000","2024-06-14T00:04:41.202Z","sell"
"0.06170000","811.18000000","2024-06-14T00:01:05.235Z","sell"
"0.06150000","813.36000000","2024-06-13T23:58:11.853Z","sell"
"0.06150000","743.10000000","2024-06-13T23:58:11.853Z","sell"
"0.06140000","7341.12000000","2024-06-13T23:57:54.670Z","buy"
"0.06150000","812.61000000","2024-06-13T23:57:54.670Z","buy"
"0.06170000","339.27000000","2024-06-13T23:57:54.670Z","buy"
"0.06180000","390.32000000","2024-06-13T23:56:55.257Z","buy"
"0.06200000","354.67000000","2024-06-13T23:56:51.757Z","buy"
"0.06140000","127111.22000000","2024-06-13T23:56:49.749Z","buy"
"0.06140000","3255.02000000","2024-06-13T23:56:49.749Z","buy"
"0.06140000","60.00000000","2024-06-13T23:56:49.749Z","buy"
"0.06150000","666.17000000","2024-06-13T23:56:49.749Z","buy"
"0.06150000","60.00000000","2024-06-13T23:56:49.749Z","buy"
"0.06160000","60.00000000","2024-06-13T23:56:49.749Z","buy"
"0.06160000","6498.80000000","2024-06-13T23:56:49.749Z","buy"
"0.06170000","4606.89000000","2024-06-13T23:56:49.749Z","buy"
"0.06170000","60.00000000","2024-06-13T23:56:49.749Z","buy"
"0.06180000","91.60000000","2024-06-13T23:56:49.749Z","buy"
"0.06180000","1618.12000000","2024-06-13T23:56:49.749Z","buy"
"0.06190000","3987.10000000","2024-06-13T23:56:49.749Z","buy"
"0.06200000","806.45000000","2024-06-13T23:56:49.749Z","buy"
"0.06200000","394.56000000","2024-06-13T23:56:49.749Z","buy"
"0.06200000","724.07000000","2024-06-13T23:56:49.749Z","buy"
"0.06200000","7.58000000","2024-06-13T23:54:13.398Z","buy"
"0.06200000","4.56000000","2024-06-13T23:52:23.585Z","buy"
"0.06200000","7.26000000","2024-06-13T23:33:55.091Z","buy"
"0.06200000","222.00000000","2024-06-13T23:26:49.349Z","sell"
"0.06200000","60.00000000","2024-06-13T23:26:49.349Z","sell"
"0.06190000","60.00000000","2024-06-13T23:26:49.349Z","sell"
"0.06180000","60.00000000","2024-06-13T23:26:49.349Z","sell"
"0.06170000","5699.98000000","2024-06-13T23:26:47.456Z","sell"
"0.06170000","60.00000000","2024-06-13T23:26:47.456Z","sell"
"0.06160000","60.00000000","2024-06-13T23:26:47.456Z","sell"
"0.06160000","1623.56000000","2024-06-13T23:26:47.456Z","sell"
"0.06160000","6541.58000000","2024-06-13T23:26:47.456Z","sell"
"0.06150000","60.00000000","2024-06-13T23:26:47.456Z","sell"
"0.06150000","94.71000000","2024-06-13T23:26:47.456Z","sell"
"0.06150000","3859.53000000","2024-06-13T23:26:47.456Z","sell"
"0.06140000","814.33000000","2024-06-13T23:26:47.456Z","sell"
"0.06140000","418.70000000","2024-06-13T23:26:47.456Z","sell"
"0.06140000","60.00000000","2024-06-13T23:26:47.456Z","sell"
"0.06140000","307.16000000","2024-06-13T23:26:47.456Z","sell"
"0.06130000","3.26000000","2024-06-13T23:21:31.900Z","buy"
"0.06130000","2.90000000","2024-06-13T23:21:21.661Z","buy"
"0.06140000","406.14000000","2024-06-13T23:20:54.064Z","sell"
"0.06090000","5219.21000000","2024-06-13T23:19:08.773Z","buy"
"0.06090000","60.00000000","2024-06-13T23:19:08.773Z","buy"
"0.06100000","4075.81000000","2024-06-13T23:19:08.773Z","buy"
"0.06100000","60.00000000","2024-06-13T23:19:08.773Z","buy"
"0.06110000","817.40000000","2024-06-13T23:19:08.773Z","buy"
"0.06110000","60.00000000","2024-06-13T23:19:08.773Z","buy"
"0.06120000","30.00000000","2024-06-13T23:19:08.773Z","buy"
"0.06120000","60.00000000","2024-06-13T23:19:08.773Z","buy"
"0.06130000","0.21000000","2024-06-13T23:19:08.773Z","buy"
"0.06130000","379.30000000","2024-06-13T23:19:08.773Z","buy"
"0.06130000","56.41000000","2024-06-13T23:19:08.773Z","buy"
"0.06130000","3.59000000","2024-06-13T23:19:06.653Z","buy"
"0.06140000","3992.55000000","2024-06-13T23:14:19.967Z","buy"
"0.06140000","60.00000000","2024-06-13T23:14:19.967Z","buy"
"0.06150000","1617.07000000","2024-06-13T23:14:19.967Z","buy"
"0.06150000","60.00000000","2024-06-13T23:14:19.967Z","buy"
"0.06150000","30847.89000000","2024-06-13T23:14:19.967Z","buy"
"0.06160000","1623.02000000","2024-06-13T23:14:19.967Z","buy"
"0.06160000","1332.34000000","2024-06-13T23:14:19.967Z","buy"
"0.06160000","739.78000000","2024-06-13T23:14:19.967Z","buy"
"0.06160000","60.00000000","2024-06-13T23:14:19.967Z","buy"
"0.06170000","60.00000000","2024-06-13T23:14:19.967Z","buy"
"0.06180000","808.12000000","2024-06-13T23:14:19.967Z","buy"
"0.06200000","311.70000000","2024-06-13T23:14:19.967Z","buy"
"0.06200000","6.85000000","2024-06-13T23:12:04.677Z","buy"
"0.06200000","8.78000000","2024-06-13T22:46:01.043Z","buy"
"0.06200000","100.87000000","2024-06-13T22:43:28.310Z","sell"
"0.06190000","748.35000000","2024-06-13T22:43:28.310Z","sell"
"0.06200000","1132.89000000","2024-06-13T22:42:57.747Z","sell"
"0.06200000","736.33000000","2024-06-13T22:42:57.747Z","sell"
"0.06190000","737.78000000","2024-06-13T22:42:57.747Z","sell"
"0.06180000","2672.00000000","2024-06-13T22:42:57.442Z","buy"
"0.06180000","2607.00000000","2024-06-13T22:42:57.395Z","buy"
"0.06220000","209.80000000","2024-06-13T22:42:56.358Z","buy"
"0.06240000","228.20000000","2024-06-13T22:42:56.358Z","buy"
"0.06180000","1947.84000000","2024-06-13T22:42:54.551Z","buy"