"price","volume","time","side","orderType"
"0.07520000","6.97000000","2024-05-27T18:47:56.783Z","buy","maker"
"0.07520000","12037.30000000","2024-05-27T18:45:44.802Z","buy","maker"
"0.07530000","663.21000000","2024-05-27T18:45:44.802Z","buy","maker"
"0.07530000","75.82000000","2024-05-27T18:45:44.802Z","buy","maker"
"0.07530000","304.34000000","2024-05-27T18:45:44.802Z","buy","maker"
"0.07530000","60.00000000","2024-05-27T18:45:44.802Z","buy","maker"
"0.07530000","444.97000000","2024-05-27T18:45:44.802Z","buy","maker"
"0.07540000","417.13000000","2024-05-27T18:45:44.802Z","buy","maker"
"0.07540000","46.30000000","2024-05-27T18:45:44.802Z","buy","maker"
"0.07540000","0.33000000","2024-05-27T18:45:42.176Z","buy","maker"
"0.07540000","6.92000000","2024-05-27T18:44:29.583Z","buy","maker"
"0.07540000","6.45000000","2024-05-27T18:43:02.839Z","buy","maker"
"0.07560000","197.84000000","2024-05-27T18:41:30.073Z","sell","maker"
"0.07560000","60.00000000","2024-05-27T18:41:30.073Z","sell","maker"
"0.07530000","268.70000000","2024-05-27T18:40:23.372Z","buy","maker"
"0.07540000","47.28000000","2024-05-27T18:40:23.372Z","buy","maker"
"0.07560000","69.59000000","2024-05-27T18:34:54.856Z","sell","maker"
"0.07540000","5.65000000","2024-05-27T18:34:50.709Z","buy","maker"
"0.07540000","7.07000000","2024-05-27T18:32:18.012Z","buy","maker"
"0.07550000","60.00000000","2024-05-27T18:31:25.006Z","buy","maker"
"0.07570000","472.11000000","2024-05-27T18:31:23.224Z","sell","maker"
"0.07570000","413.05000000","2024-05-27T18:31:23.224Z","sell","maker"
"0.07570000","60.00000000","2024-05-27T18:31:23.224Z","sell","maker"
"0.07560000","82.62000000","2024-05-27T18:31:23.224Z","sell","maker"
"0.07560000","661.91000000","2024-05-27T18:31:23.224Z","sell","maker"
"0.07560000","60.00000000","2024-05-27T18:31:23.224Z","sell","maker"
"0.07560000","402.72000000","2024-05-27T18:31:23.224Z","sell","maker"
"0.07560000","497.33000000","2024-05-27T18:31:23.224Z","sell","maker"
"0.07560000","380.81000000","2024-05-27T18:31:23.224Z","sell","maker"
"0.07550000","60.00000000","2024-05-27T18:31:23.224Z","sell","maker"
"0.07530000","69.09000000","2024-05-27T18:29:58.698Z","buy","maker"
"0.07530000","50.43000000","2024-05-27T18:29:58.698Z","buy","maker"
"0.07540000","60.00000000","2024-05-27T18:29:58.698Z","buy","maker"
"0.07550000","438.92000000","2024-05-27T18:28:31.261Z","buy","maker"
"0.07560000","52.48000000","2024-05-27T18:28:00.620Z","sell","maker"
"0.07560000","60.00000000","2024-05-27T18:28:00.620Z","sell","maker"
"0.07560000","24.50000000","2024-05-27T18:28:00.620Z","sell","maker"
"0.07530000","6.46000000","2024-05-27T18:27:42.968Z","buy","maker"
"0.07540000","8.07000000","2024-05-27T18:21:34.713Z","buy","maker"
"0.07560000","459.77000000","2024-05-27T18:21:12.502Z","sell","maker"
"0.07530000","3.11000000","2024-05-27T18:18:42.669Z","buy","maker"
"0.07550000","968.30000000","2024-05-27T18:17:50.650Z","sell","maker"
"0.07530000","12.39000000","2024-05-27T18:14:37.794Z","buy","maker"
"0.07530000","1.06000000","2024-05-27T18:13:44.077Z","buy","maker"
"0.07560000","1269.40000000","2024-05-27T18:10:51.449Z","sell","maker"
"0.07550000","662.55000000","2024-05-27T18:10:51.449Z","sell","maker"
"0.07550000","581.85000000","2024-05-27T18:09:53.357Z","sell","maker"
"0.07550000","60.00000000","2024-05-27T18:09:53.357Z","sell","maker"
"0.07540000","648.58000000","2024-05-27T18:09:53.357Z","sell","maker"
"0.07520000","4.24000000","2024-05-27T18:01:33.562Z","buy","maker"
"0.07540000","73.24000000","2024-05-27T17:55:24.562Z","sell","maker"
"0.07540000","12.76000000","2024-05-27T17:55:24.562Z","sell","maker"
"0.07520000","5.39000000","2024-05-27T17:51:23.842Z","buy","maker"
"0.07540000","25.90000000","2024-05-27T17:47:58.659Z","sell","maker"
"0.07530000","13.85000000","2024-05-27T17:47:58.659Z","sell","maker"
"0.07520000","5.66000000","2024-05-27T17:45:20.719Z","buy","maker"
"0.07530000","18.93000000","2024-05-27T17:45:08.907Z","sell","maker"
"0.07530000","12.80000000","2024-05-27T17:43:28.202Z","sell","maker"
"0.07530000","14.42000000","2024-05-27T17:43:15.419Z","sell","maker"
"0.07520000","3836.18000000","2024-05-27T17:42:47.062Z","buy","maker"
"0.07520000","5.69000000","2024-05-27T17:42:21.880Z","buy","maker"
"0.07520000","1595.01000000","2024-05-27T17:42:10.969Z","buy","maker"
"0.07520000","1199.13000000","2024-05-27T17:41:44.830Z","sell","maker"
"0.07520000","6355.02000000","2024-05-27T17:41:44.830Z","sell","maker"
"0.07520000","60.00000000","2024-05-27T17:41:44.830Z","sell","maker"
"0.07510000","666.45000000","2024-05-27T17:41:44.830Z","sell","maker"
"0.07510000","91.04000000","2024-05-27T17:41:44.830Z","sell","maker"
"0.07510000","732.64000000","2024-05-27T17:41:44.830Z","sell","maker"
"0.07510000","37.28000000","2024-05-27T17:41:44.830Z","sell","maker"
"0.07510000","1.31000000","2024-05-27T17:40:36.556Z","sell","maker"
"0.07480000","19.40000000","2024-05-27T17:40:26.345Z","buy","maker"
"0.07480000","53.01000000","2024-05-27T17:38:29.592Z","buy","maker"
"0.07510000","8.22000000","2024-05-27T17:38:22.100Z","sell","maker"
"0.07500000","7.00000000","2024-05-27T17:38:22.100Z","sell","maker"
"0.07500000","53.00000000","2024-05-27T17:37:58.414Z","sell","maker"
"0.07490000","60.00000000","2024-05-27T17:37:55.756Z","sell","maker"
"0.07480000","6.85000000","2024-05-27T17:37:46.049Z","buy","maker"
"0.07480000","0.01000000","2024-05-27T17:36:24.953Z","buy","maker"
"0.07480000","0.01000000","2024-05-27T17:36:18.172Z","buy","maker"
"0.07480000","60.00000000","2024-05-27T17:35:21.256Z","sell","maker"
"0.07460000","2363.75000000","2024-05-27T17:35:20.471Z","buy","maker"
"0.07460000","1339.04000000","2024-05-27T17:35:20.471Z","buy","maker"
"0.07460000","60.00000000","2024-05-27T17:35:20.471Z","buy","maker"
"0.07470000","60.00000000","2024-05-27T17:35:20.471Z","buy","maker"
"0.07480000","458.95000000","2024-05-27T17:35:20.471Z","buy","maker"
"0.07480000","60.00000000","2024-05-27T17:35:20.471Z","buy","maker"
"0.07480000","206.18000000","2024-05-27T17:35:20.471Z","buy","maker"
"0.07490000","667.22000000","2024-05-27T17:35:20.471Z","buy","maker"
"0.07490000","664.15000000","2024-05-27T17:35:20.471Z","buy","maker"
"0.07510000","13.18000000","2024-05-27T17:33:38.585Z","sell","maker"
"0.07490000","6.50000000","2024-05-27T17:33:02.262Z","buy","maker"
"0.07510000","0.01000000","2024-05-27T17:30:57.602Z","sell","maker"
"0.07490000","47.10000000","2024-05-27T17:30:51.119Z","buy","maker"
"0.07480000","8586.54000000","2024-05-27T17:29:33.095Z","buy","maker"
"0.07490000","1335.08000000","2024-05-27T17:29:33.095Z","buy","maker"
"0.07490000","45.21000000","2024-05-27T17:29:33.095Z","buy","maker"
"0.07500000","91.10000000","2024-05-27T17:29:33.095Z","buy","maker"
"0.07500000","60.00000000","2024-05-27T17:29:33.095Z","buy","maker"
"0.07510000","17.69000000","2024-05-27T17:29:33.095Z","buy","maker"
"0.07510000","0.63000000","2024-05-27T17:29:33.095Z","buy","maker"
"0.07520000","664.74000000","2024-05-27T17:29:33.095Z","buy","maker"
"0.07520000","723.54000000","2024-05-27T17:29:33.095Z","buy","maker"
"0.07530000","457.87000000","2024-05-27T17:29:33.095Z","buy","maker"
"0.07510000","16.85000000","2024-05-27T17:28:55.475Z","buy","maker"
"0.07540000","16.82000000","2024-05-27T17:27:22.882Z","sell","maker"
"0.07520000","5.84000000","2024-05-27T17:24:17.210Z","buy","maker"
"0.07510000","36.80000000","2024-05-27T17:16:09.991Z","buy","maker"
"0.07520000","73.59000000","2024-05-27T17:13:55.839Z","buy","maker"
"0.07520000","5.03000000","2024-05-27T17:13:25.272Z","buy","maker"
"0.07530000","0.01000000","2024-05-27T17:13:25.272Z","buy","maker"
"0.07510000","5.72000000","2024-05-27T17:09:36.736Z","buy","maker"
"0.07540000","4.52000000","2024-05-27T17:07:23.813Z","sell","maker"
"0.07520000","73.85000000","2024-05-27T17:06:21.112Z","buy","maker"
"0.07520000","17.64000000","2024-05-27T17:06:21.112Z","buy","maker"
"0.07520000","52.35000000","2024-05-27T17:06:21.112Z","buy","maker"
"0.07520000","6.49000000","2024-05-27T17:04:46.837Z","buy","maker"
"0.07530000","676.02000000","2024-05-27T17:04:28.186Z","buy","maker"
"0.07520000","1.16000000","2024-05-27T17:02:35.100Z","buy","maker"
"0.07530000","5.65000000","2024-05-27T17:02:35.100Z","buy","maker"
"0.07530000","7.11000000","2024-05-27T17:01:28.862Z","buy","maker"
"0.07530000","8.61000000","2024-05-27T17:01:27.527Z","buy","maker"
"0.07530000","25.30000000","2024-05-27T16:58:19.910Z","buy","maker"
"0.07530000","6.55000000","2024-05-27T16:57:19.687Z","buy","maker"
"0.07530000","6.27000000","2024-05-27T16:56:21.457Z","buy","maker"
"0.07540000","0.01000000","2024-05-27T16:56:21.457Z","buy","maker"
"0.07530000","0.51000000","2024-05-27T16:54:41.708Z","buy","maker"
"0.07550000","13.23000000","2024-05-27T16:54:24.276Z","sell","maker"
"0.07550000","13.23000000","2024-05-27T16:53:51.113Z","sell","maker"
"0.07550000","34491.42000000","2024-05-27T16:50:37.646Z","sell","maker"
"0.07550000","392.65000000","2024-05-27T16:50:37.646Z","sell","maker"
"0.07550000","60.00000000","2024-05-27T16:50:37.646Z","sell","maker"
"0.07540000","738.62000000","2024-05-27T16:50:37.646Z","sell","maker"
"0.07540000","359.71000000","2024-05-27T16:50:37.646Z","sell","maker"
"0.07540000","382.84000000","2024-05-27T16:50:37.646Z","sell","maker"
"0.07540000","436.38000000","2024-05-27T16:50:37.646Z","sell","maker"
"0.07540000","60.00000000","2024-05-27T16:50:37.646Z","sell","maker"
"0.07530000","3382.23000000","2024-05-27T16:50:37.646Z","sell","maker"
"0.07530000","60.00000000","2024-05-27T16:50:37.646Z","sell","maker"
"0.07530000","223.92000000","2024-05-27T16:50:37.646Z","sell","maker"
"0.07520000","664.89000000","2024-05-27T16:50:37.646Z","sell","maker"
"0.07520000","59.99000000","2024-05-27T16:50:37.646Z","sell","maker"
"0.07490000","6.53000000","2024-05-27T16:45:37.558Z","buy","maker"
"0.07520000","0.01000000","2024-05-27T16:45:01.490Z","sell","maker"
"0.07490000","8.26000000","2024-05-27T16:43:44.702Z","buy","maker"
"0.07500000","33.40000000","2024-05-27T16:43:19.260Z","buy","maker"
"0.07510000","30.95000000","2024-05-27T16:43:01.509Z","buy","maker"
"0.07530000","0.01000000","2024-05-27T16:41:59.724Z","sell","maker"
"0.07510000","3.32000000","2024-05-27T16:41:43.999Z","buy","maker"
"0.07510000","6.52000000","2024-05-27T16:41:40.079Z","buy","maker"
"0.07510000","6.99000000","2024-05-27T16:39:45.370Z","buy","maker"
"0.07510000","12.22000000","2024-05-27T16:38:10.094Z","buy","maker"
"0.07530000","11.01000000","2024-05-27T16:35:32.535Z","sell","maker"
"0.07530000","200.10000000","2024-05-27T16:33:42.461Z","sell","maker"
"0.07530000","373.27000000","2024-05-27T16:33:42.461Z","sell","maker"
"0.07530000","60.00000000","2024-05-27T16:33:42.461Z","sell","maker"
"0.07520000","665.20000000","2024-05-27T16:33:42.461Z","sell","maker"
"0.07500000","26.60000000","2024-05-27T16:32:54.361Z","buy","maker"
"0.07520000","38.88000000","2024-05-27T16:31:35.970Z","sell","maker"
"0.07520000","272.76000000","2024-05-27T16:30:13.310Z","sell","maker"
"0.07520000","1146.10000000","2024-05-27T16:30:13.310Z","sell","maker"
"0.07520000","363.94000000","2024-05-27T16:30:13.310Z","sell","maker"
"0.07520000","60.00000000","2024-05-27T16:30:13.310Z","sell","maker"
"0.07510000","665.79000000","2024-05-27T16:30:13.310Z","sell","maker"
"0.07510000","84.36000000","2024-05-27T16:30:13.310Z","sell","maker"
"0.07510000","60.00000000","2024-05-27T16:30:13.310Z","sell","maker"
"0.07490000","5.52000000","2024-05-27T16:29:51.970Z","buy","maker"
"0.07490000","441.58000000","2024-05-27T16:26:39.327Z","buy","maker"
"0.07490000","7.72000000","2024-05-27T16:24:47.341Z","buy","maker"
"0.07480000","484.96000000","2024-05-27T16:23:19.095Z","buy","maker"
"0.07500000","0.01000000","2024-05-27T16:22:52.560Z","sell","maker"
"0.07490000","9.72000000","2024-05-27T16:22:36.577Z","buy","maker"
"0.07480000","517.06000000","2024-05-27T16:21:25.923Z","buy","maker"
"0.07490000","667.16000000","2024-05-27T16:21:25.923Z","buy","maker"
"0.07490000","84.33000000","2024-05-27T16:21:25.923Z","buy","maker"
"0.07490000","52.96000000","2024-05-27T16:21:25.923Z","buy","maker"
"0.07490000","7.04000000","2024-05-27T16:21:06.829Z","buy","maker"
"0.07510000","426.75000000","2024-05-27T16:19:12.431Z","sell","maker"
"0.07510000","60.00000000","2024-05-27T16:19:12.431Z","sell","maker"
"0.07510000","11.88000000","2024-05-27T16:19:12.431Z","sell","maker"
"0.07500000","88.89000000","2024-05-27T16:19:12.431Z","sell","maker"
"0.07500000","9.28000000","2024-05-27T16:19:12.431Z","sell","maker"
"0.07500000","50.71000000","2024-05-27T16:18:30.883Z","sell","maker"
"0.07500000","0.01000000","2024-05-27T16:17:14.110Z","sell","maker"
"0.07490000","748.78000000","2024-05-27T16:16:39.697Z","sell","maker"
"0.07490000","42.41000000","2024-05-27T16:16:39.697Z","sell","maker"
"0.07480000","5.76000000","2024-05-27T16:16:26.726Z","buy","maker"
"0.07480000","4.89000000","2024-05-27T16:12:48.827Z","buy","maker"
"0.07480000","5.85000000","2024-05-27T16:12:43.685Z","buy","maker"
"0.07480000","0.01000000","2024-05-27T16:12:04.405Z","buy","maker"
"0.07480000","77.06000000","2024-05-27T16:11:32.056Z","buy","maker"
"0.07480000","0.01000000","2024-05-27T16:10:56.012Z","buy","maker"
"0.07490000","17.59000000","2024-05-27T16:10:30.171Z","sell","maker"
"0.07480000","60.00000000","2024-05-27T16:10:06.204Z","sell","maker"
"0.07470000","1.51000000","2024-05-27T16:09:29.698Z","buy","maker"
"0.07470000","4.27000000","2024-05-27T16:09:05.483Z","buy","maker"
"0.07460000","0.01000000","2024-05-27T16:08:19.161Z","buy","maker"
"0.07460000","0.01000000","2024-05-27T16:08:14.778Z","buy","maker"
"0.07460000","667.76000000","2024-05-27T16:07:57.396Z","buy","maker"
"0.07470000","0.01000000","2024-05-27T16:02:50.785Z","buy","maker"
"0.07470000","0.01000000","2024-05-27T16:02:46.624Z","buy","maker"
"0.07460000","8797.42000000","2024-05-27T16:02:32.903Z","buy","maker"
"0.07470000","669.34000000","2024-05-27T16:02:32.903Z","buy","maker"
"0.07470000","2095.43000000","2024-05-27T16:02:32.903Z","buy","maker"
"0.07470000","17.19000000","2024-05-27T16:01:57.017Z","buy","maker"
"0.07470000","42.82000000","2024-05-27T16:01:34.513Z","sell","maker"
"0.07470000","17.18000000","2024-05-27T16:01:34.387Z","sell","maker"
"0.07460000","60.00000000","2024-05-27T15:59:57.508Z","sell","maker"
"0.07440000","0.01000000","2024-05-27T15:59:44.358Z","buy","maker"
"0.07440000","0.01000000","2024-05-27T15:59:41.184Z","buy","maker"
"0.07440000","0.01000000","2024-05-27T15:59:37.660Z","buy","maker"
"0.07440000","10.05000000","2024-05-27T15:59:21.126Z","buy","maker"
"0.07450000","0.01000000","2024-05-27T15:59:07.561Z","buy","maker"
"0.07450000","0.01000000","2024-05-27T15:59:03.308Z","buy","maker"
"0.07450000","0.01000000","2024-05-27T15:58:59.018Z","buy","maker"
"0.07450000","6.85000000","2024-05-27T15:58:57.732Z","buy","maker"
"0.07440000","3040.19000000","2024-05-27T15:58:27.611Z","buy","maker"
"0.07440000","449.72000000","2024-05-27T15:58:27.611Z","buy","maker"
"0.07440000","60.00000000","2024-05-27T15:58:27.611Z","buy","maker"
"0.07450000","2742.78000000","2024-05-27T15:58:27.611Z","buy","maker"
"0.07450000","52.95000000","2024-05-27T15:58:27.611Z","buy","maker"
"0.07460000","669.65000000","2024-05-27T15:58:27.611Z","buy","maker"
"0.07460000","88.92000000","2024-05-27T15:58:27.611Z","buy","maker"
"0.07460000","53.58000000","2024-05-27T15:58:27.611Z","buy","maker"
"0.07470000","722.23000000","2024-05-27T15:58:27.611Z","buy","maker"
"0.07470000","60.00000000","2024-05-27T15:58:27.611Z","buy","maker"
"0.07480000","59.98000000","2024-05-27T15:58:27.611Z","buy","maker"
"0.07480000","0.01000000","2024-05-27T15:56:09.958Z","buy","maker"
"0.07480000","0.01000000","2024-05-27T15:56:06.183Z","buy","maker"
"0.07490000","60.00000000","2024-05-27T15:55:41.995Z","buy","maker"
"0.07500000","4111.61000000","2024-05-27T15:54:44.488Z","sell","maker"
"0.07500000","450.93000000","2024-05-27T15:54:34.141Z","buy","maker"
"0.07500000","4.34000000","2024-05-27T15:51:46.166Z","buy","maker"
"0.07510000","338.84000000","2024-05-27T15:48:18.998Z","sell","maker"
"0.07510000","418.72000000","2024-05-27T15:48:18.998Z","sell","maker"
"0.07510000","500.68000000","2024-05-27T15:48:18.998Z","sell","maker"
"0.07510000","60.00000000","2024-05-27T15:48:18.998Z","sell","maker"
"0.07490000","5.13000000","2024-05-27T15:45:47.567Z","buy","maker"
"0.07500000","41.45000000","2024-05-27T15:44:21.481Z","sell","maker"
"0.07500000","60.00000000","2024-05-27T15:44:21.481Z","sell","maker"
"0.07490000","668.14000000","2024-05-27T15:44:21.481Z","sell","maker"
"0.07490000","60.00000000","2024-05-27T15:44:21.481Z","sell","maker"
"0.07480000","6340.30000000","2024-05-27T15:44:21.481Z","sell","maker"
"0.07460000","0.01000000","2024-05-27T15:44:02.264Z","buy","maker"
"0.07470000","4.35000000","2024-05-27T15:43:15.673Z","buy","maker"
"0.07460000","6.41000000","2024-05-27T15:42:47.432Z","buy","maker"
"0.07470000","0.01000000","2024-05-27T15:35:40.020Z","buy","maker"
"0.07470000","0.01000000","2024-05-27T15:35:34.849Z","buy","maker"
"0.07470000","0.01000000","2024-05-27T15:35:30.500Z","buy","maker"
"0.07470000","6.08000000","2024-05-27T15:34:15.475Z","buy","maker"
"0.07470000","6.96000000","2024-05-27T15:30:24.348Z","buy","maker"
"0.07480000","194.36000000","2024-05-27T15:26:35.920Z","sell","maker"
"0.07470000","0.01000000","2024-05-27T15:23:53.076Z","buy","maker"
"0.07470000","4.79000000","2024-05-27T15:23:25.952Z","buy","maker"
"0.07470000","6.09000000","2024-05-27T15:23:16.644Z","buy","maker"
"0.07470000","0.01000000","2024-05-27T15:20:35.749Z","buy","maker"
"0.07480000","758.20000000","2024-05-27T15:20:09.313Z","sell","maker"
"0.07480000","42.45000000","2024-05-27T15:20:09.313Z","sell","maker"
"0.07460000","6.76000000","2024-05-27T15:15:39.101Z","buy","maker"
"0.07460000","3.78000000","2024-05-27T15:12:18.560Z","buy","maker"
"0.07480000","17.55000000","2024-05-27T15:12:17.874Z","sell","maker"
"0.07450000","0.01000000","2024-05-27T15:10:20.232Z","buy","maker"
"0.07460000","1867.80000000","2024-05-27T15:09:43.689Z","buy","maker"
"0.07460000","41.13000000","2024-05-27T15:08:37.659Z","buy","maker"
"0.07460000","46.09000000","2024-05-27T15:08:37.659Z","buy","maker"
"0.07460000","4.19000000","2024-05-27T15:08:17.005Z","buy","maker"
"0.07480000","76.18000000","2024-05-27T15:08:15.663Z","sell","maker"
"0.07470000","6.88000000","2024-05-27T15:08:15.663Z","sell","maker"
"0.07460000","0.01000000","2024-05-27T15:07:12.860Z","buy","maker"
"0.07480000","53.07000000","2024-05-27T15:06:01.649Z","sell","maker"
"0.07460000","0.01000000","2024-05-27T15:03:35.560Z","buy","maker"
"0.07470000","605.11000000","2024-05-27T15:02:54.615Z","buy","maker"
"0.07470000","60.00000000","2024-05-27T15:02:54.615Z","buy","maker"
"0.07480000","81.86000000","2024-05-27T15:02:54.615Z","buy","maker"
"0.07480000","81.86000000","2024-05-27T15:02:54.615Z","buy","maker"
"0.07490000","199.09000000","2024-05-27T14:55:10.051Z","sell","maker"
"0.07490000","362.22000000","2024-05-27T14:55:08.552Z","sell","maker"
"0.07490000","60.00000000","2024-05-27T14:55:08.552Z","sell","maker"
"0.07460000","6.25000000","2024-05-27T14:42:12.984Z","buy","maker"
"0.07460000","3.45000000","2024-05-27T14:40:22.762Z","buy","maker"
"0.07470000","431.81000000","2024-05-27T14:38:11.375Z","buy","maker"
"0.07470000","60.00000000","2024-05-27T14:38:11.375Z","buy","maker"
"0.07480000","473.63000000","2024-05-27T14:38:11.375Z","buy","maker"
"0.07480000","736.47000000","2024-05-27T14:38:11.375Z","buy","maker"
"0.07480000","1.70000000","2024-05-27T14:37:59.030Z","buy","maker"
"0.07480000","5.31000000","2024-05-27T14:37:59.030Z","buy","maker"
"0.07480000","12.25000000","2024-05-27T14:34:18.760Z","buy","maker"
"0.07480000","42.44000000","2024-05-27T14:29:19.348Z","buy","maker"
"0.07500000","485.91000000","2024-05-27T14:28:50.758Z","buy","maker"
"0.07500000","1258.11000000","2024-05-27T14:27:07.084Z","sell","maker"
"0.07500000","408.26000000","2024-05-27T14:27:07.084Z","sell","maker"
"0.07500000","60.00000000","2024-05-27T14:27:07.084Z","sell","maker"
"0.07490000","3007.86000000","2024-05-27T14:27:07.084Z","sell","maker"
"0.07490000","726.43000000","2024-05-27T14:27:07.084Z","sell","maker"
"0.07490000","398.05000000","2024-05-27T14:27:07.084Z","sell","maker"
"0.07490000","437.39000000","2024-05-27T14:27:07.084Z","sell","maker"
"0.07490000","60.00000000","2024-05-27T14:27:07.084Z","sell","maker"
"0.07480000","5287.87000000","2024-05-27T14:27:07.084Z","sell","maker"
"0.07480000","378.40000000","2024-05-27T14:27:07.084Z","sell","maker"
"0.07480000","60.00000000","2024-05-27T14:27:07.084Z","sell","maker"
"0.07470000","669.34000000","2024-05-27T14:27:07.084Z","sell","maker"
"0.07470000","85.26000000","2024-05-27T14:27:07.084Z","sell","maker"
"0.07470000","85.56000000","2024-05-27T14:27:07.084Z","sell","maker"
"0.07460000","4.35000000","2024-05-27T14:25:07.995Z","buy","maker"
"0.07450000","3.96000000","2024-05-27T14:10:01.134Z","buy","maker"
"0.07450000","3.08000000","2024-05-27T14:10:00.148Z","buy","maker"
"0.07470000","283.38000000","2024-05-27T14:06:41.035Z","sell","maker"
"0.07470000","440.52000000","2024-05-27T14:06:41.035Z","sell","maker"
"0.07470000","7.30000000","2024-05-27T14:06:41.035Z","sell","maker"
"0.07460000","737.68000000","2024-05-27T14:06:41.035Z","sell","maker"
"0.07460000","60.00000000","2024-05-27T14:06:41.035Z","sell","maker"
"0.07440000","998.51000000","2024-05-27T14:04:50.920Z","buy","maker"
"0.07450000","91.03000000","2024-05-27T13:59:16.789Z","sell","maker"
"0.07450000","60.00000000","2024-05-27T13:59:16.789Z","sell","maker"
"0.07420000","7.70000000","2024-05-27T13:55:35.123Z","buy","maker"
"0.07420000","6.91000000","2024-05-27T13:54:42.690Z","buy","maker"
"0.07440000","26.61000000","2024-05-27T13:47:10.077Z","sell","maker"
"0.07440000","60.00000000","2024-05-27T13:46:03.255Z","sell","maker"
"0.07430000","745.81000000","2024-05-27T13:45:57.258Z","sell","maker"
"0.07430000","60.00000000","2024-05-27T13:45:57.258Z","sell","maker"
"0.07410000","6.65000000","2024-05-27T13:38:59.187Z","buy","maker"
"0.07410000","6.97000000","2024-05-27T13:38:03.203Z","buy","maker"
"0.07420000","674.42000000","2024-05-27T13:35:58.259Z","sell","maker"
"0.07410000","87.55000000","2024-05-27T13:34:01.765Z","buy","maker"
"0.07410000","13.63000000","2024-05-27T13:28:33.712Z","buy","maker"
"0.07420000","60.00000000","2024-05-27T13:27:25.512Z","sell","maker"
"0.07410000","60.00000000","2024-05-27T13:25:58.005Z","sell","maker"
"0.07390000","2365.16000000","2024-05-27T13:24:54.068Z","buy","maker"
"0.07390000","2192.06000000","2024-05-27T13:24:54.068Z","buy","maker"
"0.07390000","60.00000000","2024-05-27T13:24:54.068Z","buy","maker"
"0.07400000","420.41000000","2024-05-27T13:24:54.068Z","buy","maker"
"0.07400000","85.31000000","2024-05-27T13:24:54.068Z","buy","maker"
"0.07400000","60.00000000","2024-05-27T13:24:54.068Z","buy","maker"
"0.07410000","729.52000000","2024-05-27T13:24:54.068Z","buy","maker"
"0.07410000","60.00000000","2024-05-27T13:24:54.068Z","buy","maker"
"0.07420000","673.27000000","2024-05-27T13:24:54.068Z","buy","maker"
"0.07420000","60.00000000","2024-05-27T13:24:54.068Z","buy","maker"
"0.07440000","256.93000000","2024-05-27T13:21:20.351Z","sell","maker"
"0.07440000","60.00000000","2024-05-27T13:21:20.351Z","sell","maker"
"0.07440000","244.15000000","2024-05-27T13:21:20.351Z","sell","maker"
"0.07430000","718.16000000","2024-05-27T13:21:20.351Z","sell","maker"
"0.07430000","60.00000000","2024-05-27T13:21:20.351Z","sell","maker"
"0.07410000","8.33000000","2024-05-27T13:14:10.551Z","buy","maker"
"0.07410000","70.44000000","2024-05-27T13:13:18.684Z","buy","maker"
"0.07410000","481.37000000","2024-05-27T13:00:55.481Z","buy","maker"
"0.07410000","715.16000000","2024-05-27T13:00:55.481Z","buy","maker"
"0.07410000","442.47000000","2024-05-27T13:00:55.481Z","buy","maker"
"0.07410000","60.00000000","2024-05-27T13:00:55.481Z","buy","maker"
"0.07420000","60.00000000","2024-05-27T13:00:55.481Z","buy","maker"
"0.07430000","472.71000000","2024-05-27T13:00:19.762Z","buy","maker"
"0.07430000","166.64000000","2024-05-27T13:00:19.762Z","buy","maker"
"0.07430000","293.72000000","2024-05-27T13:00:19.762Z","buy","maker"
"0.07430000","41.69000000","2024-05-27T12:57:20.007Z","buy","maker"
"0.07440000","31.96000000","2024-05-27T12:56:26.341Z","sell","maker"
"0.07430000","8.16000000","2024-05-27T12:53:32.525Z","buy","maker"
"0.07430000","73.63000000","2024-05-27T12:46:54.023Z","buy","maker"
"0.07430000","7.26000000","2024-05-27T12:44:30.810Z","buy","maker"
"0.07440000","65.84000000","2024-05-27T12:43:26.305Z","sell","maker"
"0.07440000","60.00000000","2024-05-27T12:43:26.305Z","sell","maker"
"0.07430000","9.58000000","2024-05-27T12:41:51.852Z","buy","maker"
"0.07430000","1355.29000000","2024-05-27T12:34:49.257Z","sell","maker"
"0.07430000","13.69000000","2024-05-27T12:32:03.005Z","sell","maker"
"0.07420000","1.75000000","2024-05-27T12:25:40.652Z","buy","maker"
"0.07420000","5.73000000","2024-05-27T12:15:13.515Z","buy","maker"
"0.07430000","986.31000000","2024-05-27T12:10:27.759Z","sell","maker"
"0.07430000","715.72000000","2024-05-27T12:10:27.759Z","sell","maker"
"0.07430000","333.40000000","2024-05-27T12:10:27.759Z","sell","maker"
"0.07430000","60.00000000","2024-05-27T12:10:27.759Z","sell","maker"
"0.07420000","60.00000000","2024-05-27T12:04:35.758Z","sell","maker"
"0.07410000","60.00000000","2024-05-27T12:04:35.005Z","sell","maker"
"0.07400000","6.43000000","2024-05-27T12:04:28.495Z","buy","maker"
"0.07390000","54.64000000","2024-05-27T12:04:07.441Z","buy","maker"
"0.07390000","6.92000000","2024-05-27T12:03:58.446Z","buy","maker"
"0.07390000","57.32000000","2024-05-27T11:57:06.574Z","buy","maker"
"0.07390000","60.00000000","2024-05-27T11:57:06.574Z","buy","maker"
"0.07410000","829.22000000","2024-05-27T11:55:19.511Z","buy","maker"
"0.07410000","431.59000000","2024-05-27T11:55:15.505Z","buy","maker"
"0.07410000","67.57000000","2024-05-27T11:55:14.505Z","buy","maker"
"0.07410000","45.93000000","2024-05-27T11:55:14.255Z","buy","maker"
"0.07410000","238.70000000","2024-05-27T11:54:27.012Z","buy","maker"
"0.07410000","13.50000000","2024-05-27T11:54:26.755Z","buy","maker"
"0.07410000","229.74000000","2024-05-27T11:54:26.509Z","buy","maker"
"0.07410000","1068.40000000","2024-05-27T11:54:19.255Z","buy","maker"
"0.07410000","431.59000000","2024-05-27T11:54:15.255Z","buy","maker"
"0.07410000","67.57000000","2024-05-27T11:54:14.258Z","buy","maker"
"0.07410000","45.93000000","2024-05-27T11:54:14.007Z","buy","maker"
"0.07410000","238.70000000","2024-05-27T11:53:26.758Z","buy","maker"
"0.07410000","13.50000000","2024-05-27T11:53:26.510Z","buy","maker"
"0.07410000","229.74000000","2024-05-27T11:53:26.269Z","buy","maker"
"0.07410000","1021.41000000","2024-05-27T11:53:19.010Z","buy","maker"
"0.07410000","46.99000000","2024-05-27T11:53:19.010Z","buy","maker"
"0.07410000","431.59000000","2024-05-27T11:53:15.008Z","buy","maker"
"0.07410000","67.57000000","2024-05-27T11:53:14.020Z","buy","maker"
"0.07410000","45.93000000","2024-05-27T11:53:13.759Z","buy","maker"
"0.07410000","1.16000000","2024-05-27T11:52:58.499Z","buy","maker"
"0.07410000","238.70000000","2024-05-27T11:52:26.505Z","buy","maker"
"0.07410000","13.50000000","2024-05-27T11:52:26.258Z","buy","maker"
"0.07410000","229.74000000","2024-05-27T11:52:26.007Z","buy","maker"
"0.07410000","770.27000000","2024-05-27T11:52:14.755Z","buy","maker"
"0.07410000","716.22000000","2024-05-27T11:52:14.505Z","buy","maker"
"0.07410000","13.50000000","2024-05-27T11:52:14.255Z","buy","maker"
"0.07410000","27.04000000","2024-05-27T11:52:14.007Z","buy","maker"
"0.07410000","40.53000000","2024-05-27T11:52:13.761Z","buy","maker"
"0.07410000","45.93000000","2024-05-27T11:52:13.509Z","buy","maker"
"0.07410000","2095.43000000","2024-05-27T11:51:13.259Z","buy","maker"
"0.07410000","2095.43000000","2024-05-27T11:50:13.009Z","buy","maker"
"0.07410000","675.27000000","2024-05-27T11:50:12.812Z","sell","maker"
"0.07410000","9701.95000000","2024-05-27T11:50:12.812Z","sell","maker"
"0.07410000","297.91000000","2024-05-27T11:49:38.931Z","sell","maker"
"0.07410000","9202.09000000","2024-05-27T11:49:38.931Z","sell","maker"
"0.07400000","60.00000000","2024-05-27T11:48:36.257Z","buy","maker"
"0.07400000","6.48000000","2024-05-27T11:43:01.173Z","buy","maker"
"0.07400000","3.93000000","2024-05-27T11:40:22.558Z","buy","maker"
"0.07410000","10.00000000","2024-05-27T11:36:04.510Z","buy","maker"
"0.07410000","464.97000000","2024-05-27T11:35:48.009Z","buy","maker"
"0.07410000","10.00000000","2024-05-27T11:35:48.009Z","buy","maker"
"0.07410000","10.00000000","2024-05-27T11:35:37.756Z","buy","maker"
"0.07410000","100.00000000","2024-05-27T11:34:41.009Z","buy","maker"
"0.07410000","100.00000000","2024-05-27T11:34:05.758Z","buy","maker"
"0.07410000","100.00000000","2024-05-27T11:33:54.008Z","buy","maker"
"0.07400000","60.95000000","2024-05-27T11:31:31.907Z","buy","maker"
"0.07400000","9.81000000","2024-05-27T11:30:16.484Z","buy","maker"
"0.07420000","484.87000000","2024-05-27T11:23:07.509Z","buy","maker"
"0.07410000","4.36000000","2024-05-27T11:20:08.593Z","buy","maker"
"0.07400000","6.17000000","2024-05-27T11:19:49.279Z","buy","maker"
"0.07420000","341.54000000","2024-05-27T11:19:46.224Z","sell","maker"
"0.07420000","299.02000000","2024-05-27T11:19:46.224Z","sell","maker"
"0.07410000","6.26000000","2024-05-27T11:19:41.847Z","buy","maker"
"0.07420000","26.17000000","2024-05-27T11:19:05.915Z","sell","maker"
"0.07420000","60.00000000","2024-05-27T11:19:05.915Z","sell","maker"
"0.07410000","254.87000000","2024-05-27T11:19:05.915Z","sell","maker"
"0.07400000","4.89000000","2024-05-27T11:16:09.348Z","buy","maker"
"0.07410000","62.19000000","2024-05-27T11:05:51.788Z","sell","maker"
"0.07410000","29.49000000","2024-05-27T11:05:51.788Z","sell","maker"
"0.07400000","222.39000000","2024-05-27T10:59:33.190Z","buy","maker"
"0.07400000","7.02000000","2024-05-27T10:53:58.189Z","buy","maker"
"0.07400000","57.70000000","2024-05-27T10:52:05.664Z","buy","maker"
"0.07400000","4.58000000","2024-05-27T10:50:11.555Z","buy","maker"
"0.07400000","13.44000000","2024-05-27T10:47:48.218Z","buy","maker"
"0.07410000","30.51000000","2024-05-27T10:34:57.209Z","sell","maker"
"0.07400000","6692.47000000","2024-05-27T10:34:57.209Z","sell","maker"
"0.07400000","6445.18000000","2024-05-27T10:34:57.209Z","sell","maker"
"0.07400000","309.13000000","2024-05-27T10:34:57.209Z","sell","maker"
"0.07400000","60.00000000","2024-05-27T10:34:57.209Z","sell","maker"
"0.07400000","388.10000000","2024-05-27T10:34:57.209Z","sell","maker"
"0.07390000","80.47000000","2024-05-27T10:34:57.209Z","sell","maker"
"0.07390000","301.40000000","2024-05-27T10:34:57.209Z","sell","maker"
"0.07390000","4010.62000000","2024-05-27T10:34:57.209Z","sell","maker"
"0.07380000","677.50000000","2024-05-27T10:34:57.209Z","sell","maker"
"0.07380000","293.87000000","2024-05-27T10:34:57.209Z","sell","maker"
"0.07380000","738.43000000","2024-05-27T10:34:57.209Z","sell","maker"
"0.07380000","4.84000000","2024-05-27T10:25:17.564Z","sell","maker"
"0.07380000","648.63000000","2024-05-27T10:21:23.425Z","buy","maker"
"0.07380000","5146.04000000","2024-05-27T10:21:23.425Z","buy","maker"
"0.07380000","4552.68000000","2024-05-27T10:21:23.425Z","buy","maker"
"0.07380000","269.91000000","2024-05-27T10:21:23.425Z","buy","maker"
"0.07380000","440.52000000","2024-05-27T10:21:23.425Z","buy","maker"
"0.07380000","60.00000000","2024-05-27T10:21:23.425Z","buy","maker"
"0.07390000","5274.63000000","2024-05-27T10:21:23.425Z","buy","maker"
"0.07390000","505.61000000","2024-05-27T10:21:23.425Z","buy","maker"
"0.07390000","269.55000000","2024-05-27T10:21:23.425Z","buy","maker"
"0.07390000","200.00000000","2024-05-27T10:21:23.425Z","buy","maker"
"0.07390000","60.00000000","2024-05-27T10:21:23.425Z","buy","maker"
"0.07400000","269.18000000","2024-05-27T10:21:23.425Z","buy","maker"
"0.07400000","3944.96000000","2024-05-27T10:21:23.425Z","buy","maker"
"0.07400000","437.39000000","2024-05-27T10:21:23.425Z","buy","maker"
"0.07400000","60.00000000","2024-05-27T10:21:23.425Z","buy","maker"
"0.07410000","1349.14000000","2024-05-27T10:21:23.425Z","buy","maker"
"0.07410000","168.09000000","2024-05-27T10:21:23.425Z","buy","maker"
"0.07410000","268.82000000","2024-05-27T10:21:23.425Z","buy","maker"
"0.07410000","500.68000000","2024-05-27T10:21:23.425Z","buy","maker"
"0.07410000","60.00000000","2024-05-27T10:21:23.425Z","buy","maker"
"0.07420000","80.37000000","2024-05-27T10:21:23.425Z","buy","maker"
"0.07420000","268.46000000","2024-05-27T10:21:23.425Z","buy","maker"
"0.07420000","60.00000000","2024-05-27T10:21:23.425Z","buy","maker"
"0.07430000","455.60000000","2024-05-27T10:21:23.425Z","buy","maker"
"0.07430000","268.12000000","2024-05-27T10:21:23.425Z","buy","maker"
"0.07430000","60.00000000","2024-05-27T10:21:23.425Z","buy","maker"
"0.07440000","671.44000000","2024-05-27T10:21:23.425Z","buy","maker"
"0.07440000","267.74000000","2024-05-27T10:21:23.425Z","buy","maker"
"0.07440000","729.94000000","2024-05-27T10:21:23.425Z","buy","maker"
"0.07440000","435.04000000","2024-05-27T10:21:23.425Z","buy","maker"
"0.07440000","60.00000000","2024-05-27T10:21:23.425Z","buy","maker"
"0.07450000","267.38000000","2024-05-27T10:18:08.505Z","buy","maker"
"0.07460000","133.51000000","2024-05-27T10:13:17.255Z","buy","maker"
"0.07460000","404.77000000","2024-05-27T10:13:11.507Z","buy","maker"
"0.07450000","17.07000000","2024-05-27T10:10:16.497Z","buy","maker"
"0.07450000","25.05000000","2024-05-27T10:10:16.497Z","buy","maker"
"0.07450000","5.42000000","2024-05-27T10:09:28.138Z","buy","maker"
"0.07470000","26.24000000","2024-05-27T10:08:20.492Z","sell","maker"
"0.07460000","642.86000000","2024-05-27T10:02:17.510Z","buy","maker"
"0.07460000","77.72000000","2024-05-27T10:02:03.536Z","buy","maker"
"0.07470000","26.46000000","2024-05-27T09:48:15.477Z","sell","maker"
"0.07450000","5.72000000","2024-05-27T09:47:01.133Z","buy","maker"
"0.07450000","400.19000000","2024-05-27T09:34:09.782Z","buy","maker"
"0.07450000","60.00000000","2024-05-27T09:34:09.782Z","buy","maker"
"0.07460000","452.64000000","2024-05-27T09:34:09.782Z","buy","maker"
"0.07460000","497.33000000","2024-05-27T09:34:09.782Z","buy","maker"
"0.07460000","60.00000000","2024-05-27T09:34:09.782Z","buy","maker"
"0.07470000","714.97000000","2024-05-27T09:32:25.509Z","buy","maker"
"0.07470000","433.29000000","2024-05-27T09:24:02.508Z","buy","maker"
"0.07470000","60.00000000","2024-05-27T09:24:02.508Z","buy","maker"
"0.07480000","672.00000000","2024-05-27T09:23:43.258Z","buy","maker"
"0.07480000","60.00000000","2024-05-27T09:23:43.258Z","buy","maker"
"0.07490000","545.19000000","2024-05-27T09:22:46.009Z","buy","maker"
"0.07490000","30.90000000","2024-05-27T09:22:43.759Z","buy","maker"
"0.07490000","667.34000000","2024-05-27T09:22:43.759Z","buy","maker"
"0.07490000","60.00000000","2024-05-27T09:22:43.759Z","buy","maker"
"0.07500000","60.00000000","2024-05-27T09:22:43.259Z","buy","maker"
"0.07510000","672.00000000","2024-05-27T09:22:43.007Z","buy","maker"
"0.07510000","60.00000000","2024-05-27T09:22:43.007Z","buy","maker"
"0.07520000","498.53000000","2024-05-27T09:21:45.758Z","buy","maker"
"0.07520000","46.66000000","2024-05-27T09:21:45.758Z","buy","maker"
"0.07540000","744.90000000","2024-05-27T09:21:43.510Z","buy","maker"
"0.07520000","13.34000000","2024-05-27T09:21:43.258Z","buy","maker"
"0.07540000","60.00000000","2024-05-27T09:21:43.009Z","buy","maker"
"0.07550000","562.36000000","2024-05-27T09:21:42.758Z","buy","maker"
"0.07550000","169.64000000","2024-05-27T09:21:42.758Z","buy","maker"
"0.07560000","72.92000000","2024-05-27T09:20:57.820Z","sell","maker"
"0.07550000","445.11000000","2024-05-27T09:20:43.763Z","buy","maker"
"0.07550000","113.46000000","2024-05-27T09:20:43.763Z","buy","maker"
"0.07560000","1328.00000000","2024-05-27T09:20:43.308Z","sell","maker"
"0.07560000","293.38000000","2024-05-27T09:20:43.285Z","sell","maker"
"0.07560000","497.33000000","2024-05-27T09:20:43.285Z","sell","maker"
"0.07560000","433.29000000","2024-05-27T09:20:43.285Z","sell","maker"
"0.07560000","60.00000000","2024-05-27T09:20:43.285Z","sell","maker"
"0.07550000","612.90000000","2024-05-27T09:20:43.011Z","buy","maker"
"0.07550000","734.10000000","2024-05-27T09:20:42.760Z","buy","maker"
"0.07550000","748.43000000","2024-05-27T09:20:42.508Z","buy","maker"
"0.07550000","35101.80000000","2024-05-27T09:20:41.401Z","sell","maker"
"0.07550000","60.00000000","2024-05-27T09:20:41.401Z","sell","maker"
"0.07540000","4624.11000000","2024-05-27T09:20:41.401Z","sell","maker"
"0.07540000","436.38000000","2024-05-27T09:20:41.401Z","sell","maker"
"0.07540000","60.00000000","2024-05-27T09:20:41.401Z","sell","maker"
"0.07530000","3987.11000000","2024-05-27T09:20:41.401Z","sell","maker"
"0.07530000","435.04000000","2024-05-27T09:20:41.401Z","sell","maker"
"0.07530000","60.00000000","2024-05-27T09:20:41.401Z","sell","maker"
"0.07520000","6526.28000000","2024-05-27T09:20:41.401Z","sell","maker"
"0.07520000","60.00000000","2024-05-27T09:20:41.401Z","sell","maker"
"0.07510000","500.68000000","2024-05-27T09:20:41.401Z","sell","maker"
"0.07510000","60.00000000","2024-05-27T09:20:41.401Z","sell","maker"
"0.07500000","2669.59000000","2024-05-27T09:20:41.401Z","sell","maker"
"0.07500000","60.00000000","2024-05-27T09:20:41.401Z","sell","maker"
"0.07490000","437.39000000","2024-05-27T09:20:41.401Z","sell","maker"
"0.07490000","60.00000000","2024-05-27T09:20:41.401Z","sell","maker"
"0.07480000","4008.70000000","2024-05-27T09:20:41.401Z","sell","maker"
"0.07480000","60.00000000","2024-05-27T09:20:41.401Z","sell","maker"
"0.07470000","440.52000000","2024-05-27T09:20:41.401Z","sell","maker"
"0.07470000","60.00000000","2024-05-27T09:20:41.401Z","sell","maker"
"0.07470000","1788.78000000","2024-05-27T09:20:41.401Z","sell","maker"
"0.07460000","1342.23000000","2024-05-27T09:20:41.401Z","sell","maker"
"0.07460000","504.09000000","2024-05-27T09:20:41.401Z","sell","maker"
"0.07460000","60.00000000","2024-05-27T09:20:41.401Z","sell","maker"
"0.07450000","4762.80000000","2024-05-27T09:20:41.401Z","sell","maker"
"0.07450000","439.77000000","2024-05-27T09:20:41.401Z","sell","maker"
"0.07450000","60.00000000","2024-05-27T09:20:41.401Z","sell","maker"
"0.07440000","90.36000000","2024-05-27T09:20:41.401Z","sell","maker"
"0.07440000","717.02000000","2024-05-27T09:20:41.401Z","sell","maker"
"0.07440000","60.00000000","2024-05-27T09:20:41.401Z","sell","maker"
"0.07430000","673.12000000","2024-05-27T09:20:41.401Z","sell","maker"
"0.07430000","871.53000000","2024-05-27T09:15:15.476Z","sell","maker"
"0.07430000","60.00000000","2024-05-27T09:15:15.476Z","sell","maker"
"0.07420000","121.05000000","2024-05-27T09:10:42.621Z","buy","maker"
"0.07420000","55.75000000","2024-05-27T08:42:44.087Z","sell","maker"
"0.07420000","60.00000000","2024-05-27T08:42:44.087Z","sell","maker"
"0.07410000","60.00000000","2024-05-27T08:42:44.087Z","sell","maker"
"0.07390000","7.88000000","2024-05-27T08:35:17.707Z","buy","maker"
"0.07420000","109.75000000","2024-05-27T08:34:12.255Z","buy","maker"
"0.07420000","125.51000000","2024-05-27T08:29:40.161Z","sell","maker"
"0.07420000","60.00000000","2024-05-27T08:29:40.161Z","sell","maker"
"0.07410000","193.06000000","2024-05-27T08:29:40.161Z","sell","maker"
"0.07410000","736.98000000","2024-05-27T08:29:40.161Z","sell","maker"
"0.07410000","60.00000000","2024-05-27T08:29:40.161Z","sell","maker"
"0.07400000","676.22000000","2024-05-27T08:26:57.392Z","sell","maker"
"0.07400000","60.00000000","2024-05-27T08:26:57.392Z","sell","maker"
"0.07390000","383.93000000","2024-05-27T08:26:57.015Z","sell","maker"
"0.07390000","347.70000000","2024-05-27T08:26:57.015Z","sell","maker"
"0.07390000","366.23000000","2024-05-27T08:26:56.258Z","sell","maker"
"0.07390000","354.06000000","2024-05-27T08:26:56.008Z","sell","maker"
"0.07390000","26.79000000","2024-05-27T08:04:57.822Z","sell","maker"
"0.07380000","677.97000000","2024-05-27T07:44:55.970Z","sell","maker"
"0.07370000","6.70000000","2024-05-27T07:41:47.615Z","buy","maker"
"0.07390000","436.38000000","2024-05-27T07:39:00.961Z","sell","maker"
"0.07380000","6.64000000","2024-05-27T07:38:46.144Z","sell","maker"
"0.07380000","724.45000000","2024-05-27T07:38:46.144Z","sell","maker"
"0.07380000","677.75000000","2024-05-27T07:35:06.362Z","sell","maker"
"0.07360000","29515.36000000","2024-05-27T07:27:41.576Z","buy","maker"
"0.07360000","4324.15000000","2024-05-27T07:27:41.576Z","buy","maker"
"0.07360000","2716.53000000","2024-05-27T07:27:41.576Z","buy","maker"
"0.07360000","439.77000000","2024-05-27T07:27:41.576Z","buy","maker"
"0.07360000","504.09000000","2024-05-27T07:27:41.576Z","buy","maker"
"0.07360000","60.00000000","2024-05-27T07:27:41.576Z","buy","maker"
"0.07370000","5667.98000000","2024-05-27T07:27:41.576Z","buy","maker"
"0.07370000","3447.97000000","2024-05-27T07:27:41.576Z","buy","maker"
"0.07370000","60.00000000","2024-05-27T07:27:41.576Z","buy","maker"
"0.07380000","440.52000000","2024-05-27T07:27:41.576Z","buy","maker"
"0.07380000","60.00000000","2024-05-27T07:27:41.576Z","buy","maker"
"0.07390000","4005.39000000","2024-05-27T07:27:41.576Z","buy","maker"
"0.07390000","60.00000000","2024-05-27T07:27:41.576Z","buy","maker"
"0.07400000","1351.07000000","2024-05-27T07:27:41.576Z","buy","maker"
"0.07400000","437.39000000","2024-05-27T07:27:41.576Z","buy","maker"
"0.07400000","60.00000000","2024-05-27T07:27:41.576Z","buy","maker"
"0.07410000","90.28000000","2024-05-27T07:27:41.576Z","buy","maker"
"0.07410000","500.68000000","2024-05-27T07:27:41.576Z","buy","maker"
"0.07410000","60.00000000","2024-05-27T07:27:41.576Z","buy","maker"
"0.07420000","60.00000000","2024-05-27T07:27:41.576Z","buy","maker"
"0.07430000","672.34000000","2024-05-27T07:27:41.576Z","buy","maker"
"0.07430000","712.60000000","2024-05-27T07:27:41.576Z","buy","maker"
"0.07440000","445.66000000","2024-05-27T07:27:41.576Z","buy","maker"
"0.07460000","345.04000000","2024-05-27T07:26:04.809Z","sell","maker"
"0.07430000","28.48000000","2024-05-27T07:11:43.216Z","buy","maker"
"0.07430000","60.00000000","2024-05-27T07:11:43.216Z","buy","maker"
"0.07440000","435.04000000","2024-05-27T07:09:59.257Z","buy","maker"
"0.07440000","60.00000000","2024-05-27T07:09:59.257Z","buy","maker"
"0.07460000","42.84000000","2024-05-27T07:03:32.172Z","sell","maker"
"0.07450000","383.84000000","2024-05-27T07:00:32.259Z","buy","maker"
"0.07450000","7.85000000","2024-05-27T07:00:21.636Z","buy","maker"
"0.07450000","9.44000000","2024-05-27T06:59:04.709Z","buy","maker"
"0.07450000","46.40000000","2024-05-27T06:59:04.709Z","buy","maker"
"0.07470000","55.81000000","2024-05-27T06:58:09.598Z","sell","maker"
"0.07460000","747.04000000","2024-05-27T06:56:29.759Z","buy","maker"
"0.07460000","5.50000000","2024-05-27T06:56:04.368Z","buy","maker"
"0.07450000","5.68000000","2024-05-27T06:54:59.137Z","buy","maker"
"0.07450000","7.92000000","2024-05-27T06:48:28.166Z","buy","maker"
"0.07460000","405.50000000","2024-05-27T06:42:00.764Z","buy","maker"
"0.07460000","336.66000000","2024-05-27T06:36:21.757Z","buy","maker"
"0.07470000","728.11000000","2024-05-27T06:35:15.758Z","buy","maker"
"0.07460000","3.67000000","2024-05-27T06:27:49.919Z","buy","maker"
"0.07460000","157.00000000","2024-05-27T06:20:40.508Z","buy","maker"
"0.07460000","60.00000000","2024-05-27T06:20:40.508Z","buy","maker"
"0.07480000","3813.20000000","2024-05-27T06:20:21.757Z","sell","maker"
"0.07470000","669.34000000","2024-05-27T06:20:21.757Z","sell","maker"
"0.07470000","716.70000000","2024-05-27T06:20:15.255Z","buy","maker"
"0.07470000","433.29000000","2024-05-27T06:20:15.255Z","buy","maker"
"0.07470000","60.00000000","2024-05-27T06:20:15.255Z","buy","maker"
"0.07480000","668.44000000","2024-05-27T06:20:06.508Z","buy","maker"
"0.07510000","3799.12000000","2024-05-27T06:19:37.243Z","sell","maker"
"0.07500000","667.37000000","2024-05-27T06:19:37.243Z","sell","maker"
"0.07480000","60.00000000","2024-05-27T06:19:01.756Z","buy","maker"
"0.07490000","682.26000000","2024-05-27T06:18:52.756Z","buy","maker"
"0.07490000","60.00000000","2024-05-27T06:18:52.756Z","buy","maker"
"0.07500000","3075.60000000","2024-05-27T06:18:43.836Z","sell","maker"
"0.07500000","515.49000000","2024-05-27T06:18:16.758Z","buy","maker"
"0.07500000","60.00000000","2024-05-27T06:18:16.758Z","buy","maker"
"0.07510000","60.00000000","2024-05-27T06:17:53.758Z","buy","maker"
"0.07520000","717.68000000","2024-05-27T06:17:53.267Z","buy","maker"
"0.07540000","742.26000000","2024-05-27T06:17:52.514Z","buy","maker"
"0.07540000","742.47000000","2024-05-27T06:16:57.151Z","buy","maker"
"0.07520000","1260.97000000","2024-05-27T06:16:52.505Z","buy","maker"
"0.07520000","60.00000000","2024-05-27T06:16:52.505Z","buy","maker"
"0.07530000","714.46000000","2024-05-27T06:16:52.259Z","buy","maker"
"0.07530000","60.00000000","2024-05-27T06:16:52.259Z","buy","maker"
"0.07560000","39.37000000","2024-05-27T06:16:51.546Z","sell","maker"
"0.07570000","20295.27000000","2024-05-27T06:16:51.515Z","sell","maker"
"0.07570000","482.10000000","2024-05-27T06:16:51.515Z","sell","maker"
"0.07570000","60.00000000","2024-05-27T06:16:51.515Z","sell","maker"
"0.07560000","3447.97000000","2024-05-27T06:16:51.515Z","sell","maker"
"0.07560000","478.20000000","2024-05-27T06:16:51.515Z","sell","maker"
"0.07560000","497.33000000","2024-05-27T06:16:51.515Z","sell","maker"
"0.07560000","433.29000000","2024-05-27T06:16:51.515Z","sell","maker"
"0.07560000","60.00000000","2024-05-27T06:16:51.515Z","sell","maker"
"0.07550000","3619.61000000","2024-05-27T06:16:51.515Z","sell","maker"
"0.07550000","2550.08000000","2024-05-27T06:16:51.515Z","sell","maker"
"0.07550000","471.23000000","2024-05-27T06:16:51.515Z","sell","maker"
"0.07550000","60.00000000","2024-05-27T06:16:51.515Z","sell","maker"
"0.07540000","3979.17000000","2024-05-27T06:16:51.515Z","sell","maker"
"0.07540000","468.30000000","2024-05-27T06:16:51.515Z","sell","maker"
"0.07540000","60.00000000","2024-05-27T06:16:51.515Z","sell","maker"
"0.07530000","6663.66000000","2024-05-27T06:16:51.515Z","sell","maker"
"0.07530000","435.04000000","2024-05-27T06:16:51.515Z","sell","maker"
"0.07530000","60.00000000","2024-05-27T06:16:51.515Z","sell","maker"
"0.07520000","60.00000000","2024-05-27T06:16:51.515Z","sell","maker"
"0.07510000","500.68000000","2024-05-27T06:16:51.515Z","sell","maker"
"0.07510000","60.00000000","2024-05-27T06:16:51.515Z","sell","maker"
"0.07500000","2670.14000000","2024-05-27T06:16:51.515Z","sell","maker"
"0.07500000","60.00000000","2024-05-27T06:16:51.515Z","sell","maker"
"0.07490000","3875.00000000","2024-05-27T06:16:51.515Z","sell","maker"
"0.07490000","437.39000000","2024-05-27T06:16:51.515Z","sell","maker"
"0.07490000","60.00000000","2024-05-27T06:16:51.515Z","sell","maker"
"0.07480000","29.49000000","2024-05-27T06:16:51.515Z","sell","maker"
"0.07480000","60.00000000","2024-05-27T06:16:51.515Z","sell","maker"
"0.07470000","60.00000000","2024-05-27T06:16:51.515Z","sell","maker"
"0.07460000","1340.94000000","2024-05-27T06:16:51.515Z","sell","maker"
"0.07460000","60.00000000","2024-05-27T06:16:51.515Z","sell","maker"
"0.07460000","740.72000000","2024-05-27T06:16:51.515Z","sell","maker"
"0.07450000","385.87000000","2024-05-27T06:16:51.515Z","sell","maker"
"0.07450000","60.00000000","2024-05-27T06:16:51.515Z","sell","maker"
"0.07440000","38114.89000000","2024-05-27T06:16:51.515Z","sell","maker"
"0.07430000","98.56000000","2024-05-27T06:16:51.515Z","sell","maker"
"0.07430000","5846.56000000","2024-05-27T06:16:51.515Z","sell","maker"
"0.07430000","673.21000000","2024-05-27T06:16:51.515Z","sell","maker"
"0.07410000","8.72000000","2024-05-27T06:11:49.563Z","buy","maker"
"0.07410000","8.80000000","2024-05-27T05:58:37.861Z","buy","maker"
"0.07410000","818.23000000","2024-05-27T05:55:33.526Z","buy","maker"
"0.07410000","60.00000000","2024-05-27T05:55:33.526Z","buy","maker"
"0.07420000","98.37000000","2024-05-27T05:55:33.526Z","buy","maker"
"0.07440000","671.50000000","2024-05-27T05:55:33.526Z","buy","maker"
"0.07450000","734.90000000","2024-05-27T05:55:33.526Z","buy","maker"
"0.07420000","416.00000000","2024-05-27T05:55:09.756Z","sell","maker"
"0.07420000","7052.76000000","2024-05-27T05:55:08.991Z","sell","maker"
"0.07470000","1135.45000000","2024-05-27T05:55:08.828Z","sell","maker"
"0.07470000","4003.26000000","2024-05-27T05:55:08.828Z","sell","maker"
"0.07470000","2677.55000000","2024-05-27T05:55:08.828Z","sell","maker"
"0.07470000","440.52000000","2024-05-27T05:55:08.828Z","sell","maker"
"0.07470000","60.00000000","2024-05-27T05:55:08.828Z","sell","maker"
"0.07460000","7239.22000000","2024-05-27T05:55:08.828Z","sell","maker"
"0.07460000","504.09000000","2024-05-27T05:55:08.828Z","sell","maker"
"0.07460000","60.00000000","2024-05-27T05:55:08.828Z","sell","maker"
"0.07450000","439.77000000","2024-05-27T05:55:08.828Z","sell","maker"
"0.07450000","30.00000000","2024-05-27T05:55:08.828Z","sell","maker"
"0.07450000","60.00000000","2024-05-27T05:55:08.828Z","sell","maker"
"0.07440000","1344.18000000","2024-05-27T05:55:08.828Z","sell","maker"
"0.07440000","60.00000000","2024-05-27T05:55:08.828Z","sell","maker"
"0.07430000","60.00000000","2024-05-27T05:55:08.828Z","sell","maker"
"0.07430000","7168.75000000","2024-05-27T05:55:08.828Z","sell","maker"
"0.07430000","724.17000000","2024-05-27T05:55:08.828Z","sell","maker"
"0.07410000","675.21000000","2024-05-27T05:55:08.828Z","sell","maker"
"0.07400000","7735.37000000","2024-05-27T05:52:30.970Z","sell","maker"
"0.07400000","60.00000000","2024-05-27T05:52:30.957Z","buy","maker"
"0.07410000","674.46000000","2024-05-27T05:52:30.957Z","buy","maker"
"0.07410000","432.84000000","2024-05-27T05:52:30.957Z","buy","maker"
"0.07430000","714.85000000","2024-05-27T05:52:30.957Z","buy","maker"
"0.07430000","13.47000000","2024-05-27T05:45:29.507Z","buy","maker"
"0.07430000","273.54000000","2024-05-27T05:43:04.756Z","buy","maker"
"0.07440000","876.39000000","2024-05-27T05:41:39.523Z","sell","maker"
"0.07440000","60.00000000","2024-05-27T05:41:39.523Z","sell","maker"
"0.07430000","673.67000000","2024-05-27T05:41:39.523Z","sell","maker"
"0.07430000","60.00000000","2024-05-27T05:41:39.523Z","sell","maker"
"0.07430000","2117.03000000","2024-05-27T05:30:42.581Z","sell","maker"
"0.07430000","442.92000000","2024-05-27T05:30:42.581Z","sell","maker"
"0.07430000","60.00000000","2024-05-27T05:30:42.581Z","sell","maker"
"0.07420000","441.57000000","2024-05-27T05:30:42.581Z","sell","maker"
"0.07420000","60.00000000","2024-05-27T05:30:42.581Z","sell","maker"
"0.07410000","60.00000000","2024-05-27T05:30:42.581Z","sell","maker"
"0.07400000","1351.40000000","2024-05-27T05:30:42.581Z","sell","maker"
"0.07400000","7389.63000000","2024-05-27T05:30:42.581Z","sell","maker"
"0.07400000","60.00000000","2024-05-27T05:30:42.581Z","sell","maker"
"0.07390000","60.00000000","2024-05-27T05:30:42.581Z","sell","maker"
"0.07380000","746.35000000","2024-05-27T05:30:42.581Z","sell","maker"
"0.07370000","678.49000000","2024-05-27T05:30:42.581Z","sell","maker"
"0.07370000","8896.22000000","2024-05-27T05:29:44.372Z","sell","maker"
"0.07370000","17679.70000000","2024-05-27T05:29:40.785Z","sell","maker"
"0.07370000","17001.65000000","2024-05-27T05:28:18.446Z","sell","maker"
"0.07370000","17570.35000000","2024-05-27T05:28:16.901Z","sell","maker"
"0.07360000","117.63000000","2024-05-27T05:28:16.901Z","sell","maker"
"0.07360000","601.66000000","2024-05-27T05:26:25.493Z","buy","maker"
"0.07370000","2095.43000000","2024-05-27T05:26:25.493Z","buy","maker"
"0.07380000","60.00000000","2024-05-27T05:26:15.323Z","sell","maker"
"0.07380000","590.97000000","2024-05-27T05:26:15.323Z","sell","maker"
"0.07370000","60.00000000","2024-05-27T05:26:15.323Z","sell","maker"
"0.07360000","729.24000000","2024-05-27T05:26:15.013Z","sell","maker"
"0.07350000","680.65000000","2024-05-27T05:21:48.661Z","sell","maker"
"0.07360000","60.00000000","2024-05-27T05:21:45.255Z","sell","maker"
"0.07340000","38.48000000","2024-05-27T05:21:38.175Z","buy","maker"
"0.07320000","713.64000000","2024-05-27T05:21:29.304Z","buy","maker"
"0.07320000","1365.97000000","2024-05-27T05:21:29.304Z","buy","maker"
"0.07320000","3905.95000000","2024-05-27T05:21:29.304Z","buy","maker"
"0.07320000","14619.46000000","2024-05-27T05:21:29.304Z","buy","maker"
"0.07320000","1000.00000000","2024-05-27T05:21:29.304Z","buy","maker"
"0.07320000","60.00000000","2024-05-27T05:21:29.304Z","buy","maker"
"0.07320000","752.10000000","2024-05-27T05:21:29.304Z","buy","maker"
"0.07320000","425.11000000","2024-05-27T05:21:29.304Z","buy","maker"
"0.07320000","29.49000000","2024-05-27T05:21:29.304Z","buy","maker"
"0.07330000","4938.43000000","2024-05-27T05:21:29.304Z","buy","maker"
"0.07330000","60.00000000","2024-05-27T05:21:29.304Z","buy","maker"
"0.07340000","117.87000000","2024-05-27T05:21:29.304Z","buy","maker"
"0.07340000","59.99000000","2024-05-27T05:21:29.304Z","buy","maker"
"0.07350000","423.13000000","2024-05-27T05:21:29.304Z","buy","maker"
"0.07350000","679.91000000","2024-05-27T05:21:29.304Z","buy","maker"
"0.07350000","723.70000000","2024-05-27T05:21:29.304Z","buy","maker"
"0.07350000","60.00000000","2024-05-27T05:21:29.304Z","buy","maker"
"0.07360000","43.64000000","2024-05-27T05:21:29.304Z","buy","maker"
"0.07370000","21.61000000","2024-05-27T05:21:29.304Z","buy","maker"
"0.07380000","2095.43000000","2024-05-27T05:20:45.007Z","sell","maker"
"0.07380000","2095.43000000","2024-05-27T05:19:44.755Z","sell","maker"
"0.07370000","32.51000000","2024-05-27T05:18:28.638Z","buy","maker"
"0.07370000","5.88000000","2024-05-27T05:18:14.301Z","buy","maker"
"0.07380000","11000.00000000","2024-05-27T05:18:11.636Z","sell","maker"
"0.07380000","2095.43000000","2024-05-27T05:17:32.759Z","sell","maker"
"0.07380000","2095.43000000","2024-05-27T05:15:56.755Z","sell","maker"
"0.07380000","4.11000000","2024-05-27T05:13:26.287Z","buy","maker"
"0.07380000","677.50000000","2024-05-27T05:13:17.255Z","sell","maker"
"0.07380000","677.50000000","2024-05-27T05:12:35.010Z","sell","maker"
"0.07380000","1265.05000000","2024-05-27T05:10:34.258Z","buy","maker"
"0.07380000","134.95000000","2024-05-27T05:10:34.258Z","buy","maker"
"0.07390000","17.50000000","2024-05-27T05:07:10.016Z","sell","maker"
"0.07410000","1232.55000000","2024-05-27T05:00:49.690Z","sell","maker"
"0.07410000","60.00000000","2024-05-27T05:00:49.690Z","sell","maker"
"0.07390000","677.18000000","2024-05-27T05:00:49.690Z","sell","maker"
"0.07380000","726.28000000","2024-05-27T05:00:49.690Z","sell","maker"
"0.07360000","8.52000000","2024-05-27T05:00:40.825Z","buy","maker"
"0.07380000","678.36000000","2024-05-27T04:55:22.506Z","sell","maker"
"0.07370000","2095.43000000","2024-05-27T04:45:52.755Z","sell","maker"
"0.07370000","1417.01000000","2024-05-27T04:44:30.015Z","sell","maker"
"0.07370000","678.42000000","2024-05-27T04:44:30.015Z","sell","maker"
"0.07370000","27069.19000000","2024-05-27T04:44:29.788Z","sell","maker"
"0.07360000","7.84000000","2024-05-27T04:43:30.984Z","buy","maker"
"0.07380000","5.08000000","2024-05-27T04:38:03.534Z","buy","maker"
"0.07390000","676.71000000","2024-05-27T04:32:30.758Z","sell","maker"
"0.07390000","676.71000000","2024-05-27T04:32:17.011Z","sell","maker"
"0.07380000","6.93000000","2024-05-27T04:30:16.880Z","buy","maker"
"0.07400000","675.87000000","2024-05-27T04:29:20.260Z","sell","maker"
"0.07400000","741.31000000","2024-05-27T04:29:20.260Z","sell","maker"
"0.07400000","154.24000000","2024-05-27T04:26:06.759Z","sell","maker"
"0.07400000","60.00000000","2024-05-27T04:26:06.759Z","sell","maker"
"0.07390000","675.56000000","2024-05-27T04:21:59.016Z","sell","maker"
"0.07390000","742.29000000","2024-05-27T04:21:59.016Z","sell","maker"
"0.07380000","677.58000000","2024-05-27T04:21:09.255Z","sell","maker"
"0.07390000","60.00000000","2024-05-27T04:18:08.759Z","sell","maker"
"0.07380000","60.00000000","2024-05-27T04:18:00.755Z","sell","maker"
"0.07370000","678.74000000","2024-05-27T04:18:00.505Z","sell","maker"
"0.07370000","740.17000000","2024-05-27T04:18:00.505Z","sell","maker"
"0.07350000","6.34000000","2024-05-27T04:17:36.935Z","buy","maker"
"0.07340000","0.01000000","2024-05-27T04:17:32.072Z","buy","maker"
"0.07370000","556.62000000","2024-05-27T04:17:01.509Z","sell","maker"
"0.07370000","678.65000000","2024-05-27T04:17:00.019Z","sell","maker"
"0.07370000","60.00000000","2024-05-27T04:17:00.019Z","sell","maker"
"0.07360000","60.60000000","2024-05-27T04:16:59.755Z","sell","maker"
"0.07360000","679.56000000","2024-05-27T04:16:58.507Z","sell","maker"
"0.07360000","60.00000000","2024-05-27T04:16:58.507Z","sell","maker"
"0.07350000","728.44000000","2024-05-27T04:16:58.205Z","sell","maker"
"0.07330000","0.01000000","2024-05-27T04:16:25.349Z","buy","maker"
"0.07340000","722.17000000","2024-05-27T04:14:49.454Z","sell","maker"
"0.07340000","93.20000000","2024-05-27T04:14:48.505Z","sell","maker"
"0.07340000","726.12000000","2024-05-27T04:14:48.505Z","sell","maker"
"0.07330000","601.87000000","2024-05-27T04:14:47.509Z","sell","maker"
"0.07330000","112.75000000","2024-05-27T04:14:47.509Z","sell","maker"
"0.07330000","607.81000000","2024-05-27T04:13:47.755Z","sell","maker"
"0.07340000","37.09000000","2024-05-27T04:13:47.508Z","sell","maker"
"0.07340000","723.12000000","2024-05-27T04:13:47.508Z","sell","maker"
"0.07330000","727.41000000","2024-05-27T04:13:47.255Z","sell","maker"
"0.07330000","723.12000000","2024-05-27T04:13:13.191Z","sell","maker"
"0.07350000","607.81000000","2024-05-27T04:12:47.505Z","sell","maker"
"0.07350000","748.93000000","2024-05-27T04:12:47.255Z","sell","maker"
"0.07350000","738.69000000","2024-05-27T04:12:47.005Z","sell","maker"
"0.07330000","22407.85000000","2024-05-27T04:12:46.471Z","buy","maker"
"0.07330000","6538.05000000","2024-05-27T04:12:46.471Z","buy","maker"
"0.07330000","30.00000000","2024-05-27T04:12:46.471Z","buy","maker"
"0.07330000","1000.00000000","2024-05-27T04:12:46.471Z","buy","maker"
"0.07330000","60.00000000","2024-05-27T04:12:46.471Z","buy","maker"
"0.07330000","929.08000000","2024-05-27T04:12:46.471Z","buy","maker"
"0.07330000","441.57000000","2024-05-27T04:12:46.471Z","buy","maker"
"0.07340000","2721.12000000","2024-05-27T04:12:46.471Z","buy","maker"
"0.07340000","1151.40000000","2024-05-27T04:12:46.471Z","buy","maker"
"0.07340000","1000.00000000","2024-05-27T04:12:46.471Z","buy","maker"
"0.07340000","60.00000000","2024-05-27T04:12:46.471Z","buy","maker"
"0.07340000","1742.30000000","2024-05-27T04:12:46.471Z","buy","maker"
"0.07340000","882.01000000","2024-05-27T04:12:46.471Z","buy","maker"
"0.07340000","442.92000000","2024-05-27T04:12:46.471Z","buy","maker"
"0.07350000","1000.00000000","2024-05-27T04:12:46.471Z","buy","maker"
"0.07350000","60.00000000","2024-05-27T04:12:46.471Z","buy","maker"
"0.07350000","6422.29000000","2024-05-27T04:12:46.471Z","buy","maker"
"0.07360000","1000.00000000","2024-05-27T04:12:46.471Z","buy","maker"
"0.07360000","60.00000000","2024-05-27T04:12:46.471Z","buy","maker"
"0.07360000","439.77000000","2024-05-27T04:12:46.471Z","buy","maker"
"0.07360000","504.09000000","2024-05-27T04:12:46.471Z","buy","maker"
"0.07370000","466.03000000","2024-05-27T04:12:46.471Z","buy","maker"
"0.07370000","3884.78000000","2024-05-27T04:12:46.471Z","buy","maker"
"0.07370000","1000.00000000","2024-05-27T04:12:46.471Z","buy","maker"
"0.07370000","60.00000000","2024-05-27T04:12:46.471Z","buy","maker"
"0.07370000","3447.97000000","2024-05-27T04:12:46.471Z","buy","maker"
"0.07370000","982.40000000","2024-05-27T04:12:46.471Z","buy","maker"
"0.07380000","10241.42000000","2024-05-27T04:12:46.471Z","buy","maker"
"0.07380000","1000.00000000","2024-05-27T04:12:46.471Z","buy","maker"
"0.07380000","200.70000000","2024-05-27T04:12:46.471Z","buy","maker"
"0.07380000","440.52000000","2024-05-27T04:12:46.471Z","buy","maker"
"0.07380000","59.65000000","2024-05-27T04:12:46.471Z","buy","maker"
"0.07380000","60.00000000","2024-05-27T04:12:46.471Z","buy","maker"
"0.07390000","1352.59000000","2024-05-27T04:12:46.471Z","buy","maker"
"0.07390000","60.00000000","2024-05-27T04:12:46.471Z","buy","maker"
"0.07400000","93.13000000","2024-05-27T04:12:46.471Z","buy","maker"
"0.07400000","60.00000000","2024-05-27T04:12:46.471Z","buy","maker"
"0.07410000","60.00000000","2024-05-27T04:12:46.471Z","buy","maker"
"0.07410000","717.49000000","2024-05-27T04:12:46.471Z","buy","maker"
"0.07420000","673.63000000","2024-05-27T04:12:46.471Z","buy","maker"
"0.07420000","2095.43000000","2024-05-27T04:12:46.471Z","buy","maker"
"0.07440000","62.36000000","2024-05-27T04:10:40.223Z","sell","maker"
"0.07440000","13.29000000","2024-05-27T04:10:40.223Z","sell","maker"
"0.07440000","46.71000000","2024-05-27T04:10:39.851Z","sell","maker"
"0.07430000","673.61000000","2024-05-27T04:10:20.759Z","sell","maker"
"0.07430000","745.06000000","2024-05-27T04:10:20.759Z","sell","maker"
"0.07420000","674.05000000","2024-05-27T04:10:01.009Z","sell","maker"
"0.07430000","60.00000000","2024-05-27T04:03:30.759Z","sell","maker"
"0.07420000","731.92000000","2024-05-27T04:03:29.507Z","sell","maker"
"0.07410000","730.14000000","2024-05-27T03:59:09.938Z","sell","maker"
"0.07410000","493.95000000","2024-05-27T03:59:07.867Z","sell","maker"
"0.07410000","218.70000000","2024-05-27T03:59:07.867Z","sell","maker"
"0.07400000","30.83000000","2024-05-27T03:59:03.743Z","buy","maker"
"0.07400000","19.03000000","2024-05-27T03:59:03.374Z","buy","maker"
"0.07410000","506.14000000","2024-05-27T03:58:56.255Z","sell","maker"
"0.07410000","714.60000000","2024-05-27T03:58:56.005Z","sell","maker"
"0.07420000","100.09000000","2024-05-27T03:58:55.755Z","sell","maker"
"0.07420000","714.60000000","2024-05-27T03:58:55.755Z","sell","maker"
"0.07420000","60.00000000","2024-05-27T03:58:55.755Z","sell","maker"
"0.07390000","38322.58000000","2024-05-27T03:58:49.008Z","buy","maker"
"0.07390000","4056.58000000","2024-05-27T03:58:49.008Z","buy","maker"
"0.07390000","1000.00000000","2024-05-27T03:58:49.008Z","buy","maker"
"0.07390000","60.00000000","2024-05-27T03:58:49.008Z","buy","maker"
"0.07400000","2302.80000000","2024-05-27T03:58:49.008Z","buy","maker"
"0.07400000","6581.74000000","2024-05-27T03:58:49.008Z","buy","maker"
"0.07400000","641.67000000","2024-05-27T03:58:49.008Z","buy","maker"
"0.07400000","437.39000000","2024-05-27T03:58:49.008Z","buy","maker"
"0.07400000","60.00000000","2024-05-27T03:58:49.008Z","buy","maker"
"0.07410000","5886.85000000","2024-05-27T03:58:49.008Z","buy","maker"
"0.07410000","500.68000000","2024-05-27T03:58:49.008Z","buy","maker"
"0.07410000","2.37000000","2024-05-27T03:58:49.008Z","buy","maker"
"0.07410000","60.00000000","2024-05-27T03:58:49.008Z","buy","maker"
"0.07420000","2693.92000000","2024-05-27T03:58:49.008Z","buy","maker"
"0.07420000","466.27000000","2024-05-27T03:58:49.008Z","buy","maker"
"0.07420000","373.57000000","2024-05-27T03:58:49.008Z","buy","maker"
"0.07420000","498.10000000","2024-05-27T03:58:49.008Z","buy","maker"
"0.07420000","60.00000000","2024-05-27T03:58:49.008Z","buy","maker"
"0.07430000","201.45000000","2024-05-27T03:58:49.008Z","buy","maker"
"0.07430000","403.18000000","2024-05-27T03:58:49.008Z","buy","maker"
"0.07430000","345.02000000","2024-05-27T03:58:49.008Z","buy","maker"
"0.07430000","755.97000000","2024-05-27T03:58:49.008Z","buy","maker"
"0.07430000","60.00000000","2024-05-27T03:58:49.008Z","buy","maker"
"0.07440000","251.66000000","2024-05-27T03:58:49.008Z","buy","maker"
"0.07440000","435.04000000","2024-05-27T03:58:49.008Z","buy","maker"
"0.07440000","60.00000000","2024-05-27T03:58:49.008Z","buy","maker"
"0.07450000","20661.76000000","2024-05-27T03:58:49.008Z","buy","maker"
"0.07450000","3890.25000000","2024-05-27T03:58:49.008Z","buy","maker"
"0.07450000","60.00000000","2024-05-27T03:58:49.008Z","buy","maker"
"0.07450000","30.00000000","2024-05-27T03:58:49.008Z","buy","maker"
"0.07450000","128.65000000","2024-05-27T03:58:49.008Z","buy","maker"
"0.07460000","166.90000000","2024-05-27T03:58:49.008Z","buy","maker"
"0.07460000","114.55000000","2024-05-27T03:58:49.008Z","buy","maker"
"0.07460000","60.00000000","2024-05-27T03:58:49.008Z","buy","maker"
"0.07470000","1338.54000000","2024-05-27T03:58:49.008Z","buy","maker"
"0.07470000","499.99000000","2024-05-27T03:58:49.008Z","buy","maker"
"0.07470000","60.00000000","2024-05-27T03:58:49.008Z","buy","maker"
"0.07480000","460.85000000","2024-05-27T03:58:49.008Z","buy","maker"
"0.07480000","713.99000000","2024-05-27T03:58:49.008Z","buy","maker"
"0.07480000","0.01000000","2024-05-27T03:58:49.008Z","buy","maker"
"0.07480000","60.00000000","2024-05-27T03:58:49.008Z","buy","maker"
"0.07490000","666.97000000","2024-05-27T03:58:49.008Z","buy","maker"
"0.07490000","13277.70000000","2024-05-27T03:58:49.008Z","buy","maker"
"0.07490000","60.00000000","2024-05-27T03:58:49.008Z","buy","maker"
"0.07500000","60.00000000","2024-05-27T03:58:49.008Z","buy","maker"
"0.07500000","268.80000000","2024-05-27T03:56:42.127Z","buy","maker"
"0.07520000","17.46000000","2024-05-27T03:54:45.586Z","sell","maker"
"0.07520000","17305.62000000","2024-05-27T03:52:28.120Z","sell","maker"
"0.07500000","346.64000000","2024-05-27T03:44:10.462Z","buy","maker"
"0.07510000","3226.51000000","2024-05-27T03:44:10.462Z","buy","maker"
"0.07510000","665.21000000","2024-05-27T03:44:10.462Z","buy","maker"
"0.07510000","453.96000000","2024-05-27T03:44:10.462Z","buy","maker"
"0.07510000","4.17000000","2024-05-27T03:34:39.765Z","buy","maker"
"0.07500000","108211.55000000","2024-05-27T03:30:10.878Z","buy","maker"
"0.07510000","664.90000000","2024-05-27T03:30:10.878Z","buy","maker"
"0.07510000","6413.74000000","2024-05-27T03:30:10.878Z","buy","maker"
"0.07520000","2095.43000000","2024-05-27T03:30:10.878Z","buy","maker"
"0.07510000","211.85000000","2024-05-27T03:29:37.736Z","buy","maker"
"0.07510000","746.46000000","2024-05-27T03:29:37.736Z","buy","maker"
"0.07520000","664.34000000","2024-05-27T03:29:37.736Z","buy","maker"
"0.07520000","37505.89000000","2024-05-27T03:29:37.736Z","buy","maker"
"0.07520000","51762.79000000","2024-05-27T03:29:31.547Z","buy","maker"
"0.07530000","408.59000000","2024-05-27T03:29:31.547Z","buy","maker"
"0.07520000","8810.38000000","2024-05-27T03:22:24.991Z","buy","maker"
"0.07530000","423.20000000","2024-05-27T03:22:24.991Z","buy","maker"
"0.07530000","90.33000000","2024-05-27T03:22:24.991Z","buy","maker"
"0.07530000","22.14000000","2024-05-27T03:17:25.099Z","buy","maker"
"0.07530000","2.99000000","2024-05-27T03:16:29.626Z","buy","maker"
"0.07530000","6.96000000","2024-05-27T03:08:04.305Z","buy","maker"
"0.07530000","670.00000000","2024-05-27T03:00:59.088Z","sell","maker"
"0.07530000","462.17000000","2024-05-27T03:00:59.088Z","sell","maker"
"0.07530000","60.00000000","2024-05-27T03:00:59.088Z","sell","maker"
"0.07520000","0.27000000","2024-05-27T02:51:41.422Z","buy","maker"
"0.07520000","218.92000000","2024-05-27T02:48:22.088Z","buy","maker"
"0.07520000","6.62000000","2024-05-27T02:44:27.473Z","buy","maker"
"0.07520000","530.82000000","2024-05-27T02:39:17.010Z","sell","maker"
"0.07520000","457.20000000","2024-05-27T02:39:17.010Z","sell","maker"
"0.07520000","60.00000000","2024-05-27T02:39:17.010Z","sell","maker"
"0.07510000","60.00000000","2024-05-27T02:39:15.506Z","sell","maker"
"0.07510000","72.71000000","2024-05-27T02:37:38.672Z","buy","maker"
"0.07510000","6.51000000","2024-05-27T02:37:27.959Z","buy","maker"
"0.07500000","1953.68000000","2024-05-27T02:36:26.006Z","sell","maker"
"0.07500000","81.75000000","2024-05-27T02:36:26.006Z","sell","maker"
"0.07500000","60.00000000","2024-05-27T02:36:26.006Z","sell","maker"
"0.07490000","3.09000000","2024-05-27T02:35:26.076Z","buy","maker"
"0.07490000","8.78000000","2024-05-27T02:33:21.728Z","buy","maker"
"0.07470000","82.82000000","2024-05-27T02:31:16.031Z","buy","maker"
"0.07470000","60.00000000","2024-05-27T02:31:16.031Z","buy","maker"
"0.07480000","5852.90000000","2024-05-27T02:31:16.031Z","buy","maker"
"0.07480000","60.00000000","2024-05-27T02:31:16.031Z","buy","maker"
"0.07490000","666.96000000","2024-05-27T02:31:16.031Z","buy","maker"
"0.07510000","397.47000000","2024-05-27T02:31:16.031Z","buy","maker"
"0.07510000","5.02000000","2024-05-27T02:29:28.186Z","buy","maker"
"0.07510000","2.66000000","2024-05-27T02:27:11.852Z","buy","maker"
"0.07510000","6.56000000","2024-05-27T02:24:22.768Z","buy","maker"
"0.07500000","5.76000000","2024-05-27T02:12:45.169Z","buy","maker"
"0.07510000","132.04000000","2024-05-27T02:11:59.149Z","sell","maker"
"0.07490000","270.07000000","2024-05-27T02:08:28.050Z","buy","maker"
"0.07500000","409.93000000","2024-05-27T02:08:28.050Z","buy","maker"
"0.07500000","6.12000000","2024-05-27T02:02:52.845Z","buy","maker"
"0.07500000","4.66000000","2024-05-27T01:56:01.459Z","buy","maker"
"0.07510000","50.20000000","2024-05-27T01:49:20.479Z","sell","maker"
"0.07510000","60.00000000","2024-05-27T01:49:20.479Z","sell","maker"
"0.07500000","666.83000000","2024-05-27T01:48:58.265Z","sell","maker"
"0.07500000","58.46000000","2024-05-27T01:48:57.694Z","sell","maker"
"0.07490000","6.68000000","2024-05-27T01:48:48.979Z","buy","maker"
"0.07490000","486.62000000","2024-05-27T01:48:28.010Z","sell","maker"