"price","volume","time","side","orderType"
"0.07550000","7.81000000","2024-05-26T20:34:54.968Z","buy","maker"
"0.07550000","6.37000000","2024-05-26T20:32:35.750Z","buy","maker"
"0.07560000","14772.36000000","2024-05-26T20:25:34.784Z","sell","maker"
"0.07560000","737.54000000","2024-05-26T20:22:30.958Z","buy","maker"
"0.07560000","446.87000000","2024-05-26T20:22:30.958Z","buy","maker"
"0.07560000","7.40000000","2024-05-26T20:22:02.298Z","buy","maker"
"0.07580000","222.03000000","2024-05-26T20:20:38.123Z","sell","maker"
"0.07580000","434.05000000","2024-05-26T20:20:38.123Z","sell","maker"
"0.07580000","42.64000000","2024-05-26T20:20:38.123Z","sell","maker"
"0.07570000","5705.01000000","2024-05-26T20:20:38.123Z","sell","maker"
"0.07570000","3923.39000000","2024-05-26T20:20:38.123Z","sell","maker"
"0.07570000","471.20000000","2024-05-26T20:20:38.123Z","sell","maker"
"0.07570000","60.00000000","2024-05-26T20:20:38.123Z","sell","maker"
"0.07560000","497.33000000","2024-05-26T20:20:38.123Z","sell","maker"
"0.07560000","433.29000000","2024-05-26T20:20:38.123Z","sell","maker"
"0.07560000","465.12000000","2024-05-26T20:20:38.123Z","sell","maker"
"0.07560000","60.00000000","2024-05-26T20:20:38.123Z","sell","maker"
"0.07550000","1324.91000000","2024-05-26T20:20:38.123Z","sell","maker"
"0.07550000","452.38000000","2024-05-26T20:20:38.123Z","sell","maker"
"0.07550000","60.00000000","2024-05-26T20:20:38.123Z","sell","maker"
"0.07540000","436.38000000","2024-05-26T20:20:38.123Z","sell","maker"
"0.07540000","443.20000000","2024-05-26T20:20:38.123Z","sell","maker"
"0.07540000","60.00000000","2024-05-26T20:20:38.123Z","sell","maker"
"0.07530000","720.35000000","2024-05-26T20:20:38.123Z","sell","maker"
"0.07530000","435.04000000","2024-05-26T20:20:38.123Z","sell","maker"
"0.07530000","432.70000000","2024-05-26T20:20:38.123Z","sell","maker"
"0.07530000","60.00000000","2024-05-26T20:20:38.123Z","sell","maker"
"0.07520000","665.15000000","2024-05-26T20:20:38.123Z","sell","maker"
"0.07520000","424.10000000","2024-05-26T20:20:38.123Z","sell","maker"
"0.07520000","60.00000000","2024-05-26T20:20:38.123Z","sell","maker"
"0.07510000","965.57000000","2024-05-26T20:20:38.123Z","sell","maker"
"0.07510000","500.68000000","2024-05-26T20:20:38.123Z","sell","maker"
"0.07510000","60.00000000","2024-05-26T20:20:38.123Z","sell","maker"
"0.07500000","1508.75000000","2024-05-26T20:09:56.262Z","buy","maker"
"0.07500000","19.47000000","2024-05-26T20:09:10.540Z","buy","maker"
"0.07500000","8.31000000","2024-05-26T20:05:28.642Z","buy","maker"
"0.07500000","2095.43000000","2024-05-26T20:04:29.511Z","buy","maker"
"0.07500000","666.66000000","2024-05-26T20:04:28.067Z","sell","maker"
"0.07500000","869.02000000","2024-05-26T20:04:28.067Z","sell","maker"
"0.07500000","60.00000000","2024-05-26T20:04:28.067Z","sell","maker"
"0.07490000","2.90000000","2024-05-26T20:02:07.575Z","buy","maker"
"0.07490000","5.72000000","2024-05-26T19:56:28.621Z","buy","maker"
"0.07490000","5.64000000","2024-05-26T19:47:49.339Z","buy","maker"
"0.07490000","90.34000000","2024-05-26T19:42:45.159Z","sell","maker"
"0.07490000","782.20000000","2024-05-26T19:42:45.159Z","sell","maker"
"0.07490000","428.20000000","2024-05-26T19:42:45.159Z","sell","maker"
"0.07470000","5.83000000","2024-05-26T19:35:43.045Z","buy","maker"
"0.07470000","5.68000000","2024-05-26T19:32:26.947Z","buy","maker"
"0.07470000","0.39000000","2024-05-26T19:32:10.845Z","buy","maker"
"0.07480000","462.99000000","2024-05-26T19:26:24.011Z","buy","maker"
"0.07490000","9.19000000","2024-05-26T19:18:02.775Z","sell","maker"
"0.07490000","60.00000000","2024-05-26T19:18:02.775Z","sell","maker"
"0.07480000","668.44000000","2024-05-26T19:18:02.775Z","sell","maker"
"0.07480000","60.00000000","2024-05-26T19:18:02.775Z","sell","maker"
"0.07480000","504.70000000","2024-05-26T19:18:02.775Z","sell","maker"
"0.07470000","4.34000000","2024-05-26T19:13:33.951Z","buy","maker"
"0.07470000","159.31000000","2024-05-26T19:11:43.262Z","sell","maker"
"0.07470000","60.00000000","2024-05-26T19:11:43.262Z","sell","maker"
"0.07460000","713.45000000","2024-05-26T19:11:36.262Z","sell","maker"
"0.07460000","60.00000000","2024-05-26T19:11:36.262Z","sell","maker"
"0.07450000","60.00000000","2024-05-26T19:11:33.257Z","sell","maker"
"0.07440000","60.00000000","2024-05-26T19:09:59.536Z","sell","maker"
"0.07420000","5.47000000","2024-05-26T19:07:20.627Z","buy","maker"
"0.07420000","6.08000000","2024-05-26T19:01:10.709Z","buy","maker"
"0.07420000","166.08000000","2024-05-26T18:59:44.386Z","buy","maker"
"0.07420000","54.22000000","2024-05-26T18:59:44.386Z","buy","maker"
"0.07440000","408.79000000","2024-05-26T18:59:44.386Z","buy","maker"
"0.07440000","4.47000000","2024-05-26T18:58:01.960Z","buy","maker"
"0.07440000","4.49000000","2024-05-26T18:54:20.619Z","buy","maker"
"0.07450000","6875.04000000","2024-05-26T18:48:02.661Z","sell","maker"
"0.07450000","122.57000000","2024-05-26T18:47:47.710Z","sell","maker"
"0.07440000","6.32000000","2024-05-26T18:45:37.355Z","buy","maker"
"0.07420000","5.78000000","2024-05-26T18:38:31.413Z","buy","maker"
"0.07440000","0.18000000","2024-05-26T18:35:23.254Z","sell","maker"
"0.07430000","122.09000000","2024-05-26T18:34:58.833Z","buy","maker"
"0.07430000","53.01000000","2024-05-26T18:34:58.833Z","buy","maker"
"0.07430000","6.99000000","2024-05-26T18:31:21.736Z","buy","maker"
"0.07450000","1307.61000000","2024-05-26T18:30:29.893Z","sell","maker"
"0.07440000","2711.41000000","2024-05-26T18:29:59.381Z","buy","maker"
"0.07440000","672.04000000","2024-05-26T18:12:43.482Z","sell","maker"
"0.07440000","2696.57000000","2024-05-26T18:12:43.482Z","sell","maker"
"0.07440000","475.52000000","2024-05-26T18:12:31.829Z","sell","maker"
"0.07450000","31979.24000000","2024-05-26T18:11:17.232Z","sell","maker"
"0.07440000","672.04000000","2024-05-26T18:11:17.232Z","sell","maker"
"0.07440000","7955.00000000","2024-05-26T18:11:17.232Z","sell","maker"
"0.07440000","8898.79000000","2024-05-26T18:10:29.311Z","sell","maker"
"0.07440000","1000.00000000","2024-05-26T18:08:26.762Z","buy","maker"
"0.07440000","54.19000000","2024-05-26T18:08:26.762Z","buy","maker"
"0.07450000","421.25000000","2024-05-26T18:07:36.643Z","buy","maker"
"0.07450000","1000.00000000","2024-05-26T18:07:36.643Z","buy","maker"
"0.07450000","26.81000000","2024-05-26T18:04:54.484Z","sell","maker"
"0.07440000","5.81000000","2024-05-26T18:04:36.681Z","buy","maker"
"0.07450000","617.24000000","2024-05-26T18:01:03.042Z","buy","maker"
"0.07450000","736.49000000","2024-05-26T18:01:03.042Z","buy","maker"
"0.07450000","60.00000000","2024-05-26T18:01:03.042Z","buy","maker"
"0.07460000","60.00000000","2024-05-26T18:01:03.042Z","buy","maker"
"0.07470000","416.64000000","2024-05-26T18:01:03.042Z","buy","maker"
"0.07480000","199.19000000","2024-05-26T17:59:38.678Z","sell","maker"
"0.07480000","60.00000000","2024-05-26T17:59:38.678Z","sell","maker"
"0.07470000","4713.48000000","2024-05-26T17:59:33.537Z","sell","maker"
"0.07470000","749.13000000","2024-05-26T17:59:33.537Z","sell","maker"
"0.07470000","440.52000000","2024-05-26T17:59:33.537Z","sell","maker"
"0.07470000","60.00000000","2024-05-26T17:59:33.537Z","sell","maker"
"0.07460000","670.95000000","2024-05-26T17:59:33.537Z","sell","maker"
"0.07460000","85.54000000","2024-05-26T17:59:33.537Z","sell","maker"
"0.07450000","11.20000000","2024-05-26T17:55:31.086Z","buy","maker"
"0.07460000","128.48000000","2024-05-26T17:42:20.279Z","sell","maker"
"0.07460000","60.00000000","2024-05-26T17:42:20.279Z","sell","maker"
"0.07450000","60.00000000","2024-05-26T17:42:20.279Z","sell","maker"
"0.07440000","6.85000000","2024-05-26T17:42:06.419Z","buy","maker"
"0.07440000","744.67000000","2024-05-26T17:41:11.846Z","sell","maker"
"0.07440000","279.06000000","2024-05-26T17:40:59.709Z","buy","maker"
"0.07440000","278.89000000","2024-05-26T17:40:59.709Z","buy","maker"
"0.07440000","721.11000000","2024-05-26T17:40:36.583Z","sell","maker"
"0.07440000","1.97000000","2024-05-26T17:39:43.592Z","sell","maker"
"0.07430000","6.34000000","2024-05-26T17:37:33.841Z","buy","maker"
"0.07430000","6.95000000","2024-05-26T17:18:54.137Z","buy","maker"
"0.07430000","5.48000000","2024-05-26T17:16:22.699Z","buy","maker"
"0.07440000","3.28000000","2024-05-26T17:11:53.615Z","sell","maker"
"0.07430000","7.83000000","2024-05-26T17:06:04.124Z","buy","maker"
"0.07430000","117.96000000","2024-05-26T17:05:59.331Z","buy","maker"
"0.07420000","328.38000000","2024-05-26T16:54:15.584Z","buy","maker"
"0.07420000","6.86000000","2024-05-26T16:54:06.648Z","buy","maker"
"0.07440000","5.99000000","2024-05-26T16:51:50.539Z","sell","maker"
"0.07440000","59.53000000","2024-05-26T16:51:50.539Z","sell","maker"
"0.07440000","0.47000000","2024-05-26T16:50:28.380Z","sell","maker"
"0.07430000","729.32000000","2024-05-26T16:47:56.616Z","sell","maker"
"0.07430000","60.00000000","2024-05-26T16:47:56.616Z","sell","maker"
"0.07420000","60.00000000","2024-05-26T16:47:44.757Z","sell","maker"
"0.07410000","8.93000000","2024-05-26T16:44:49.484Z","buy","maker"
"0.07410000","9.14000000","2024-05-26T16:43:43.189Z","buy","maker"
"0.07410000","60.00000000","2024-05-26T16:40:34.009Z","sell","maker"
"0.07400000","666.78000000","2024-05-26T16:38:45.730Z","buy","maker"
"0.07380000","944.03000000","2024-05-26T16:37:34.946Z","buy","maker"
"0.07380000","16.94000000","2024-05-26T16:37:34.946Z","buy","maker"
"0.07380000","60.00000000","2024-05-26T16:37:34.946Z","buy","maker"
"0.07380000","2343.71000000","2024-05-26T16:37:34.946Z","buy","maker"
"0.07380000","674.79000000","2024-05-26T16:37:34.946Z","buy","maker"
"0.07380000","440.52000000","2024-05-26T16:37:34.946Z","buy","maker"
"0.07390000","2703.80000000","2024-05-26T16:37:34.946Z","buy","maker"
"0.07390000","60.00000000","2024-05-26T16:37:34.946Z","buy","maker"
"0.07390000","1048.29000000","2024-05-26T16:37:34.946Z","buy","maker"
"0.07390000","311.80000000","2024-05-26T16:37:34.946Z","buy","maker"
"0.07390000","539.10000000","2024-05-26T16:37:34.946Z","buy","maker"
"0.07400000","60.00000000","2024-05-26T16:37:34.946Z","buy","maker"
"0.07400000","785.16000000","2024-05-26T16:37:34.946Z","buy","maker"
"0.07400000","437.39000000","2024-05-26T16:37:34.946Z","buy","maker"
"0.07410000","60.00000000","2024-05-26T16:37:34.946Z","buy","maker"
"0.07410000","1725.74000000","2024-05-26T16:37:34.946Z","buy","maker"
"0.07410000","5886.85000000","2024-05-26T16:37:34.946Z","buy","maker"
"0.07410000","500.68000000","2024-05-26T16:37:34.946Z","buy","maker"
"0.07410000","336.03000000","2024-05-26T16:37:34.946Z","buy","maker"
"0.07420000","58.95000000","2024-05-26T16:37:34.946Z","buy","maker"
"0.07420000","335.57000000","2024-05-26T16:37:34.946Z","buy","maker"
"0.07420000","738.27000000","2024-05-26T16:37:34.946Z","buy","maker"
"0.07420000","60.00000000","2024-05-26T16:37:34.946Z","buy","maker"
"0.07430000","1345.62000000","2024-05-26T16:37:34.946Z","buy","maker"
"0.07430000","714.65000000","2024-05-26T16:37:34.946Z","buy","maker"
"0.07430000","51231.23000000","2024-05-26T16:37:34.946Z","buy","maker"
"0.07430000","60.00000000","2024-05-26T16:37:34.946Z","buy","maker"
"0.07430000","1916.34000000","2024-05-26T16:37:34.946Z","buy","maker"
"0.07430000","222.94000000","2024-05-26T16:37:34.946Z","buy","maker"
"0.07440000","86.14000000","2024-05-26T16:37:34.946Z","buy","maker"
"0.07440000","60.00000000","2024-05-26T16:37:34.946Z","buy","maker"
"0.07450000","409.71000000","2024-05-26T16:37:34.946Z","buy","maker"
"0.07450000","60.00000000","2024-05-26T16:37:34.946Z","buy","maker"
"0.07460000","669.64000000","2024-05-26T16:37:34.946Z","buy","maker"
"0.07460000","27796.94000000","2024-05-26T16:37:34.946Z","buy","maker"
"0.07460000","46.31000000","2024-05-26T16:37:34.946Z","buy","maker"
"0.07480000","640.03000000","2024-05-26T16:37:09.133Z","sell","maker"
"0.07480000","26.48000000","2024-05-26T16:37:09.133Z","sell","maker"
"0.07480000","311.16000000","2024-05-26T16:35:36.061Z","sell","maker"
"0.07460000","9.68000000","2024-05-26T16:34:45.121Z","buy","maker"
"0.07460000","4.01000000","2024-05-26T16:30:26.633Z","buy","maker"
"0.07480000","53.80000000","2024-05-26T16:24:37.568Z","sell","maker"
"0.07480000","51.89000000","2024-05-26T16:24:33.082Z","sell","maker"
"0.07480000","52.51000000","2024-05-26T16:24:30.800Z","sell","maker"
"0.07480000","54.14000000","2024-05-26T16:24:24.400Z","sell","maker"
"0.07480000","55.79000000","2024-05-26T16:24:23.515Z","sell","maker"
"0.07480000","45.14000000","2024-05-26T16:24:23.145Z","sell","maker"
"0.07480000","53.15000000","2024-05-26T16:24:21.369Z","sell","maker"
"0.07480000","52.20000000","2024-05-26T16:24:19.500Z","sell","maker"
"0.07480000","48.55000000","2024-05-26T16:24:18.516Z","sell","maker"
"0.07480000","51.28000000","2024-05-26T16:24:17.973Z","sell","maker"
"0.07480000","55.16000000","2024-05-26T16:24:17.554Z","sell","maker"
"0.07480000","50.63000000","2024-05-26T16:24:16.504Z","sell","maker"
"0.07480000","50.34000000","2024-05-26T16:24:15.332Z","sell","maker"
"0.07480000","50.05000000","2024-05-26T16:24:13.546Z","sell","maker"
"0.07480000","49.43000000","2024-05-26T16:24:11.675Z","sell","maker"
"0.07480000","49.15000000","2024-05-26T16:24:11.147Z","sell","maker"
"0.07480000","56.81000000","2024-05-26T16:24:10.479Z","sell","maker"
"0.07480000","35.67000000","2024-05-26T16:24:09.850Z","sell","maker"
"0.07480000","12.61000000","2024-05-26T16:24:09.850Z","sell","maker"
"0.07480000","47.39000000","2024-05-26T16:24:08.824Z","sell","maker"
"0.07470000","47.09000000","2024-05-26T16:24:08.181Z","sell","maker"
"0.07470000","46.83000000","2024-05-26T16:24:05.661Z","sell","maker"
"0.07470000","46.00000000","2024-05-26T16:24:04.186Z","sell","maker"
"0.07470000","47.96000000","2024-05-26T16:24:02.303Z","sell","maker"
"0.07470000","45.42000000","2024-05-26T16:24:01.829Z","sell","maker"
"0.07470000","44.36000000","2024-05-26T16:24:00.418Z","sell","maker"
"0.07470000","57.86000000","2024-05-26T16:23:58.517Z","sell","maker"
"0.07470000","46.24000000","2024-05-26T16:23:58.138Z","sell","maker"
"0.07470000","56.15000000","2024-05-26T16:23:56.666Z","sell","maker"
"0.07470000","44.59000000","2024-05-26T16:23:54.765Z","sell","maker"
"0.07470000","53.48000000","2024-05-26T16:23:53.949Z","sell","maker"
"0.07470000","44.09000000","2024-05-26T16:23:51.886Z","sell","maker"
"0.07470000","43.83000000","2024-05-26T16:23:51.535Z","sell","maker"
"0.07470000","57.48000000","2024-05-26T16:23:50.481Z","sell","maker"
"0.07470000","57.18000000","2024-05-26T16:23:49.259Z","sell","maker"
"0.07470000","46.28000000","2024-05-26T16:23:48.666Z","sell","maker"
"0.07470000","10.24000000","2024-05-26T16:23:48.666Z","sell","maker"
"0.07470000","49.76000000","2024-05-26T16:23:47.551Z","sell","maker"
"0.07460000","58.25000000","2024-05-26T16:23:46.938Z","sell","maker"
"0.07460000","54.82000000","2024-05-26T16:23:46.612Z","sell","maker"
"0.07460000","50.98000000","2024-05-26T16:23:45.219Z","sell","maker"
"0.07460000","58.56000000","2024-05-26T16:23:44.486Z","sell","maker"
"0.07460000","46.53000000","2024-05-26T16:23:41.284Z","sell","maker"
"0.07460000","51.58000000","2024-05-26T16:23:37.247Z","sell","maker"
"0.07460000","45.71000000","2024-05-26T16:23:36.747Z","sell","maker"
"0.07460000","54.47000000","2024-05-26T16:23:36.028Z","sell","maker"
"0.07460000","44.86000000","2024-05-26T16:23:32.500Z","sell","maker"
"0.07460000","47.70000000","2024-05-26T16:23:30.669Z","sell","maker"
"0.07460000","48.87000000","2024-05-26T16:23:29.704Z","sell","maker"
"0.07460000","29.73000000","2024-05-26T16:23:28.325Z","sell","maker"
"0.07460000","18.54000000","2024-05-26T16:23:28.325Z","sell","maker"
"0.07450000","4.56000000","2024-05-26T16:23:28.325Z","sell","maker"
"0.07450000","55.44000000","2024-05-26T16:23:26.706Z","sell","maker"
"0.07430000","148.23000000","2024-05-26T16:20:09.986Z","buy","maker"
"0.07430000","29.06000000","2024-05-26T16:20:09.986Z","buy","maker"
"0.07430000","18.51000000","2024-05-26T16:20:09.986Z","buy","maker"
"0.07430000","41.49000000","2024-05-26T16:20:07.767Z","buy","maker"
"0.07460000","41.46000000","2024-05-26T16:18:49.692Z","sell","maker"
"0.07440000","3238.50000000","2024-05-26T16:12:19.097Z","buy","maker"
"0.07440000","878.57000000","2024-05-26T16:12:19.097Z","buy","maker"
"0.07440000","435.04000000","2024-05-26T16:12:19.097Z","buy","maker"
"0.07440000","60.00000000","2024-05-26T16:12:19.097Z","buy","maker"
"0.07450000","12238.39000000","2024-05-26T16:12:19.097Z","buy","maker"
"0.07450000","748.30000000","2024-05-26T16:12:19.097Z","buy","maker"
"0.07450000","1386.46000000","2024-05-26T16:12:19.097Z","buy","maker"
"0.07450000","30.00000000","2024-05-26T16:12:19.097Z","buy","maker"
"0.07450000","436.38000000","2024-05-26T16:12:19.097Z","buy","maker"
"0.07450000","334.22000000","2024-05-26T16:12:19.097Z","buy","maker"
"0.07450000","60.00000000","2024-05-26T16:12:19.097Z","buy","maker"
"0.07460000","670.01000000","2024-05-26T16:12:19.097Z","buy","maker"
"0.07460000","455.39000000","2024-05-26T16:12:19.097Z","buy","maker"
"0.07460000","60.00000000","2024-05-26T16:12:19.097Z","buy","maker"
"0.07470000","7.18000000","2024-05-26T16:12:19.097Z","buy","maker"
"0.07470000","6.91000000","2024-05-26T16:10:01.935Z","buy","maker"
"0.07490000","62.73000000","2024-05-26T16:07:04.646Z","sell","maker"
"0.07470000","7.42000000","2024-05-26T15:56:43.368Z","buy","maker"
"0.07470000","31.68000000","2024-05-26T15:49:28.869Z","buy","maker"
"0.07480000","1.22000000","2024-05-26T15:46:12.879Z","buy","maker"
"0.07480000","60.00000000","2024-05-26T15:46:12.879Z","buy","maker"
"0.07500000","265.75000000","2024-05-26T15:44:02.219Z","sell","maker"
"0.07500000","4.80000000","2024-05-26T15:44:02.219Z","sell","maker"
"0.07500000","60.00000000","2024-05-26T15:44:02.219Z","sell","maker"
"0.07470000","6.81000000","2024-05-26T15:43:56.538Z","buy","maker"
"0.07480000","7408.15000000","2024-05-26T15:35:43.386Z","buy","maker"
"0.07480000","60.00000000","2024-05-26T15:35:43.386Z","buy","maker"
"0.07490000","667.34000000","2024-05-26T15:35:43.386Z","buy","maker"
"0.07490000","60.00000000","2024-05-26T15:35:43.386Z","buy","maker"
"0.07510000","330.11000000","2024-05-26T15:35:26.488Z","sell","maker"
"0.07510000","140.87000000","2024-05-26T15:35:21.467Z","sell","maker"
"0.07510000","189.24000000","2024-05-26T15:35:21.467Z","sell","maker"
"0.07510000","223.51000000","2024-05-26T15:35:16.220Z","sell","maker"
"0.07510000","46.68000000","2024-05-26T15:35:16.220Z","sell","maker"
"0.07500000","60.00000000","2024-05-26T15:35:16.220Z","sell","maker"
"0.07490000","60.00000000","2024-05-26T15:35:15.757Z","sell","maker"
"0.07490000","18.99000000","2024-05-26T15:35:15.757Z","sell","maker"
"0.07480000","60.00000000","2024-05-26T15:35:14.535Z","sell","maker"
"0.07460000","8195.49000000","2024-05-26T15:35:13.333Z","buy","maker"
"0.07460000","499.94000000","2024-05-26T15:35:13.333Z","buy","maker"
"0.07460000","683.70000000","2024-05-26T15:35:13.333Z","buy","maker"
"0.07460000","497.33000000","2024-05-26T15:35:13.333Z","buy","maker"
"0.07460000","60.00000000","2024-05-26T15:35:13.333Z","buy","maker"
"0.07470000","2706.57000000","2024-05-26T15:35:13.333Z","buy","maker"
"0.07470000","713.27000000","2024-05-26T15:35:13.333Z","buy","maker"
"0.07470000","614.55000000","2024-05-26T15:35:13.333Z","buy","maker"
"0.07470000","433.29000000","2024-05-26T15:35:13.333Z","buy","maker"
"0.07470000","60.00000000","2024-05-26T15:35:13.333Z","buy","maker"
"0.07480000","668.44000000","2024-05-26T15:35:13.333Z","buy","maker"
"0.07480000","2095.43000000","2024-05-26T15:35:13.333Z","buy","maker"
"0.07480000","17.83000000","2024-05-26T15:35:13.333Z","buy","maker"
"0.07480000","51.74000000","2024-05-26T15:35:13.333Z","buy","maker"
"0.07490000","64.55000000","2024-05-26T15:30:39.797Z","sell","maker"
"0.07490000","667.03000000","2024-05-26T15:28:15.268Z","buy","maker"
"0.07490000","23917.10000000","2024-05-26T15:28:15.268Z","buy","maker"
"0.07490000","8818.42000000","2024-05-26T15:25:41.249Z","buy","maker"
"0.07490000","472.28000000","2024-05-26T15:25:41.249Z","buy","maker"
"0.07490000","6.36000000","2024-05-26T15:22:58.418Z","buy","maker"
"0.07510000","13.32000000","2024-05-26T15:20:23.980Z","sell","maker"
"0.07480000","8.26000000","2024-05-26T15:13:38.356Z","buy","maker"
"0.07500000","739.75000000","2024-05-26T15:10:15.189Z","sell","maker"
"0.07500000","402.20000000","2024-05-26T15:01:28.257Z","sell","maker"
"0.07500000","59.97000000","2024-05-26T15:01:28.257Z","sell","maker"
"0.07480000","4.96000000","2024-05-26T14:55:15.709Z","buy","maker"
"0.07490000","6.91000000","2024-05-26T14:48:15.980Z","buy","maker"
"0.07480000","165.01000000","2024-05-26T14:42:00.900Z","buy","maker"
"0.07500000","0.03000000","2024-05-26T14:40:29.329Z","sell","maker"
"0.07480000","974.86000000","2024-05-26T14:40:28.614Z","buy","maker"
"0.07480000","1336.52000000","2024-05-26T14:40:28.614Z","buy","maker"
"0.07480000","122.89000000","2024-05-26T14:40:28.614Z","buy","maker"
"0.07480000","218.47000000","2024-05-26T14:40:28.614Z","buy","maker"
"0.07480000","582.58000000","2024-05-26T14:40:28.614Z","buy","maker"
"0.07480000","60.00000000","2024-05-26T14:40:28.614Z","buy","maker"
"0.07490000","17.04000000","2024-05-26T14:40:28.614Z","buy","maker"
"0.07490000","2203.16000000","2024-05-26T14:40:28.614Z","buy","maker"
"0.07490000","434.05000000","2024-05-26T14:40:28.614Z","buy","maker"
"0.07490000","60.00000000","2024-05-26T14:40:28.614Z","buy","maker"
"0.07500000","425.03000000","2024-05-26T14:40:28.614Z","buy","maker"
"0.07500000","3388.20000000","2024-05-26T14:40:28.614Z","buy","maker"
"0.07500000","60.00000000","2024-05-26T14:40:28.614Z","buy","maker"
"0.07510000","665.19000000","2024-05-26T14:40:28.614Z","buy","maker"
"0.07510000","2977.48000000","2024-05-26T14:40:28.614Z","buy","maker"
"0.07520000","5.48000000","2024-05-26T14:37:59.300Z","buy","maker"
"0.07550000","17.41000000","2024-05-26T14:32:08.301Z","sell","maker"
"0.07550000","106.44000000","2024-05-26T14:29:30.505Z","buy","maker"
"0.07570000","17.36000000","2024-05-26T14:24:01.109Z","sell","maker"
"0.07540000","3.53000000","2024-05-26T14:23:14.306Z","buy","maker"
"0.07520000","233.55000000","2024-05-26T14:22:20.464Z","buy","maker"
"0.07540000","662.81000000","2024-05-26T14:22:20.464Z","buy","maker"
"0.07540000","15823.25000000","2024-05-26T14:22:20.464Z","buy","maker"
"0.07540000","22292.81000000","2024-05-26T14:22:12.949Z","buy","maker"
"0.07510000","15006.22000000","2024-05-26T14:22:05.463Z","buy","maker"
"0.07510000","60.00000000","2024-05-26T14:22:05.463Z","buy","maker"
"0.07520000","3506.17000000","2024-05-26T14:22:05.463Z","buy","maker"
"0.07520000","3749.29000000","2024-05-26T14:22:05.463Z","buy","maker"
"0.07520000","4938.21000000","2024-05-26T14:22:05.463Z","buy","maker"
"0.07520000","60.00000000","2024-05-26T14:22:05.463Z","buy","maker"
"0.07530000","1327.74000000","2024-05-26T14:22:05.463Z","buy","maker"
"0.07560000","661.19000000","2024-05-26T14:22:05.463Z","buy","maker"
"0.07570000","414.93000000","2024-05-26T14:22:05.463Z","buy","maker"
"0.07580000","3.50000000","2024-05-26T14:20:53.941Z","sell","maker"
"0.07580000","13.86000000","2024-05-26T14:20:26.386Z","sell","maker"
"0.07570000","9.65000000","2024-05-26T14:19:45.608Z","buy","maker"
"0.07570000","6.73000000","2024-05-26T14:17:13.116Z","buy","maker"
"0.07570000","25.56000000","2024-05-26T14:15:17.819Z","buy","maker"
"0.07530000","2175.52000000","2024-05-26T14:15:02.795Z","buy","maker"
"0.07530000","60.00000000","2024-05-26T14:15:02.795Z","buy","maker"
"0.07540000","7012.34000000","2024-05-26T14:15:02.795Z","buy","maker"
"0.07540000","60.00000000","2024-05-26T14:15:02.795Z","buy","maker"
"0.07550000","1324.15000000","2024-05-26T14:15:02.795Z","buy","maker"
"0.07550000","5486.28000000","2024-05-26T14:15:02.795Z","buy","maker"
"0.07550000","60.00000000","2024-05-26T14:15:02.795Z","buy","maker"
"0.07560000","6480.37000000","2024-05-26T14:15:02.795Z","buy","maker"
"0.07560000","60.00000000","2024-05-26T14:15:02.795Z","buy","maker"
"0.07570000","94.24000000","2024-05-26T14:15:02.795Z","buy","maker"
"0.07570000","60.00000000","2024-05-26T14:15:02.795Z","buy","maker"
"0.07580000","659.35000000","2024-05-26T14:15:02.795Z","buy","maker"
"0.07580000","3947.85000000","2024-05-26T14:15:02.795Z","buy","maker"
"0.07580000","60.00000000","2024-05-26T14:15:02.795Z","buy","maker"
"0.07590000","409.29000000","2024-05-26T14:15:02.795Z","buy","maker"
"0.07590000","175.67000000","2024-05-26T14:15:02.795Z","buy","maker"
"0.07590000","420.48000000","2024-05-26T14:15:02.795Z","buy","maker"
"0.07590000","5.26000000","2024-05-26T14:14:38.455Z","buy","maker"
"0.07590000","6.85000000","2024-05-26T14:06:20.152Z","buy","maker"
"0.07600000","3.36000000","2024-05-26T13:55:24.315Z","sell","maker"
"0.07590000","2.91000000","2024-05-26T13:54:41.047Z","buy","maker"
"0.07590000","132.28000000","2024-05-26T13:50:57.809Z","buy","maker"
"0.07590000","177.35000000","2024-05-26T13:34:02.413Z","buy","maker"
"0.07590000","111.34000000","2024-05-26T13:34:02.413Z","buy","maker"
"0.07590000","300.00000000","2024-05-26T13:30:50.278Z","buy","maker"
"0.07590000","3.03000000","2024-05-26T13:29:23.793Z","buy","maker"
"0.07600000","39.08000000","2024-05-26T13:22:09.689Z","sell","maker"
"0.07590000","3.05000000","2024-05-26T13:19:17.225Z","buy","maker"
"0.07590000","4.30000000","2024-05-26T13:10:44.929Z","buy","maker"
"0.07600000","143.81000000","2024-05-26T13:10:11.622Z","sell","maker"
"0.07600000","60.00000000","2024-05-26T13:10:11.622Z","sell","maker"
"0.07590000","29.76000000","2024-05-26T13:10:11.622Z","sell","maker"
"0.07580000","144.54000000","2024-05-26T13:08:40.491Z","buy","maker"
"0.07580000","8.72000000","2024-05-26T12:55:38.334Z","buy","maker"
"0.07590000","30.24000000","2024-05-26T12:54:30.768Z","sell","maker"
"0.07580000","23587.01000000","2024-05-26T12:54:30.742Z","sell","maker"
"0.07580000","3985.62000000","2024-05-26T12:54:30.742Z","sell","maker"
"0.07580000","60.00000000","2024-05-26T12:54:30.742Z","sell","maker"
"0.07570000","891.51000000","2024-05-26T12:54:30.742Z","sell","maker"
"0.07570000","35125.19000000","2024-05-26T12:54:30.742Z","sell","maker"
"0.07570000","1321.31000000","2024-05-26T12:54:30.742Z","sell","maker"
"0.07570000","60.00000000","2024-05-26T12:54:30.742Z","sell","maker"
"0.07560000","3498.44000000","2024-05-26T12:54:30.742Z","sell","maker"
"0.07560000","60.00000000","2024-05-26T12:54:30.742Z","sell","maker"
"0.07550000","238.21000000","2024-05-26T12:54:30.742Z","sell","maker"
"0.07550000","5416.11000000","2024-05-26T12:54:30.742Z","sell","maker"
"0.07550000","60.00000000","2024-05-26T12:54:30.742Z","sell","maker"
"0.07540000","89.85000000","2024-05-26T12:54:30.742Z","sell","maker"
"0.07540000","663.46000000","2024-05-26T12:54:30.742Z","sell","maker"
"0.07540000","46.74000000","2024-05-26T12:54:30.742Z","sell","maker"
"0.07530000","714.48000000","2024-05-26T12:54:30.742Z","sell","maker"
"0.07520000","5.78000000","2024-05-26T12:49:27.477Z","buy","maker"
"0.07530000","6.90000000","2024-05-26T12:34:12.277Z","buy","maker"
"0.07520000","4.19000000","2024-05-26T12:31:30.994Z","buy","maker"
"0.07540000","13.26000000","2024-05-26T12:30:38.549Z","sell","maker"
"0.07530000","59.68000000","2024-05-26T12:28:03.720Z","buy","maker"
"0.07530000","3.79000000","2024-05-26T12:23:34.727Z","buy","maker"
"0.07530000","737.16000000","2024-05-26T12:19:50.710Z","sell","maker"
"0.07530000","60.00000000","2024-05-26T12:19:50.710Z","sell","maker"
"0.07510000","5332.27000000","2024-05-26T12:15:25.839Z","buy","maker"
"0.07510000","411.69000000","2024-05-26T12:15:25.839Z","buy","maker"
"0.07510000","494.02000000","2024-05-26T12:15:25.839Z","buy","maker"
"0.07510000","430.98000000","2024-05-26T12:15:25.839Z","buy","maker"
"0.07510000","60.00000000","2024-05-26T12:15:25.839Z","buy","maker"
"0.07520000","4643.11000000","2024-05-26T12:15:25.839Z","buy","maker"
"0.07520000","743.45000000","2024-05-26T12:15:25.839Z","buy","maker"
"0.07520000","60.00000000","2024-05-26T12:15:25.839Z","buy","maker"
"0.07530000","663.49000000","2024-05-26T12:15:25.839Z","buy","maker"
"0.07530000","245.81000000","2024-05-26T12:15:25.839Z","buy","maker"
"0.07530000","4.19000000","2024-05-26T12:10:13.152Z","buy","maker"
"0.07530000","0.03000000","2024-05-26T11:54:40.379Z","buy","maker"
"0.07530000","4.19000000","2024-05-26T11:54:40.379Z","buy","maker"
"0.07530000","55.81000000","2024-05-26T11:45:36.856Z","buy","maker"
"0.07540000","1324.76000000","2024-05-26T11:45:36.856Z","buy","maker"
"0.07540000","60.00000000","2024-05-26T11:45:36.856Z","buy","maker"
"0.07550000","4860.85000000","2024-05-26T11:45:36.856Z","buy","maker"
"0.07550000","60.00000000","2024-05-26T11:45:36.856Z","buy","maker"
"0.07560000","732.78000000","2024-05-26T11:45:36.856Z","buy","maker"
"0.07560000","60.00000000","2024-05-26T11:45:36.856Z","buy","maker"
"0.07570000","660.28000000","2024-05-26T11:45:36.856Z","buy","maker"
"0.07580000","423.91000000","2024-05-26T11:45:36.856Z","buy","maker"
"0.07570000","3.82000000","2024-05-26T11:32:56.598Z","buy","maker"
"0.07570000","6183.12000000","2024-05-26T11:27:33.786Z","buy","maker"
"0.07570000","60.00000000","2024-05-26T11:27:33.786Z","buy","maker"
"0.07580000","5194.22000000","2024-05-26T11:27:33.786Z","buy","maker"
"0.07580000","60.00000000","2024-05-26T11:27:33.786Z","buy","maker"
"0.07590000","658.28000000","2024-05-26T11:27:33.786Z","buy","maker"
"0.07590000","89.92000000","2024-05-26T11:27:33.786Z","buy","maker"
"0.07600000","275.29000000","2024-05-26T11:27:33.786Z","buy","maker"
"0.07600000","152.86000000","2024-05-26T11:27:33.786Z","buy","maker"
"0.07600000","288.31000000","2024-05-26T11:20:40.138Z","buy","maker"
"0.07600000","3.79000000","2024-05-26T11:20:36.347Z","buy","maker"
"0.07610000","6.57000000","2024-05-26T11:10:56.740Z","sell","maker"
"0.07600000","3.95000000","2024-05-26T10:59:44.994Z","buy","maker"
"0.07600000","5.68000000","2024-05-26T10:53:14.259Z","buy","maker"
"0.07600000","14.32000000","2024-05-26T10:51:56.076Z","buy","maker"
"0.07590000","169.85000000","2024-05-26T10:42:41.778Z","buy","maker"
"0.07590000","60.00000000","2024-05-26T10:42:41.778Z","buy","maker"
"0.07610000","369.59000000","2024-05-26T10:42:41.778Z","buy","maker"
"0.07610000","112.34000000","2024-05-26T10:42:41.778Z","buy","maker"
"0.07610000","125.34000000","2024-05-26T10:41:45.427Z","buy","maker"
"0.07610000","4.79000000","2024-05-26T10:30:04.580Z","buy","maker"
"0.07610000","4.37000000","2024-05-26T10:21:50.043Z","buy","maker"
"0.07610000","6.75000000","2024-05-26T10:01:21.327Z","buy","maker"
"0.07610000","5.85000000","2024-05-26T09:55:28.188Z","buy","maker"
"0.07610000","4.03000000","2024-05-26T09:54:02.098Z","buy","maker"
"0.07610000","8.82000000","2024-05-26T09:43:25.215Z","buy","maker"
"0.07620000","3523.29000000","2024-05-26T09:42:10.556Z","sell","maker"
"0.07610000","162.76000000","2024-05-26T09:36:04.137Z","buy","maker"
"0.07610000","4.70000000","2024-05-26T09:27:44.274Z","buy","maker"
"0.07610000","5.35000000","2024-05-26T09:21:39.662Z","buy","maker"
"0.07620000","5.35000000","2024-05-26T09:16:32.536Z","sell","maker"
"0.07610000","3.25000000","2024-05-26T09:10:03.754Z","buy","maker"
"0.07610000","3.91000000","2024-05-26T09:09:46.309Z","buy","maker"
"0.07610000","19.75000000","2024-05-26T08:59:56.293Z","buy","maker"
"0.07620000","14.24000000","2024-05-26T08:59:37.503Z","sell","maker"
"0.07600000","243.42000000","2024-05-26T08:40:52.802Z","buy","maker"
"0.07600000","235.35000000","2024-05-26T08:40:52.802Z","buy","maker"
"0.07600000","497.81000000","2024-05-26T08:40:52.802Z","buy","maker"
"0.07610000","446.97000000","2024-05-26T08:40:52.802Z","buy","maker"
"0.07610000","9.71000000","2024-05-26T08:40:35.112Z","buy","maker"
"0.07610000","6.49000000","2024-05-26T08:33:00.237Z","buy","maker"
"0.07620000","89.15000000","2024-05-26T08:18:38.625Z","sell","maker"
"0.07610000","8.68000000","2024-05-26T08:07:35.847Z","buy","maker"
"0.07620000","12.99000000","2024-05-26T08:07:17.507Z","sell","maker"
"0.07620000","25.98000000","2024-05-26T08:06:16.183Z","sell","maker"
"0.07610000","7.08000000","2024-05-26T07:52:59.559Z","buy","maker"
"0.07620000","605.04000000","2024-05-26T07:42:23.060Z","sell","maker"
"0.07600000","239.68000000","2024-05-26T07:38:54.116Z","buy","maker"
"0.07610000","454.76000000","2024-05-26T07:38:54.116Z","buy","maker"
"0.07610000","4.70000000","2024-05-26T07:33:42.908Z","buy","maker"
"0.07610000","3.84000000","2024-05-26T07:28:22.467Z","buy","maker"
"0.07620000","740.80000000","2024-05-26T07:16:34.000Z","buy","maker"
"0.07620000","417.29000000","2024-05-26T07:16:34.000Z","buy","maker"
"0.07620000","6.60000000","2024-05-26T07:05:42.935Z","buy","maker"
"0.07630000","39.14000000","2024-05-26T06:42:14.900Z","sell","maker"
"0.07630000","30776.72000000","2024-05-26T06:27:47.648Z","sell","maker"
"0.07630000","53.63000000","2024-05-26T06:27:47.648Z","sell","maker"
"0.07620000","37547.49000000","2024-05-26T06:27:47.648Z","sell","maker"
"0.07610000","30533.72000000","2024-05-26T06:27:47.648Z","sell","maker"
"0.07610000","13067.91000000","2024-05-26T06:27:47.648Z","sell","maker"
"0.07610000","60.00000000","2024-05-26T06:27:47.648Z","sell","maker"
"0.07600000","1783.01000000","2024-05-26T06:27:47.648Z","sell","maker"
"0.07600000","3856.85000000","2024-05-26T06:27:47.648Z","sell","maker"
"0.07600000","60.00000000","2024-05-26T06:27:47.648Z","sell","maker"
"0.07590000","1317.79000000","2024-05-26T06:27:47.648Z","sell","maker"
"0.07590000","60.00000000","2024-05-26T06:27:47.648Z","sell","maker"
"0.07580000","247.97000000","2024-05-26T06:27:47.648Z","sell","maker"
"0.07580000","2997.96000000","2024-05-26T06:27:47.648Z","sell","maker"
"0.07580000","60.00000000","2024-05-26T06:27:47.648Z","sell","maker"
"0.07570000","661.32000000","2024-05-26T06:27:47.648Z","sell","maker"
"0.07570000","82.54000000","2024-05-26T06:27:47.648Z","sell","maker"
"0.07570000","60.00000000","2024-05-26T06:27:47.648Z","sell","maker"
"0.07570000","713.82000000","2024-05-26T06:27:47.648Z","sell","maker"
"0.07560000","60.00000000","2024-05-26T06:27:47.648Z","sell","maker"
"0.07550000","6.40000000","2024-05-26T06:22:00.337Z","buy","maker"
"0.07550000","726.78000000","2024-05-26T06:16:36.277Z","sell","maker"
"0.07550000","60.00000000","2024-05-26T06:16:36.277Z","sell","maker"
"0.07540000","739.95000000","2024-05-26T06:01:41.670Z","sell","maker"
"0.07520000","732.24000000","2024-05-26T06:00:30.676Z","sell","maker"
"0.07520000","738.99000000","2024-05-26T05:59:00.660Z","sell","maker"
"0.07550000","30.83000000","2024-05-26T05:45:29.461Z","buy","maker"
"0.07520000","1137.18000000","2024-05-26T05:45:13.082Z","buy","maker"
"0.07520000","5800.74000000","2024-05-26T05:45:13.082Z","buy","maker"
"0.07520000","60.00000000","2024-05-26T05:45:13.082Z","buy","maker"
"0.07530000","285.57000000","2024-05-26T05:45:13.082Z","buy","maker"
"0.07530000","285.63000000","2024-05-26T05:45:13.082Z","buy","maker"
"0.07530000","2653.90000000","2024-05-26T05:45:13.082Z","buy","maker"
"0.07530000","162.76000000","2024-05-26T05:45:13.082Z","buy","maker"
"0.07530000","51.51000000","2024-05-26T05:45:13.082Z","buy","maker"
"0.07540000","142.70000000","2024-05-26T05:45:13.082Z","buy","maker"
"0.07540000","3927.91000000","2024-05-26T05:45:13.082Z","buy","maker"
"0.07540000","60.00000000","2024-05-26T05:45:13.082Z","buy","maker"
"0.07550000","60.00000000","2024-05-26T05:45:13.082Z","buy","maker"
"0.07560000","60.00000000","2024-05-26T05:45:13.082Z","buy","maker"
"0.07570000","1319.57000000","2024-05-26T05:45:13.082Z","buy","maker"
"0.07570000","4438.58000000","2024-05-26T05:45:13.082Z","buy","maker"
"0.07570000","60.00000000","2024-05-26T05:45:13.082Z","buy","maker"
"0.07580000","74.65000000","2024-05-26T05:45:13.082Z","buy","maker"
"0.07580000","717.10000000","2024-05-26T05:45:13.082Z","buy","maker"
"0.07580000","60.00000000","2024-05-26T05:45:13.082Z","buy","maker"
"0.07590000","51.59000000","2024-05-26T05:45:13.082Z","buy","maker"
"0.07600000","60.00000000","2024-05-26T05:45:13.082Z","buy","maker"
"0.07610000","657.01000000","2024-05-26T05:45:13.082Z","buy","maker"
"0.07620000","471.35000000","2024-05-26T05:45:13.082Z","buy","maker"
"0.07630000","6.37000000","2024-05-26T05:44:26.486Z","sell","maker"
"0.07620000","60.00000000","2024-05-26T05:44:26.486Z","sell","maker"
"0.07610000","5.14000000","2024-05-26T05:41:36.969Z","buy","maker"
"0.07610000","7.60000000","2024-05-26T05:37:52.627Z","buy","maker"
"0.07600000","13.12000000","2024-05-26T05:26:36.797Z","buy","maker"
"0.07600000","7.93000000","2024-05-26T05:20:29.110Z","buy","maker"
"0.07600000","6.97000000","2024-05-26T05:16:47.508Z","buy","maker"
"0.07610000","89.27000000","2024-05-26T05:14:20.503Z","sell","maker"
"0.07600000","340.00000000","2024-05-26T04:58:57.621Z","buy","maker"
"0.07600000","60.00000000","2024-05-26T04:58:57.621Z","buy","maker"
"0.07610000","105.60000000","2024-05-26T04:57:10.476Z","buy","maker"
"0.07610000","60.00000000","2024-05-26T04:57:10.476Z","buy","maker"
"0.07620000","425.74000000","2024-05-26T04:57:10.476Z","buy","maker"
"0.07620000","719.95000000","2024-05-26T04:57:10.476Z","buy","maker"
"0.07630000","288.77000000","2024-05-26T04:56:05.875Z","buy","maker"
"0.07630000","391.86000000","2024-05-26T04:56:05.875Z","buy","maker"
"0.07640000","1295.81000000","2024-05-26T04:38:12.937Z","sell","maker"
"0.07630000","8.14000000","2024-05-26T04:37:27.072Z","buy","maker"
"0.07640000","116.75000000","2024-05-26T04:36:45.703Z","sell","maker"
"0.07630000","8.38000000","2024-05-26T04:31:56.017Z","buy","maker"
"0.07630000","501.23000000","2024-05-26T04:24:20.025Z","sell","maker"
"0.07630000","5.89000000","2024-05-26T04:24:05.365Z","buy","maker"
"0.07640000","890.56000000","2024-05-26T04:14:05.496Z","sell","maker"
"0.07640000","0.13000000","2024-05-26T04:13:57.984Z","sell","maker"
"0.07630000","656.16000000","2024-05-26T04:13:50.629Z","sell","maker"
"0.07630000","60.00000000","2024-05-26T04:13:50.629Z","sell","maker"
"0.07630000","1000.00000000","2024-05-26T04:13:50.629Z","sell","maker"
"0.07620000","8.91000000","2024-05-26T04:10:46.159Z","buy","maker"
"0.07620000","48.09000000","2024-05-26T04:05:29.984Z","buy","maker"
"0.07630000","588.30000000","2024-05-26T04:05:08.411Z","sell","maker"
"0.07610000","4.40000000","2024-05-26T03:53:53.611Z","buy","maker"
"0.07590000","4.23000000","2024-05-26T03:39:04.014Z","buy","maker"
"0.07590000","4.18000000","2024-05-26T03:33:48.520Z","buy","maker"
"0.07590000","647.27000000","2024-05-26T03:25:30.021Z","buy","maker"
"0.07620000","625.96000000","2024-05-26T03:25:07.330Z","sell","maker"
"0.07620000","21.04000000","2024-05-26T03:24:50.393Z","sell","maker"
"0.07630000","15.73000000","2024-05-26T03:24:24.829Z","sell","maker"
"0.07630000","38599.22000000","2024-05-26T03:24:24.797Z","sell","maker"
"0.07630000","60.00000000","2024-05-26T03:24:24.797Z","sell","maker"
"0.07620000","656.16000000","2024-05-26T03:24:24.797Z","sell","maker"
"0.07620000","50.64000000","2024-05-26T03:24:24.797Z","sell","maker"
"0.07610000","9.36000000","2024-05-26T03:19:25.948Z","buy","maker"
"0.07610000","3.94000000","2024-05-26T03:17:41.016Z","buy","maker"
"0.07610000","131.23000000","2024-05-26T03:17:39.884Z","buy","maker"
"0.07620000","9.36000000","2024-05-26T03:14:17.883Z","sell","maker"
"0.07610000","5.08000000","2024-05-26T03:09:32.058Z","buy","maker"
"0.07610000","1421.40000000","2024-05-26T03:07:38.911Z","sell","maker"
"0.07610000","378.22000000","2024-05-26T03:07:12.284Z","sell","maker"
"0.07610000","60.00000000","2024-05-26T03:07:12.284Z","sell","maker"
"0.07610000","1.00000000","2024-05-26T03:07:12.284Z","sell","maker"
"0.07600000","657.92000000","2024-05-26T03:06:50.497Z","sell","maker"
"0.07600000","742.18000000","2024-05-26T03:06:50.497Z","sell","maker"
"0.07600000","60.00000000","2024-05-26T03:06:50.497Z","sell","maker"
"0.07590000","60.00000000","2024-05-26T03:06:50.497Z","sell","maker"
"0.07580000","659.63000000","2024-05-26T03:06:42.953Z","sell","maker"
"0.07580000","60.00000000","2024-05-26T03:06:42.953Z","sell","maker"
"0.07570000","660.50000000","2024-05-26T03:06:27.490Z","sell","maker"
"0.07570000","721.61000000","2024-05-26T03:06:27.490Z","sell","maker"
"0.07560000","1756.85000000","2024-05-26T02:44:34.689Z","sell","maker"
"0.07560000","661.47000000","2024-05-26T02:44:34.689Z","sell","maker"
"0.07560000","727.16000000","2024-05-26T02:44:34.689Z","sell","maker"
"0.07550000","78.67000000","2024-05-26T02:44:34.689Z","sell","maker"
"0.07530000","8.49000000","2024-05-26T02:42:52.163Z","buy","maker"
"0.07540000","455.68000000","2024-05-26T02:32:15.666Z","buy","maker"
"0.07540000","663.03000000","2024-05-26T02:32:15.666Z","buy","maker"
"0.07550000","661.88000000","2024-05-26T02:31:47.964Z","buy","maker"
"0.07550000","37556.97000000","2024-05-26T02:31:47.964Z","buy","maker"
"0.07550000","661.44000000","2024-05-26T02:31:06.359Z","buy","maker"
"0.07540000","9687.52000000","2024-05-26T02:28:46.020Z","buy","maker"
"0.07540000","60.00000000","2024-05-26T02:28:46.020Z","buy","maker"
"0.07550000","79.21000000","2024-05-26T02:28:46.020Z","buy","maker"
"0.07550000","428.70000000","2024-05-26T02:28:46.020Z","buy","maker"
"0.07550000","60.00000000","2024-05-26T02:28:46.020Z","buy","maker"
"0.07560000","744.72000000","2024-05-26T02:28:46.020Z","buy","maker"
"0.07560000","490.75000000","2024-05-26T02:28:46.020Z","buy","maker"
"0.07560000","430.03000000","2024-05-26T02:28:46.020Z","buy","maker"
"0.07560000","41.81000000","2024-05-26T02:28:46.020Z","buy","maker"
"0.07570000","659.96000000","2024-05-26T02:28:46.020Z","buy","maker"
"0.07580000","458.77000000","2024-05-26T02:28:46.020Z","buy","maker"
"0.07600000","1.93000000","2024-05-26T02:27:53.566Z","sell","maker"
"0.07560000","18.19000000","2024-05-26T02:23:36.487Z","buy","maker"
"0.07570000","52.89000000","2024-05-26T02:23:36.487Z","buy","maker"
"0.07590000","71.02000000","2024-05-26T02:23:08.286Z","sell","maker"
"0.07570000","7.11000000","2024-05-26T02:12:39.863Z","buy","maker"
"0.07580000","2.68000000","2024-05-26T02:08:45.798Z","buy","maker"
"0.07580000","60.00000000","2024-05-26T02:08:45.798Z","buy","maker"
"0.07610000","495.49000000","2024-05-26T01:54:29.831Z","sell","maker"
"0.07610000","24.91000000","2024-05-26T01:54:29.831Z","sell","maker"
"0.07590000","160.55000000","2024-05-26T01:53:01.164Z","buy","maker"
"0.07590000","486.47000000","2024-05-26T01:53:01.164Z","buy","maker"
"0.07590000","24.32000000","2024-05-26T01:48:26.073Z","buy","maker"
"0.07590000","303.76000000","2024-05-26T01:48:26.073Z","buy","maker"
"0.07590000","122.68000000","2024-05-26T01:43:39.109Z","buy","maker"
"0.07590000","17.32000000","2024-05-26T01:43:39.109Z","buy","maker"
"0.07590000","60.00000000","2024-05-26T01:43:39.109Z","buy","maker"
"0.07600000","4.21000000","2024-05-26T01:32:58.193Z","buy","maker"
"0.07600000","7.05000000","2024-05-26T01:27:49.982Z","buy","maker"
"0.07600000","512.23000000","2024-05-26T01:23:20.820Z","buy","maker"
"0.07600000","427.77000000","2024-05-26T01:23:20.820Z","buy","maker"
"0.07600000","60.00000000","2024-05-26T01:23:20.820Z","buy","maker"
"0.07630000","21.37000000","2024-05-26T01:19:55.952Z","buy","maker"
"0.07630000","428.68000000","2024-05-26T01:19:55.952Z","buy","maker"
"0.07630000","7.74000000","2024-05-26T01:15:55.053Z","buy","maker"
"0.07640000","6528.73000000","2024-05-26T01:14:50.105Z","sell","maker"
"0.07640000","6.55000000","2024-05-26T01:03:10.203Z","sell","maker"
"0.07630000","3.20000000","2024-05-26T01:02:41.784Z","sell","maker"
"0.07610000","14.43000000","2024-05-26T01:02:23.898Z","buy","maker"
"0.07610000","53.97000000","2024-05-26T01:02:23.898Z","buy","maker"
"0.07640000","11041.71000000","2024-05-26T00:59:52.353Z","sell","maker"
"0.07630000","655.48000000","2024-05-26T00:59:52.353Z","sell","maker"
"0.07630000","1822.86000000","2024-05-26T00:59:52.353Z","sell","maker"
"0.07610000","6.03000000","2024-05-26T00:58:41.264Z","buy","maker"
"0.07630000","1.92000000","2024-05-26T00:58:12.713Z","sell","maker"
"0.07620000","189.62000000","2024-05-26T00:51:53.749Z","buy","maker"
"0.07620000","725.55000000","2024-05-26T00:51:53.749Z","buy","maker"
"0.07630000","305.99000000","2024-05-26T00:50:15.047Z","sell","maker"
"0.07630000","83.26000000","2024-05-26T00:50:15.047Z","sell","maker"
"0.07620000","7.01000000","2024-05-26T00:39:42.707Z","buy","maker"
"0.07620000","1931.42000000","2024-05-26T00:25:54.881Z","buy","maker"
"0.07620000","60.00000000","2024-05-26T00:25:54.881Z","buy","maker"
"0.07630000","83.33000000","2024-05-26T00:25:54.881Z","buy","maker"
"0.07630000","60.00000000","2024-05-26T00:25:54.881Z","buy","maker"
"0.07640000","653.85000000","2024-05-26T00:25:54.881Z","buy","maker"
"0.07640000","740.46000000","2024-05-26T00:25:54.881Z","buy","maker"
"0.07640000","60.00000000","2024-05-26T00:25:54.881Z","buy","maker"
"0.07650000","448.76000000","2024-05-26T00:18:28.668Z","buy","maker"
"0.07650000","38.81000000","2024-05-26T00:18:28.668Z","buy","maker"
"0.07660000","448.29000000","2024-05-26T00:18:28.668Z","buy","maker"
"0.07660000","727.45000000","2024-05-26T00:18:28.668Z","buy","maker"
"0.07650000","5.25000000","2024-05-26T00:13:20.353Z","buy","maker"
"0.07650000","6.13000000","2024-05-26T00:10:02.022Z","buy","maker"
"0.07650000","9.81000000","2024-05-26T00:09:57.315Z","buy","maker"
"0.07680000","317.80000000","2024-05-26T00:09:33.927Z","sell","maker"
"0.07680000","16.01000000","2024-05-26T00:09:32.466Z","sell","maker"
"0.07690000","26777.30000000","2024-05-26T00:09:32.439Z","sell","maker"
"0.07690000","1339.00000000","2024-05-26T00:09:32.439Z","sell","maker"
"0.07690000","3388.20000000","2024-05-26T00:09:32.439Z","sell","maker"
"0.07690000","5800.74000000","2024-05-26T00:09:32.439Z","sell","maker"
"0.07690000","427.77000000","2024-05-26T00:09:32.439Z","sell","maker"
"0.07690000","60.60000000","2024-05-26T00:09:32.439Z","sell","maker"
"0.07690000","0.87000000","2024-05-26T00:09:32.439Z","sell","maker"
"0.07690000","536.05000000","2024-05-26T00:09:32.439Z","sell","maker"
"0.07670000","652.45000000","2024-05-26T00:09:32.439Z","sell","maker"
"0.07670000","1000.00000000","2024-05-26T00:09:32.439Z","sell","maker"
"0.07680000","648.08000000","2024-05-26T00:03:20.414Z","sell","maker"
"0.07670000","652.25000000","2024-05-26T00:03:20.414Z","sell","maker"
"0.07680000","160.96000000","2024-05-26T00:03:13.981Z","sell","maker"
"0.07680000","426.44000000","2024-05-26T00:03:13.981Z","sell","maker"
"0.07680000","60.60000000","2024-05-26T00:03:13.981Z","sell","maker"
"0.07670000","652.33000000","2024-05-26T00:03:13.981Z","sell","maker"
"0.07670000","588.76000000","2024-05-26T00:03:07.560Z","sell","maker"
"0.07670000","60.00000000","2024-05-26T00:03:07.560Z","sell","maker"
"0.07660000","653.26000000","2024-05-26T00:03:07.560Z","sell","maker"
"0.07650000","650.74000000","2024-05-26T00:03:01.154Z","sell","maker"
"0.07640000","654.69000000","2024-05-26T00:03:01.154Z","sell","maker"
"0.07650000","650.70000000","2024-05-26T00:02:54.718Z","sell","maker"
"0.07640000","654.73000000","2024-05-26T00:02:54.718Z","sell","maker"
"0.07650000","573.67000000","2024-05-26T00:02:48.244Z","sell","maker"
"0.07640000","654.84000000","2024-05-26T00:02:48.244Z","sell","maker"
"0.07640000","77.02000000","2024-05-26T00:02:48.244Z","sell","maker"
"0.07640000","1306.28000000","2024-05-26T00:02:41.479Z","sell","maker"
"0.07660000","205.88000000","2024-05-26T00:02:35.039Z","sell","maker"
"0.07660000","60.00000000","2024-05-26T00:02:35.039Z","sell","maker"
"0.07660000","384.06000000","2024-05-26T00:02:35.039Z","sell","maker"
"0.07650000","653.78000000","2024-05-26T00:02:35.039Z","sell","maker"
"0.07650000","590.80000000","2024-05-26T00:02:28.387Z","sell","maker"
"0.07650000","60.00000000","2024-05-26T00:02:28.387Z","sell","maker"
"0.07640000","654.63000000","2024-05-26T00:02:28.387Z","sell","maker"
"0.07640000","651.60000000","2024-05-26T00:02:21.935Z","sell","maker"
"0.07630000","655.54000000","2024-05-26T00:02:21.935Z","sell","maker"
"0.07610000","1662.73000000","2024-05-26T00:01:52.643Z","buy","maker"
"0.07610000","60.00000000","2024-05-26T00:01:52.643Z","buy","maker"
"0.07620000","727.05000000","2024-05-26T00:01:52.643Z","buy","maker"
"0.07620000","77.56000000","2024-05-26T00:01:52.643Z","buy","maker"
"0.07620000","60.00000000","2024-05-26T00:01:52.643Z","buy","maker"
"0.07630000","654.66000000","2024-05-26T00:01:52.643Z","buy","maker"
"0.07650000","473.89000000","2024-05-26T00:01:52.643Z","buy","maker"
"0.07660000","615.94000000","2024-05-26T00:01:42.897Z","sell","maker"
"0.07650000","17.46000000","2024-05-26T00:01:42.897Z","sell","maker"
"0.07650000","17.50000000","2024-05-26T00:01:42.897Z","sell","maker"
"0.07630000","51.43000000","2024-05-26T00:01:28.663Z","buy","maker"
"0.07630000","60.00000000","2024-05-26T00:01:28.663Z","buy","maker"
"0.07640000","741.93000000","2024-05-26T00:01:28.663Z","buy","maker"
"0.07660000","1302.87000000","2024-05-25T23:50:54.479Z","sell","maker"
"0.07670000","97.30000000","2024-05-25T23:50:47.631Z","sell","maker"
"0.07670000","490.75000000","2024-05-25T23:50:47.631Z","sell","maker"
"0.07670000","60.60000000","2024-05-25T23:50:47.631Z","sell","maker"
"0.07660000","653.37000000","2024-05-25T23:50:47.631Z","sell","maker"
"0.07660000","1302.87000000","2024-05-25T23:50:40.695Z","sell","maker"
"0.07660000","649.56000000","2024-05-25T23:50:33.837Z","sell","maker"
"0.07650000","654.16000000","2024-05-25T23:50:33.837Z","sell","maker"
"0.07660000","649.56000000","2024-05-25T23:50:26.782Z","sell","maker"
"0.07650000","654.16000000","2024-05-25T23:50:26.782Z","sell","maker"
"0.07660000","649.56000000","2024-05-25T23:50:20.068Z","sell","maker"
"0.07650000","654.16000000","2024-05-25T23:50:20.068Z","sell","maker"
"0.07660000","577.99000000","2024-05-25T23:50:13.052Z","sell","maker"
"0.07660000","71.85000000","2024-05-25T23:50:13.052Z","sell","maker"
"0.07650000","653.88000000","2024-05-25T23:50:13.052Z","sell","maker"
"0.07660000","649.48000000","2024-05-25T23:50:06.222Z","sell","maker"
"0.07650000","654.24000000","2024-05-25T23:50:06.222Z","sell","maker"
"0.07650000","1304.57000000","2024-05-25T23:49:59.368Z","sell","maker"
"0.07650000","650.98000000","2024-05-25T23:49:52.292Z","sell","maker"
"0.07640000","654.45000000","2024-05-25T23:49:52.292Z","sell","maker"
"0.07660000","589.38000000","2024-05-25T23:47:37.888Z","sell","maker"
"0.07660000","60.60000000","2024-05-25T23:47:37.888Z","sell","maker"
"0.07650000","653.74000000","2024-05-25T23:47:37.888Z","sell","maker"
"0.07650000","650.66000000","2024-05-25T23:47:31.036Z","sell","maker"
"0.07640000","654.77000000","2024-05-25T23:47:31.036Z","sell","maker"
"0.07650000","186.23000000","2024-05-25T23:47:24.171Z","sell","maker"
"0.07650000","430.03000000","2024-05-25T23:47:24.171Z","sell","maker"
"0.07650000","34.40000000","2024-05-25T23:47:24.171Z","sell","maker"
"0.07640000","654.77000000","2024-05-25T23:47:24.171Z","sell","maker"
"0.07650000","26.20000000","2024-05-25T23:47:17.325Z","sell","maker"
"0.07640000","655.01000000","2024-05-25T23:47:17.325Z","sell","maker"
"0.07640000","625.04000000","2024-05-25T23:47:17.325Z","sell","maker"
"0.07640000","374.96000000","2024-05-25T23:47:10.489Z","sell","maker"
"0.07640000","442.02000000","2024-05-25T23:47:10.489Z","sell","maker"
"0.07640000","428.70000000","2024-05-25T23:47:10.489Z","sell","maker"
"0.07640000","60.60000000","2024-05-25T23:47:10.489Z","sell","maker"
"0.07630000","174.98000000","2024-05-25T23:47:03.597Z","sell","maker"
"0.07630000","1000.00000000","2024-05-25T23:47:03.597Z","sell","maker"
"0.07620000","133.19000000","2024-05-25T23:47:03.597Z","sell","maker"
"0.07620000","1309.71000000","2024-05-25T23:46:56.716Z","sell","maker"
"0.07620000","1309.71000000","2024-05-25T23:46:49.875Z","sell","maker"
"0.07620000","1309.71000000","2024-05-25T23:46:43.027Z","sell","maker"
"0.07620000","1309.71000000","2024-05-25T23:46:36.185Z","sell","maker"
"0.07610000","4.86000000","2024-05-25T23:43:51.663Z","buy","maker"
"0.07620000","718.63000000","2024-05-25T23:38:10.859Z","buy","maker"
"0.07620000","488.64000000","2024-05-25T23:38:10.859Z","buy","maker"
"0.07600000","5.25000000","2024-05-25T23:17:16.943Z","buy","maker"
"0.07630000","258.86000000","2024-05-25T23:16:28.614Z","sell","maker"
"0.07620000","656.31000000","2024-05-25T23:16:28.614Z","sell","maker"
"0.07620000","731.91000000","2024-05-25T23:14:01.492Z","buy","maker"
"0.07630000","812.20000000","2024-05-25T23:13:41.302Z","sell","maker"
"0.07630000","1506.25000000","2024-05-25T23:11:53.045Z","sell","maker"
"0.07630000","60.60000000","2024-05-25T23:11:53.045Z","sell","maker"
"0.07620000","1000.00000000","2024-05-25T23:11:53.045Z","sell","maker"
"0.07620000","5432.00000000","2024-05-25T23:11:53.045Z","sell","maker"
"0.07620000","842.64000000","2024-05-25T23:11:53.045Z","sell","maker"
"0.07620000","60.60000000","2024-05-25T23:11:53.045Z","sell","maker"
"0.07610000","1000.00000000","2024-05-25T23:11:53.045Z","sell","maker"
"0.07610000","494.02000000","2024-05-25T23:11:53.045Z","sell","maker"
"0.07610000","432.32000000","2024-05-25T23:11:53.045Z","sell","maker"
"0.07610000","60.60000000","2024-05-25T23:11:53.045Z","sell","maker"
"0.07600000","1317.28000000","2024-05-25T23:11:53.045Z","sell","maker"
"0.07600000","430.98000000","2024-05-25T23:11:53.045Z","sell","maker"
"0.07600000","60.00000000","2024-05-25T23:11:53.045Z","sell","maker"
"0.07600000","1999.58000000","2024-05-25T23:11:53.045Z","sell","maker"
"0.07590000","730.25000000","2024-05-25T23:11:53.045Z","sell","maker"
"0.07590000","60.00000000","2024-05-25T23:11:53.045Z","sell","maker"
"0.07580000","60.00000000","2024-05-25T23:11:53.045Z","sell","maker"
"0.07580000","4.57000000","2024-05-25T23:11:53.045Z","sell","maker"
"0.07580000","51986.65000000","2024-05-25T23:11:53.045Z","sell","maker"
"0.07570000","5157.64000000","2024-05-25T23:11:53.045Z","sell","maker"
"0.07570000","661.17000000","2024-05-25T23:11:53.045Z","sell","maker"
"0.07570000","657.30000000","2024-05-25T23:09:58.132Z","sell","maker"
"0.07570000","661.06000000","2024-05-25T23:09:58.132Z","sell","maker"
"0.07570000","1318.36000000","2024-05-25T23:09:51.721Z","sell","maker"
"0.07570000","1318.36000000","2024-05-25T23:09:45.285Z","sell","maker"
"0.07570000","1318.36000000","2024-05-25T23:09:38.866Z","sell","maker"
"0.07570000","614.97000000","2024-05-25T23:09:32.430Z","sell","maker"
"0.07570000","42.43000000","2024-05-25T23:09:32.430Z","sell","maker"
"0.07560000","661.83000000","2024-05-25T23:09:32.430Z","sell","maker"
"0.07560000","658.58000000","2024-05-25T23:09:25.969Z","sell","maker"
"0.07550000","662.40000000","2024-05-25T23:09:25.969Z","sell","maker"
"0.07560000","478.19000000","2024-05-25T23:09:19.457Z","sell","maker"
"0.07560000","60.39000000","2024-05-25T23:09:19.457Z","sell","maker"
"0.07560000","60.00000000","2024-05-25T23:09:19.457Z","sell","maker"
"0.07550000","662.48000000","2024-05-25T23:09:19.457Z","sell","maker"
"0.07550000","60.00000000","2024-05-25T23:09:19.457Z","sell","maker"
"0.07550000","1321.85000000","2024-05-25T23:09:13.048Z","sell","maker"
"0.07550000","1321.85000000","2024-05-25T23:09:06.375Z","sell","maker"
"0.07550000","499.04000000","2024-05-25T23:08:59.904Z","sell","maker"
"0.07550000","23.42000000","2024-05-25T23:08:59.904Z","sell","maker"
"0.07550000","745.67000000","2024-05-25T23:08:59.904Z","sell","maker"
"0.07550000","53.72000000","2024-05-25T23:08:59.904Z","sell","maker"
"0.07510000","6.99000000","2024-05-25T23:03:30.448Z","buy","maker"
"0.07550000","6.28000000","2024-05-25T23:02:59.746Z","sell","maker"
"0.07520000","11.15000000","2024-05-25T23:00:08.569Z","buy","maker"
"0.07530000","661.09000000","2024-05-25T22:53:23.412Z","sell","maker"
"0.07510000","6.91000000","2024-05-25T22:47:10.668Z","buy","maker"
"0.07510000","11.78000000","2024-05-25T22:43:54.850Z","buy","maker"
"0.07510000","17.22000000","2024-05-25T22:43:54.850Z","buy","maker"
"0.07510000","6.72000000","2024-05-25T22:43:23.992Z","buy","maker"
"0.07510000","36.06000000","2024-05-25T22:32:05.933Z","buy","maker"
"0.07520000","209.69000000","2024-05-25T22:28:14.688Z","buy","maker"
"0.07520000","748.75000000","2024-05-25T22:28:14.688Z","buy","maker"
"0.07520000","60.00000000","2024-05-25T22:28:14.688Z","buy","maker"
"0.07530000","7.03000000","2024-05-25T22:25:37.434Z","buy","maker"
"0.07550000","15.32000000","2024-05-25T22:19:29.122Z","sell","maker"
"0.07560000","272.46000000","2024-05-25T22:15:11.919Z","buy","maker"
"0.07570000","13.08000000","2024-05-25T22:15:03.889Z","sell","maker"
"0.07560000","5.81000000","2024-05-25T22:13:35.367Z","buy","maker"
"0.07560000","57.39000000","2024-05-25T22:00:51.683Z","buy","maker"
"0.07560000","6.95000000","2024-05-25T22:00:37.671Z","buy","maker"
"0.07560000","9.74000000","2024-05-25T21:57:53.079Z","buy","maker"
"0.07550000","5.55000000","2024-05-25T21:53:55.376Z","buy","maker"
"0.07530000","4.28000000","2024-05-25T21:50:02.128Z","buy","maker"
"0.07530000","154.76000000","2024-05-25T21:48:43.686Z","buy","maker"
"0.07550000","82.55000000","2024-05-25T21:48:40.029Z","sell","maker"
"0.07550000","72.21000000","2024-05-25T21:48:40.029Z","sell","maker"
"0.07540000","32.15000000","2024-05-25T21:44:48.840Z","buy","maker"
"0.07540000","1.18000000","2024-05-25T21:43:48.054Z","buy","maker"
"0.07560000","32.15000000","2024-05-25T21:42:44.604Z","sell","maker"
"0.07550000","128.17000000","2024-05-25T21:41:41.623Z","buy","maker"
"0.07540000","7.08000000","2024-05-25T21:33:15.126Z","buy","maker"
"0.07530000","306.29000000","2024-05-25T21:27:58.662Z","buy","maker"
"0.07550000","452.70000000","2024-05-25T21:27:58.662Z","buy","maker"
"0.07560000","168.73000000","2024-05-25T21:27:46.258Z","sell","maker"
"0.07560000","590.26000000","2024-05-25T21:27:46.258Z","sell","maker"
"0.07550000","7.27000000","2024-05-25T21:16:14.024Z","buy","maker"
"0.07550000","15.48000000","2024-05-25T21:13:18.694Z","buy","maker"
"0.07550000","6.77000000","2024-05-25T21:12:28.854Z","buy","maker"
"0.07560000","80.76000000","2024-05-25T21:12:27.820Z","sell","maker"
"0.07550000","5.65000000","2024-05-25T21:12:13.324Z","buy","maker"
"0.07560000","13.23000000","2024-05-25T21:08:39.424Z","sell","maker"
"0.07530000","39.32000000","2024-05-25T21:00:33.529Z","buy","maker"
"0.07560000","39.29000000","2024-05-25T21:00:09.888Z","sell","maker"
"0.07530000","2993.90000000","2024-05-25T20:55:02.744Z","buy","maker"
"0.07530000","738.43000000","2024-05-25T20:55:02.744Z","buy","maker"
"0.07540000","662.68000000","2024-05-25T20:55:02.744Z","buy","maker"
"0.07540000","5699.79000000","2024-05-25T20:55:02.744Z","buy","maker"
"0.07550000","20.39000000","2024-05-25T20:55:02.744Z","buy","maker"
"0.07560000","468.98000000","2024-05-25T20:55:02.744Z","buy","maker"
"0.07560000","6.88000000","2024-05-25T20:54:56.373Z","buy","maker"
"0.07560000","6.97000000","2024-05-25T20:51:41.238Z","buy","maker"
"0.07570000","4.49000000","2024-05-25T20:49:01.393Z","sell","maker"
"0.07560000","3.09000000","2024-05-25T20:47:59.646Z","buy","maker"
"0.07560000","5.61000000","2024-05-25T20:47:05.143Z","buy","maker"
"0.07550000","6.29000000","2024-05-25T20:33:35.650Z","buy","maker"
"0.07530000","4.73000000","2024-05-25T20:29:13.105Z","buy","maker"
"0.07560000","26.19000000","2024-05-25T20:27:50.409Z","sell","maker"
"0.07560000","1.94000000","2024-05-25T20:25:07.922Z","sell","maker"
"0.07560000","1.94000000","2024-05-25T20:24:00.430Z","sell","maker"
"0.07530000","6124.80000000","2024-05-25T20:20:00.538Z","buy","maker"
"0.07530000","60.00000000","2024-05-25T20:20:00.538Z","buy","maker"
"0.07540000","5531.37000000","2024-05-25T20:20:00.538Z","buy","maker"
"0.07540000","20.67000000","2024-05-25T20:20:00.538Z","buy","maker"
"0.07550000","661.80000000","2024-05-25T20:20:00.538Z","buy","maker"
"0.07550000","81.76000000","2024-05-25T20:20:00.538Z","buy","maker"
"0.07560000","735.18000000","2024-05-25T20:20:00.538Z","buy","maker"
"0.07570000","167.53000000","2024-05-25T20:20:00.538Z","buy","maker"
"0.07570000","324.01000000","2024-05-25T20:20:00.538Z","buy","maker"
"0.07570000","134.03000000","2024-05-25T20:14:28.794Z","buy","maker"
"0.07570000","0.03000000","2024-05-25T20:06:10.362Z","buy","maker"
"0.07570000","6.97000000","2024-05-25T20:04:55.872Z","buy","maker"
"0.07580000","24831.14000000","2024-05-25T19:59:53.541Z","sell","maker"
"0.07570000","661.19000000","2024-05-25T19:59:53.541Z","sell","maker"
"0.07560000","823.45000000","2024-05-25T19:59:53.541Z","sell","maker"
"0.07560000","38.66000000","2024-05-25T19:56:22.370Z","sell","maker"
"0.07550000","7.80000000","2024-05-25T19:50:07.750Z","buy","maker"
"0.07560000","10000.00000000","2024-05-25T19:47:38.346Z","sell","maker"
"0.07540000","6.93000000","2024-05-25T19:44:18.133Z","buy","maker"
"0.07540000","8.90000000","2024-05-25T19:41:00.861Z","buy","maker"
"0.07540000","6.04000000","2024-05-25T19:37:11.748Z","buy","maker"
"0.07540000","4.19000000","2024-05-25T19:34:02.766Z","buy","maker"
"0.07540000","6.92000000","2024-05-25T19:30:36.618Z","buy","maker"
"0.07560000","1288.88000000","2024-05-25T19:28:33.309Z","sell","maker"
"0.07540000","6.35000000","2024-05-25T19:27:07.039Z","buy","maker"
"0.07560000","727.91000000","2024-05-25T19:23:16.214Z","buy","maker"
"0.07570000","401.53000000","2024-05-25T19:23:16.214Z","buy","maker"
"0.07550000","5.72000000","2024-05-25T19:18:09.151Z","buy","maker"
"0.07550000","6.21000000","2024-05-25T19:14:35.852Z","buy","maker"
"0.07550000","5.85000000","2024-05-25T19:12:41.495Z","buy","maker"
"0.07550000","17.93000000","2024-05-25T19:12:27.451Z","buy","maker"
"0.07570000","192.83000000","2024-05-25T19:06:33.010Z","buy","maker"
"0.07580000","74.71000000","2024-05-25T19:04:22.315Z","buy","maker"
"0.07580000","745.05000000","2024-05-25T19:04:22.315Z","buy","maker"
"0.07580000","342.90000000","2024-05-25T19:04:22.315Z","buy","maker"
"0.07580000","3.73000000","2024-05-25T18:59:02.299Z","buy","maker"
"0.07580000","6.99000000","2024-05-25T18:58:19.671Z","buy","maker"
"0.07580000","14.36000000","2024-05-25T18:57:43.419Z","buy","maker"
"0.07580000","47.54000000","2024-05-25T18:56:19.550Z","buy","maker"
"0.07580000","6.44000000","2024-05-25T18:55:29.751Z","buy","maker"
"0.07590000","6.40000000","2024-05-25T18:54:55.727Z","sell","maker"
"0.07580000","4.02000000","2024-05-25T18:51:43.485Z","buy","maker"
"0.07570000","4.20000000","2024-05-25T18:47:00.674Z","buy","maker"
"0.07570000","4.64000000","2024-05-25T18:46:29.872Z","buy","maker"
"0.07590000","3.22000000","2024-05-25T18:46:10.268Z","sell","maker"
"0.07570000","4.33000000","2024-05-25T18:45:56.273Z","buy","maker"
"0.07590000","12.33000000","2024-05-25T18:44:29.934Z","sell","maker"
"0.07570000","5.82000000","2024-05-25T18:42:16.604Z","buy","maker"
"0.07580000","395.70000000","2024-05-25T18:42:00.768Z","buy","maker"
"0.07580000","34651.57000000","2024-05-25T18:41:34.223Z","sell","maker"
"0.07580000","434.05000000","2024-05-25T18:41:34.223Z","sell","maker"
"0.07580000","60.00000000","2024-05-25T18:41:34.223Z","sell","maker"
"0.07570000","3088.68000000","2024-05-25T18:41:34.223Z","sell","maker"
"0.07570000","60.00000000","2024-05-25T18:41:34.223Z","sell","maker"
"0.07560000","497.33000000","2024-05-25T18:41:34.223Z","sell","maker"
"0.07560000","433.29000000","2024-05-25T18:41:34.223Z","sell","maker"
"0.07560000","938.16000000","2024-05-25T18:41:34.223Z","sell","maker"
"0.07560000","60.00000000","2024-05-25T18:41:34.223Z","sell","maker"
"0.07550000","662.25000000","2024-05-25T18:41:34.223Z","sell","maker"
"0.07550000","60.00000000","2024-05-25T18:41:34.223Z","sell","maker"
"0.07550000","11831.67000000","2024-05-25T18:41:34.223Z","sell","maker"
"0.07540000","67085.55000000","2024-05-25T18:39:22.723Z","sell","maker"
"0.07540000","4028.18000000","2024-05-25T18:39:22.723Z","sell","maker"
"0.07540000","60.00000000","2024-05-25T18:39:22.723Z","sell","maker"
"0.07540000","828.52000000","2024-05-25T18:39:22.723Z","sell","maker"
"0.07530000","1534.33000000","2024-05-25T18:39:22.723Z","sell","maker"
"0.07530000","60.00000000","2024-05-25T18:39:22.723Z","sell","maker"
"0.07530000","2324.09000000","2024-05-25T18:39:22.723Z","sell","maker"
"0.07520000","1329.91000000","2024-05-25T18:39:22.723Z","sell","maker"
"0.07520000","60.00000000","2024-05-25T18:39:22.723Z","sell","maker"
"0.07510000","60.00000000","2024-05-25T18:39:22.723Z","sell","maker"
"0.07500000","667.30000000","2024-05-25T18:39:22.723Z","sell","maker"
"0.07500000","60.00000000","2024-05-25T18:39:22.723Z","sell","maker"
"0.07500000","18311.24000000","2024-05-25T18:39:22.723Z","sell","maker"
"0.07490000","85.13000000","2024-05-25T18:39:22.723Z","sell","maker"
"0.07490000","728.92000000","2024-05-25T18:39:22.723Z","sell","maker"
"0.07490000","1.30000000","2024-05-25T18:29:55.776Z","sell","maker"
"0.07490000","1.96000000","2024-05-25T18:27:12.344Z","sell","maker"
"0.07480000","5.63000000","2024-05-25T18:26:17.326Z","buy","maker"
"0.07480000","7.66000000","2024-05-25T18:26:10.599Z","buy","maker"
"0.07480000","24.97000000","2024-05-25T18:25:06.040Z","buy","maker"
"0.07490000","2.11000000","2024-05-25T18:25:02.932Z","sell","maker"
"0.07480000","5.86000000","2024-05-25T18:24:53.279Z","buy","maker"
"0.07460000","286.19000000","2024-05-25T18:03:39.637Z","buy","maker"
"0.07470000","77.25000000","2024-05-25T18:03:39.637Z","buy","maker"
"0.07490000","78.47000000","2024-05-25T18:01:05.936Z","buy","maker"
"0.07490000","408.13000000","2024-05-25T18:01:05.936Z","buy","maker"
"0.07490000","7.75000000","2024-05-25T18:00:06.740Z","buy","maker"
"0.07500000","220.40000000","2024-05-25T17:57:41.067Z","sell","maker"
"0.07460000","13.44000000","2024-05-25T17:53:14.214Z","buy","maker"
"0.07500000","184.96000000","2024-05-25T17:52:43.853Z","sell","maker"
"0.07490000","667.55000000","2024-05-25T17:52:43.853Z","sell","maker"
"0.07480000","6.43000000","2024-05-25T17:49:17.193Z","buy","maker"
"0.07480000","0.40000000","2024-05-25T17:47:28.771Z","buy","maker"
"0.07500000","1018.44000000","2024-05-25T17:45:32.364Z","sell","maker"
"0.07500000","26.54000000","2024-05-25T17:44:46.131Z","sell","maker"
"0.07500000","65707.41000000","2024-05-25T17:44:46.107Z","sell","maker"
"0.07490000","667.99000000","2024-05-25T17:44:46.107Z","sell","maker"
"0.07470000","340.20000000","2024-05-25T17:41:24.054Z","buy","maker"
"0.07470000","0.38000000","2024-05-25T17:38:09.654Z","buy","maker"
"0.07490000","573.76000000","2024-05-25T17:38:08.211Z","sell","maker"
"0.07490000","719.90000000","2024-05-25T17:38:08.211Z","sell","maker"
"0.07460000","4.18000000","2024-05-25T17:37:46.934Z","buy","maker"
"0.07460000","330.03000000","2024-05-25T17:26:16.078Z","buy","maker"
"0.07460000","60.00000000","2024-05-25T17:26:16.078Z","buy","maker"
"0.07470000","159.10000000","2024-05-25T17:22:33.086Z","buy","maker"
"0.07490000","78.68000000","2024-05-25T17:16:07.762Z","buy","maker"
"0.07490000","395.65000000","2024-05-25T17:16:07.762Z","buy","maker"
"0.07500000","20.97000000","2024-05-25T17:13:33.054Z","sell","maker"
"0.07490000","6.16000000","2024-05-25T17:09:09.505Z","buy","maker"
"0.07490000","5.61000000","2024-05-25T16:56:00.213Z","buy","maker"
"0.07490000","15.00000000","2024-05-25T16:49:41.481Z","sell","maker"
"0.07480000","2.67000000","2024-05-25T16:47:24.881Z","buy","maker"
"0.07500000","1.95000000","2024-05-25T16:45:56.573Z","sell","maker"
"0.07480000","8235.29000000","2024-05-25T16:44:10.517Z","buy","maker"
"0.07470000","7.84000000","2024-05-25T16:39:54.247Z","buy","maker"
"0.07480000","6.96000000","2024-05-25T16:38:46.367Z","buy","maker"
"0.07500000","5508.09000000","2024-05-25T16:36:57.951Z","sell","maker"
"0.07500000","60.00000000","2024-05-25T16:36:57.951Z","sell","maker"
"0.07490000","668.32000000","2024-05-25T16:36:57.951Z","sell","maker"
"0.07490000","6247.19000000","2024-05-25T16:36:57.951Z","sell","maker"
"0.07480000","88.99000000","2024-05-25T16:36:57.951Z","sell","maker"
"0.07480000","713.66000000","2024-05-25T16:36:57.951Z","sell","maker"
"0.07460000","13930.85000000","2024-05-25T16:35:45.528Z","buy","maker"
"0.07460000","54.20000000","2024-05-25T16:35:45.528Z","buy","maker"
"0.07480000","480.17000000","2024-05-25T16:35:45.528Z","buy","maker"
"0.07490000","57.49000000","2024-05-25T16:31:31.987Z","sell","maker"
"0.07490000","2.69000000","2024-05-25T16:17:08.403Z","sell","maker"
"0.07460000","213.89000000","2024-05-25T16:09:25.057Z","buy","maker"
"0.07460000","102.34000000","2024-05-25T16:09:25.057Z","buy","maker"
"0.07470000","721.55000000","2024-05-25T16:09:25.035Z","sell","maker"
"0.07470000","742.29000000","2024-05-25T16:03:36.319Z","sell","maker"
"0.07460000","394.99000000","2024-05-25T16:00:45.721Z","buy","maker"
"0.07460000","17.93000000","2024-05-25T16:00:45.721Z","buy","maker"
"0.07460000","49.69000000","2024-05-25T16:00:45.721Z","buy","maker"
"0.07470000","433.29000000","2024-05-25T16:00:45.721Z","buy","maker"
"0.07470000","60.00000000","2024-05-25T16:00:45.721Z","buy","maker"
"0.07480000","5118.43000000","2024-05-25T16:00:45.721Z","buy","maker"
"0.07480000","1336.61000000","2024-05-25T16:00:45.721Z","buy","maker"
"0.07480000","3985.15000000","2024-05-25T16:00:45.721Z","buy","maker"
"0.07480000","60.00000000","2024-05-25T16:00:45.721Z","buy","maker"
"0.07490000","83.20000000","2024-05-25T16:00:45.721Z","buy","maker"
"0.07490000","434.05000000","2024-05-25T16:00:45.721Z","buy","maker"
"0.07490000","60.00000000","2024-05-25T16:00:45.721Z","buy","maker"