"price","volume","time","side","orderType"
"0.36500","31.96319189","2024-05-14T07:15:47.307Z","b","l"
"0.36500","34.41128564","2024-05-14T07:15:47.307Z","b","l"
"0.36500","34.41128564","2024-05-14T07:15:47.307Z","b","l"
"0.36600","259.48362232","2024-05-14T07:19:18.263Z","b","l"
"0.36700","264.01359982","2024-05-14T07:44:33.190Z","b","l"
"0.36800","22.95659765","2024-05-14T08:07:40.413Z","b","l"
"0.36500","3491.42412664","2024-05-14T08:59:33.718Z","s","l"
"0.36500","1239.75264295","2024-05-14T08:59:33.718Z","s","l"
"0.36600","3491.42412664","2024-05-14T09:44:14.959Z","b","l"
"0.36700","6136.22417672","2024-05-14T10:01:51.887Z","b","l"
"0.36800","51.92378000","2024-05-14T10:13:25.912Z","b","l"
"0.36900","676.95132220","2024-05-14T10:33:06.140Z","b","l"
"0.36900","55.65000000","2024-05-14T10:33:06.140Z","b","l"
"0.36900","118.39306524","2024-05-14T10:33:06.140Z","b","l"
"0.36900","258.32401237","2024-05-14T10:33:06.140Z","b","l"
"0.36800","102.17390100","2024-05-14T10:52:09.322Z","b","l"
"0.36900","131.23618000","2024-05-14T10:54:55.269Z","b","l"
"0.37100","62.95492742","2024-05-14T11:21:20.318Z","b","l"
"0.37100","256.92007752","2024-05-14T11:21:20.318Z","b","l"
"0.37100","30.99173553","2024-05-14T11:26:05.583Z","s","m"
"0.37200","264.01359982","2024-05-14T11:32:03.778Z","b","l"
"0.37200","6136.22417672","2024-05-14T11:33:39.098Z","b","l"
"0.37200","254.12837019","2024-05-14T11:33:39.098Z","b","l"
"0.37000","57.98321900","2024-05-14T11:35:12.290Z","s","l"
"0.37000","138.21053500","2024-05-14T11:35:12.516Z","s","l"
"0.37000","193.50056600","2024-05-14T11:35:12.734Z","s","l"
"0.37100","97.51905000","2024-05-14T12:08:53.085Z","s","l"
"0.37100","12.27416291","2024-05-14T12:12:59.921Z","s","m"
"0.36800","256.92007752","2024-05-14T12:30:21.473Z","s","l"
"0.36600","31.25000000","2024-05-14T12:30:37.227Z","s","m"
"0.36600","148.80568302","2024-05-14T12:30:37.797Z","s","m"
"0.36600","78.26832935","2024-05-14T12:34:19.600Z","s","l"
"0.36600","267.69764790","2024-05-14T12:34:19.600Z","s","l"
"0.36900","258.06567903","2024-05-14T12:42:53.511Z","b","l"
"0.36600","258.32401237","2024-05-14T13:00:17.140Z","s","l"
"0.36500","63.73385773","2024-05-14T13:40:18.531Z","s","m"
"0.36400","136.26614227","2024-05-14T13:40:18.531Z","s","m"
"0.36400","123.47723280","2024-05-14T13:41:09.031Z","s","l"
"0.36300","687.03955342","2024-05-14T13:48:09.727Z","s","l"
"0.36300","56.45672176","2024-05-14T13:48:09.727Z","s","l"
"0.36200","261.17842134","2024-05-14T13:49:23.056Z","s","l"
"0.36100","267.75748236","2024-05-14T14:03:33.089Z","s","l"
"0.36100","23.22368271","2024-05-14T14:03:33.089Z","s","l"
"0.36200","31.25000000","2024-05-14T14:05:17.793Z","b","m"
"0.36000","262.62941257","2024-05-14T14:10:23.009Z","s","l"
"0.35900","63.75111005","2024-05-14T14:11:54.751Z","s","l"
"0.35900","118.63033543","2024-05-14T14:11:54.751Z","s","l"
"0.35800","264.09661599","2024-05-14T14:15:31.668Z","s","l"
"0.35800","34.81499346","2024-05-14T14:15:31.668Z","s","l"
"0.35800","34.81499346","2024-05-14T14:15:31.668Z","s","l"
"0.35700","56.47212885","2024-05-14T14:18:13.199Z","s","l"
"0.35700","687.22731080","2024-05-14T14:18:13.199Z","s","l"
"0.35600","265.58030485","2024-05-14T14:21:12.977Z","s","l"
"0.35600","267.92635712","2024-05-14T14:21:12.977Z","s","l"
"0.35800","265.31471496","2024-05-14T14:22:59.692Z","b","l"
"0.36200","264.01359982","2024-05-14T14:28:42.123Z","b","l"
"0.36200","262.36677368","2024-05-14T14:28:42.123Z","b","l"
"0.36300","55.65000000","2024-05-14T14:31:08.222Z","b","l"
"0.36300","676.95132220","2024-05-14T14:31:08.222Z","b","l"
"0.36300","263.83250984","2024-05-14T14:31:10.941Z","s","l"
"0.36000","262.62941257","2024-05-14T14:55:29.560Z","s","l"
"0.36200","67.34071000","2024-05-14T15:10:38.378Z","b","l"
"0.36200","195.02606368","2024-05-14T15:15:38.927Z","b","l"
"0.36400","260.91723349","2024-05-14T15:18:29.099Z","b","l"
"0.36500","62.95492742","2024-05-14T15:21:25.405Z","b","l"
"0.36300","27.62430939","2024-05-14T15:48:40.443Z","s","l"
"0.36400","273.97260273","2024-05-14T16:03:05.883Z","b","l"
"0.36200","261.17842134","2024-05-14T16:05:02.210Z","s","l"
"0.36100","2770.08310249","2024-05-14T16:08:49.579Z","b","m"
"0.36100","6136.22417672","2024-05-14T16:08:49.579Z","b","m"
"0.36100","2770.08310249","2024-05-14T16:08:49.579Z","b","m"
"0.36100","2174.02512465","2024-05-14T16:08:49.579Z","b","m"
"0.36000","262.62941257","2024-05-14T16:30:50.219Z","s","l"
"0.36200","21.73081400","2024-05-14T16:32:31.639Z","b","l"
"0.36200","262.36677368","2024-05-14T16:33:33.739Z","b","l"
"0.36000","262.62941257","2024-05-14T17:06:24.508Z","s","l"
"0.35900","63.75105434","2024-05-14T17:13:57.617Z","s","l"
"0.35800","264.09661598","2024-05-14T17:16:02.717Z","s","l"
"0.36000","263.83250984","2024-05-14T17:19:30.404Z","b","l"
"0.35800","264.09661598","2024-05-14T17:28:13.801Z","s","l"
"0.35700","687.22731080","2024-05-14T17:31:16.702Z","s","l"
"0.35700","56.44949579","2024-05-14T17:31:16.702Z","s","l"
"0.35600","265.58030485","2024-05-14T17:32:54.403Z","s","l"
"0.35600","267.81894139","2024-05-14T17:32:54.403Z","s","l"
"0.35800","265.31471496","2024-05-14T18:05:47.180Z","b","l"
"0.36000","263.83250984","2024-05-14T18:12:26.681Z","b","l"
"0.36200","27.77777777","2024-05-14T18:44:54.305Z","b","m"
"0.36100","89.57001000","2024-05-14T18:44:56.737Z","s","l"
"0.36100","53.38950000","2024-05-14T19:04:24.503Z","b","l"
"0.35900","27.77777777","2024-05-14T19:36:39.517Z","s","m"
"0.35800","264.09661598","2024-05-14T20:00:12.182Z","s","l"
"0.35600","265.58030485","2024-05-14T21:23:56.428Z","s","l"
"0.35600","200.00000000","2024-05-14T21:27:02.857Z","b","l"
"0.35800","94.95864000","2024-05-14T21:52:20.484Z","b","l"
"0.35700","105.33611810","2024-05-14T21:55:58.703Z","s","l"
"0.35500","200.00000000","2024-05-14T22:24:41.733Z","s","l"
"0.35600","28.16901408","2024-05-15T00:09:11.365Z","b","m"
"0.35500","25.14643500","2024-05-15T00:44:34.512Z","b","l"
"0.35300","63.76889219","2024-05-15T00:46:20.945Z","s","l"
"0.35300","53.37078652","2024-05-15T00:46:20.945Z","s","l"
"0.35300","99.09582200","2024-05-15T00:46:30.756Z","b","l"
"0.35200","30.65739754","2024-05-15T00:46:38.304Z","s","l"
"0.35200","44.44444444","2024-05-15T00:46:38.304Z","s","l"
"0.35100","56.48806267","2024-05-15T00:54:12.057Z","s","l"
"0.35100","687.42148725","2024-05-15T00:54:12.057Z","s","l"
"0.35400","53.34440652","2024-05-15T01:04:51.030Z","b","l"
"0.35700","676.95132220","2024-05-15T01:42:58.141Z","b","m"
"0.35700","55.65000000","2024-05-15T01:42:58.141Z","b","m"
"0.35700","147.67058824","2024-05-15T01:42:58.141Z","b","m"
"0.35600","28.16901408","2024-05-15T01:47:23.041Z","s","m"
"0.35800","170.35607496","2024-05-15T02:11:53.216Z","b","l"
"0.35900","27.93296089","2024-05-15T02:50:03.534Z","b","m"
"0.35900","35.02196653","2024-05-15T03:04:07.565Z","b","l"
"0.35600","265.58030485","2024-05-15T05:24:19.678Z","s","l"
"0.35600","26.38669515","2024-05-15T05:24:19.678Z","s","l"
"0.35700","28.08988764","2024-05-15T05:34:36.070Z","b","m"
"0.35800","265.31471496","2024-05-15T05:55:03.501Z","b","l"
"0.35700","44.42254444","2024-05-15T07:01:23.791Z","s","m"
"0.35600","265.58030485","2024-05-15T08:05:03.933Z","s","l"
"0.35600","120.18480000","2024-05-15T08:45:42.174Z","b","l"
"0.35300","63.76883553","2024-05-15T09:11:05.680Z","s","l"
"0.35200","255.68181819","2024-05-15T09:30:15.345Z","b","m"
"0.35100","56.46544159","2024-05-15T09:30:19.942Z","s","l"
"0.35100","687.42148725","2024-05-15T09:30:19.942Z","s","l"
"0.35500","41.02000000","2024-05-15T09:45:26.167Z","s","l"
"0.35400","291.19255000","2024-05-15T10:05:31.950Z","s","l"
"0.35500","56.02284853","2024-05-15T10:08:18.822Z","s","m"
"0.35700","200.00000000","2024-05-15T10:21:27.466Z","b","l"
"0.35700","676.95132220","2024-05-15T10:21:27.466Z","b","l"
"0.35700","55.65000000","2024-05-15T10:21:27.466Z","b","l"
"0.35800","265.31471496","2024-05-15T10:32:54.297Z","b","l"
"0.35600","265.58030485","2024-05-15T10:53:34.978Z","s","l"
"0.35100","11.82648000","2024-05-15T11:41:22.618Z","s","l"
"0.35300","1001.70028327","2024-05-15T11:49:06.534Z","b","l"
"0.35800","265.31471496","2024-05-15T12:30:21.737Z","b","l"
"0.35900","62.95492742","2024-05-15T12:30:45.679Z","b","l"
"0.36000","263.83250984","2024-05-15T12:31:05.675Z","b","l"
"0.36000","38.04960999","2024-05-15T12:31:05.675Z","b","l"
"0.36200","234.58899591","2024-05-15T12:31:52.872Z","b","l"
"0.36200","264.01359982","2024-05-15T12:31:52.872Z","b","l"
"0.36200","28.00308907","2024-05-15T12:33:07.281Z","b","l"
"0.36300","676.95132220","2024-05-15T12:33:21.340Z","b","l"
"0.36300","55.65000000","2024-05-15T12:33:21.340Z","b","l"
"0.36400","260.91723349","2024-05-15T12:35:12.596Z","b","l"
"0.36400","445.42586610","2024-05-15T12:36:56.125Z","b","l"
"0.36500","62.95492742","2024-05-15T12:45:01.370Z","b","l"
"0.36500","28.00308907","2024-05-15T12:45:01.370Z","b","l"
"0.36600","259.48362233","2024-05-15T12:45:45.813Z","b","l"
"0.36700","264.01359982","2024-05-15T12:48:59.888Z","b","l"
"0.36600","25.79177000","2024-05-15T13:04:13.503Z","s","l"
"0.36700","358.21888000","2024-05-15T13:16:21.768Z","b","l"
"0.36800","30.05445292","2024-05-15T13:18:44.268Z","b","m"
"0.36800","469.94554708","2024-05-15T13:18:44.268Z","b","m"
"0.36900","258.06567904","2024-05-15T13:26:35.845Z","b","l"
"0.36900","676.95132220","2024-05-15T13:26:35.845Z","b","l"
"0.36900","55.65000000","2024-05-15T13:26:35.845Z","b","l"
"0.36900","118.39306523","2024-05-15T13:26:35.845Z","b","l"
"0.37100","256.66314817","2024-05-15T13:32:00.451Z","b","l"
"0.37100","62.95492742","2024-05-15T13:32:00.451Z","b","l"
"0.37200","264.01359982","2024-05-15T13:32:40.089Z","b","l"
"0.37300","255.53132034","2024-05-15T13:32:40.089Z","b","l"
"0.37300","65.35277984","2024-05-15T13:32:40.089Z","b","l"
"0.37300","356.53402450","2024-05-15T13:48:42.123Z","b","l"
"0.37300","134.04825736","2024-05-15T13:50:02.511Z","s","l"
"0.37000","255.53132034","2024-05-15T13:55:37.492Z","s","l"
"0.36900","31.25000000","2024-05-15T13:55:52.114Z","s","m"
"0.37200","3.00000000","2024-05-15T14:11:11.338Z","s","l"
"0.37300","255.27577979","2024-05-15T14:18:13.686Z","b","l"
"0.37500","55.65000000","2024-05-15T14:27:58.114Z","b","l"
"0.37500","676.95132220","2024-05-15T14:27:58.114Z","b","l"
"0.37500","254.15749604","2024-05-15T14:27:58.114Z","b","l"
"0.37600","49.93217704","2024-05-15T14:47:12.599Z","b","m"
"0.37500","25.64141344","2024-05-15T14:47:24.324Z","s","l"
"0.37300","145.93333333","2024-05-15T15:11:30.500Z","b","m"
"0.37200","254.15749604","2024-05-15T15:16:09.461Z","s","l"
"0.37200","45.07042254","2024-05-15T15:16:09.461Z","s","l"
"0.37300","190.23235147","2024-05-15T15:27:02.372Z","s","l"
"0.37000","255.53132034","2024-05-15T15:41:29.340Z","s","l"
"0.37000","63.38420608","2024-05-15T15:41:29.340Z","s","l"
"0.36900","686.85790196","2024-05-15T16:03:14.379Z","s","l"
"0.36900","56.41915989","2024-05-15T16:03:14.379Z","s","l"
"0.37000","3984.01338000","2024-05-15T16:16:03.819Z","b","l"
"0.36900","2689.18918919","2024-05-15T16:33:25.227Z","b","m"
"0.37000","42.35523000","2024-05-15T18:56:17.782Z","s","l"
"0.37300","255.27577979","2024-05-15T19:40:20.651Z","b","l"
"0.37300","45.04695254","2024-05-15T19:40:20.651Z","b","l"
"0.37400","6136.22417672","2024-05-15T19:40:47.265Z","b","l"
"0.37500","253.90332938","2024-05-15T19:57:16.151Z","b","l"
"0.37500","676.95132220","2024-05-15T19:57:16.151Z","b","l"
"0.37500","55.65000000","2024-05-15T19:57:16.151Z","b","l"
"0.37700","252.79836504","2024-05-15T19:58:46.072Z","b","l"
"0.37800","264.01359982","2024-05-15T20:00:35.419Z","b","l"
"0.37800","115.49758266","2024-05-15T20:00:35.419Z","b","l"
"0.37700","26.31273210","2024-05-15T20:17:16.082Z","b","m"
"0.37700","1326.25994695","2024-05-15T20:37:53.947Z","b","m"
"0.37700","112.16913809","2024-05-15T20:47:57.987Z","b","l"
"0.37700","136.02232914","2024-05-15T20:47:59.392Z","b","l"
"0.37500","65.34090909","2024-05-15T21:07:35.333Z","s","l"
"0.37500","448.00000000","2024-05-15T21:42:33.171Z","b","m"
"0.37500","869.39790000","2024-05-15T21:51:16.167Z","b","l"
"0.37400","252.79836504","2024-05-15T22:10:01.310Z","s","l"
"0.37400","50.64000000","2024-05-15T22:47:39.336Z","b","l"
"0.37400","42.74106911","2024-05-15T23:26:11.473Z","s","m"
"0.37600","65.30660908","2024-05-16T00:08:57.330Z","b","l"
"0.37400","2673.79679144","2024-05-16T00:25:45.235Z","s","l"
"0.37400","2673.79679144","2024-05-16T00:25:45.235Z","s","l"
"0.37400","87.18902581","2024-05-16T00:25:45.235Z","s","l"
"0.37300","1136.75844504","2024-05-16T00:28:10.072Z","s","l"
"0.37300","2961.60221069","2024-05-16T00:28:10.072Z","s","l"
"0.37700","252.54555756","2024-05-16T01:18:09.159Z","b","l"
"0.37700","56.28844716","2024-05-16T01:18:09.159Z","b","l"
"0.37900","251.45369289","2024-05-16T02:08:41.641Z","b","l"
"0.37900","211.04149224","2024-05-16T02:27:53.042Z","b","l"
"0.38000","86.34290008","2024-05-16T03:19:07.700Z","b","l"
"0.38100","55.65000000","2024-05-16T03:25:20.785Z","b","l"
"0.38100","676.95132220","2024-05-16T03:25:20.785Z","b","l"
"0.38100","250.12325007","2024-05-16T03:25:20.785Z","b","l"
"0.38300","264.01359982","2024-05-16T03:28:20.764Z","b","l"
"0.38300","248.80681191","2024-05-16T03:28:20.764Z","b","l"
"0.38200","45.29739600","2024-05-16T03:34:03.633Z","s","l"
"0.38200","56.27535600","2024-05-16T03:42:12.335Z","s","l"
"0.38100","46.40371230","2024-05-16T03:50:19.763Z","s","m"
"0.38100","262.48001925","2024-05-16T04:25:43.814Z","s","l"
"0.38300","48.33012000","2024-05-16T05:12:52.318Z","b","l"
"0.38000","248.80681191","2024-05-16T05:46:27.321Z","s","l"
"0.38000","3093.08780674","2024-05-16T05:46:27.321Z","s","l"
"0.38300","248.55799613","2024-05-16T07:58:12.149Z","b","l"
"0.38100","2075.15595000","2024-05-16T08:41:41.728Z","b","l"
"0.38400","1530.62690459","2024-05-16T09:46:49.726Z","b","l"
"0.38300","68.67684800","2024-05-16T10:21:40.587Z","s","l"
"0.38300","78.32898172","2024-05-16T12:02:00.964Z","s","l"
"0.38100","11.00000000","2024-05-16T12:21:00.689Z","s","l"
"0.38100","11.00000000","2024-05-16T12:21:00.689Z","s","l"
"0.38100","11.00000000","2024-05-16T12:21:00.689Z","s","l"
"0.38000","200.00000000","2024-05-16T12:21:59.350Z","s","m"
"0.38000","48.80681191","2024-05-16T12:22:38.670Z","s","l"
"0.38300","248.55799612","2024-05-16T12:31:48.792Z","b","l"
"0.38000","248.80681191","2024-05-16T12:38:08.278Z","s","l"
"0.37800","250.12325007","2024-05-16T12:38:54.715Z","s","l"
"0.37800","2287.87674993","2024-05-16T12:38:54.715Z","s","l"
"0.37900","1686.79286926","2024-05-16T12:45:46.937Z","s","m"
"0.38100","249.87311779","2024-05-16T12:47:26.130Z","b","l"
"0.38000","73.68421053","2024-05-16T13:04:00.435Z","s","l"
"0.38200","73.64501052","2024-05-16T13:23:03.679Z","b","l"
"0.38300","248.55799612","2024-05-16T13:30:54.874Z","b","l"
"0.38500","247.50415844","2024-05-16T13:36:13.989Z","b","l"
"0.38500","86.34290008","2024-05-16T13:36:13.989Z","b","l"
"0.38300","965.62022961","2024-05-16T13:44:27.866Z","s","l"
"0.38300","3907.83154379","2024-05-16T14:07:38.118Z","s","l"
"0.38300","2165.06039668","2024-05-16T14:07:38.118Z","s","l"
"0.38200","247.50415844","2024-05-16T14:07:38.257Z","s","l"
"0.38200","578.89162910","2024-05-16T14:07:38.257Z","s","l"
"0.38000","248.80681191","2024-05-16T14:12:27.887Z","s","l"
"0.37800","250.12325007","2024-05-16T14:24:04.536Z","s","l"
"0.37800","87.29267198","2024-05-16T14:24:04.536Z","s","l"
"0.37700","267.67896215","2024-05-16T14:31:30.571Z","s","l"
"0.37600","251.45369289","2024-05-16T14:44:18.689Z","s","l"
"0.37600","18065.30079787","2024-05-16T14:50:29.448Z","s","l"
"0.37500","56.40472000","2024-05-16T14:51:35.758Z","s","l"
"0.37500","686.68211668","2024-05-16T14:51:35.758Z","s","l"
"0.37400","252.79836504","2024-05-16T14:52:41.608Z","s","l"
"0.37400","5.17927000","2024-05-16T14:55:16.019Z","b","l"
"0.37300","87.29267198","2024-05-16T14:56:11.257Z","s","l"
"0.37500","2666.66666666","2024-05-16T15:27:39.927Z","s","l"
"0.37500","245.29456049","2024-05-16T15:27:39.927Z","s","l"
"0.37700","252.54555755","2024-05-16T15:34:51.049Z","b","l"
"0.37700","82.03011000","2024-05-16T15:44:15.135Z","s","l"
"0.37800","123.04516000","2024-05-16T15:45:41.269Z","s","l"
"0.37700","123.04516000","2024-05-16T15:46:29.212Z","s","l"
"0.37700","530.50397877","2024-05-16T16:22:29.524Z","s","l"
"0.37700","57.46742485","2024-05-16T16:36:12.589Z","b","m"
"0.37900","57.54477089","2024-05-16T16:41:05.023Z","b","m"
"0.37900","193.65745923","2024-05-16T16:42:18.332Z","b","l"
"0.38100","249.87311779","2024-05-16T17:03:08.324Z","b","l"
"0.38100","676.95132220","2024-05-16T17:03:08.324Z","b","l"
"0.38100","55.65000000","2024-05-16T17:03:08.324Z","b","l"
"0.37800","250.12325007","2024-05-16T17:28:42.014Z","s","l"
"0.37900","23.01251000","2024-05-16T18:15:06.421Z","b","l"
"0.37800","264.55026455","2024-05-16T20:15:24.375Z","b","m"
"0.37700","2652.51989389","2024-05-16T20:41:36.603Z","s","l"
"0.37700","2652.51989389","2024-05-16T20:41:36.603Z","s","l"
"0.37700","3978.77984084","2024-05-16T20:41:36.603Z","s","l"
"0.37700","3978.77984084","2024-05-16T20:41:36.603Z","s","l"
"0.37700","718.36283206","2024-05-16T20:41:36.603Z","s","l"
"0.37700","4059.04708678","2024-05-16T20:41:36.603Z","s","l"
"0.38000","78.32898172","2024-05-16T21:46:46.476Z","s","m"
"0.38100","51.93114000","2024-05-16T23:15:32.054Z","b","l"
"0.38100","197.94197779","2024-05-16T23:21:19.003Z","b","l"
"0.38200","49.22011558","2024-05-17T00:01:29.120Z","b","m"
"0.38100","41.82796000","2024-05-17T00:14:49.704Z","s","l"
"0.37900","42.32804233","2024-05-17T00:29:31.835Z","s","l"
"0.37900","72.31000000","2024-05-17T01:03:20.907Z","s","l"
"0.37800","119.80000000","2024-05-17T01:13:55.377Z","s","l"
"0.37800","130.32325007","2024-05-17T01:17:43.355Z","s","l"
"0.37800","60.84656085","2024-05-17T01:17:43.355Z","s","l"
"0.37700","50.26455026","2024-05-17T01:20:05.805Z","s","l"
"0.37600","251.45369289","2024-05-17T01:21:43.361Z","s","l"
"0.37600","99.99000000","2024-05-17T01:22:39.181Z","b","l"
"0.37500","686.68211668","2024-05-17T01:26:22.480Z","s","l"
"0.37500","56.40472000","2024-05-17T01:26:22.480Z","s","l"
"0.37600","50.23802026","2024-05-17T01:36:59.465Z","b","l"
"0.37800","38.18892324","2024-05-17T02:32:39.241Z","b","m"
"0.37800","12.81115000","2024-05-17T02:33:43.643Z","b","l"
"0.37600","6.40557000","2024-05-17T02:37:16.620Z","s","l"
"0.37800","60.81436085","2024-05-17T03:28:44.212Z","b","l"
"0.37800","42.30558233","2024-05-17T03:28:44.212Z","b","l"
"0.37700","89.00000000","2024-05-17T04:06:33.817Z","s","l"
"0.37900","251.20223013","2024-05-17T05:03:21.938Z","b","l"
"0.38100","249.87314424","2024-05-17T05:06:18.395Z","b","l"
"0.38100","55.65000000","2024-05-17T05:06:18.395Z","b","l"
"0.38100","676.95132220","2024-05-17T05:06:18.395Z","b","l"
"0.37800","250.12325007","2024-05-17T06:35:51.300Z","s","l"
"0.38100","249.87311779","2024-05-17T06:48:45.907Z","b","l"
"0.38300","196.31323499","2024-05-17T06:51:21.065Z","b","l"
"0.38300","52.24476113","2024-05-17T06:53:39.271Z","b","l"
"0.38300","264.01359982","2024-05-17T06:53:39.271Z","b","l"
"0.38300","241.50778000","2024-05-17T06:55:18.006Z","s","l"
"0.38400","24.60854967","2024-05-17T07:12:24.395Z","b","l"
"0.38500","247.25664535","2024-05-17T07:15:43.421Z","b","l"
"0.38600","253.61655755","2024-05-17T07:21:15.521Z","b","l"
"0.38600","34.00000000","2024-05-17T07:21:19.761Z","s","l"
"0.38700","455.00000000","2024-05-17T07:22:34.619Z","b","l"
"0.38600","107.35526316","2024-05-17T07:28:49.086Z","s","m"
"0.38700","221.95132220","2024-05-17T07:30:35.174Z","b","l"
"0.38700","55.65000000","2024-05-17T07:30:35.174Z","b","l"
"0.38700","112.74034594","2024-05-17T07:30:35.174Z","b","l"
"0.38700","246.21507429","2024-05-17T07:30:35.174Z","b","l"
"0.38700","58.39507765","2024-05-17T07:30:35.174Z","b","l"
"0.38900","244.69440032","2024-05-17T07:49:54.789Z","b","l"
"0.38900","264.01359982","2024-05-17T07:49:54.789Z","b","l"
"0.39000","3853.41633080","2024-05-17T07:49:54.789Z","b","l"
"0.39000","3852.56839039","2024-05-17T07:49:54.789Z","b","l"
"0.39000","642.16727867","2024-05-17T07:49:54.789Z","b","l"
"0.39000","3211.79564307","2024-05-17T07:49:54.790Z","b","l"
"0.39000","3853.24940136","2024-05-17T07:49:54.790Z","b","l"
"0.39000","145.13102564","2024-05-17T07:49:54.790Z","b","l"
"0.39000","405.51130413","2024-05-17T07:49:54.802Z","b","l"
"0.39100","243.43308898","2024-05-17T08:00:19.798Z","b","l"
"0.39100","58.39507765","2024-05-17T08:00:19.798Z","b","l"
"0.39000","38.18892324","2024-05-17T08:01:18.656Z","s","m"
"0.39000","6136.22417672","2024-05-17T08:02:34.760Z","s","l"
"0.39000","260.41666666","2024-05-17T08:02:49.430Z","s","m"
"0.39300","242.18471417","2024-05-17T08:11:49.345Z","b","l"
"0.39300","58.39507765","2024-05-17T08:11:49.345Z","b","l"
"0.39000","242.42715007","2024-05-17T08:26:37.670Z","s","l"
"0.38800","243.67677455","2024-05-17T08:35:32.713Z","s","l"
"0.38700","49.93217704","2024-05-17T08:35:34.482Z","s","m"
"0.38800","115.01219574","2024-05-17T08:46:09.578Z","b","l"
"0.38700","49.22011558","2024-05-17T09:01:24.565Z","s","m"
"0.38700","11.62644527","2024-05-17T09:07:54.795Z","s","l"
"0.38600","244.93934851","2024-05-17T09:21:31.126Z","s","l"
"0.38700","49.16145152","2024-05-17T10:03:33.643Z","b","m"
"0.38500","59.03742350","2024-05-17T10:11:01.897Z","s","l"
"0.38500","63.15789474","2024-05-17T10:11:01.897Z","s","l"
"0.38800","60.81359085","2024-05-17T10:42:29.766Z","b","l"
"0.38700","45.84671600","2024-05-17T11:12:25.647Z","b","l"
"0.38600","51.85443000","2024-05-17T11:48:23.769Z","s","l"
"0.38600","300.00000000","2024-05-17T12:14:06.127Z","s","l"
"0.38900","244.69440032","2024-05-17T12:32:09.927Z","b","l"
"0.39000","63.12871474","2024-05-17T14:31:39.067Z","b","l"
"0.38900","1060.67705612","2024-05-17T14:42:29.763Z","s","m"
"0.39100","243.43308898","2024-05-17T15:14:19.928Z","b","l"
"0.39100","14.61348829","2024-05-17T15:14:19.928Z","b","l"
"0.39200","14.61348829","2024-05-17T15:22:26.968Z","b","l"
"0.39300","242.18471417","2024-05-17T15:22:26.968Z","b","l"
"0.39300","4768.32742568","2024-05-17T15:22:26.968Z","b","l"
"0.39300","63.59171000","2024-05-17T16:01:14.415Z","s","l"
"0.39300","112.40858000","2024-05-17T16:01:27.977Z","s","l"
"0.39400","55.65000000","2024-05-17T16:13:15.805Z","b","l"
"0.39400","676.95132220","2024-05-17T16:13:15.805Z","b","l"
"0.39400","29.36036969","2024-05-17T16:13:15.805Z","b","l"
"0.39400","456.14874000","2024-05-17T16:34:32.468Z","b","l"
"0.39300","508.90585241","2024-05-17T16:35:41.210Z","s","l"
"0.39300","1572.51908396","2024-05-17T16:35:41.210Z","s","l"
"0.39300","508.90585241","2024-05-17T16:35:41.210Z","s","l"
"0.39400","3807.10659898","2024-05-17T16:39:46.591Z","b","m"
"0.39400","3807.10659898","2024-05-17T16:39:46.591Z","b","m"
"0.39400","3814.42127571","2024-05-17T16:39:46.591Z","b","m"
"0.39400","1261.72086294","2024-05-17T16:39:46.591Z","b","m"
"0.39300","101.52284264","2024-05-17T16:44:22.213Z","b","l"
"0.39300","370.14724000","2024-05-17T16:47:48.868Z","b","l"
"0.39200","138.72295065","2024-05-17T17:38:41.597Z","b","l"
"0.39200","382.65306122","2024-05-17T17:42:25.033Z","b","m"
"0.39100","5039.49706000","2024-05-17T18:02:53.048Z","b","l"
"0.39000","242.42715007","2024-05-17T18:06:04.153Z","s","l"
"0.39200","21.83523000","2024-05-17T19:04:17.194Z","s","l"
"0.39200","5.79675000","2024-05-17T19:04:44.598Z","s","l"
"0.39200","56.71480000","2024-05-17T19:16:57.567Z","s","l"
"0.39200","66.09937600","2024-05-17T19:16:57.757Z","s","l"
"0.39200","11.28248500","2024-05-17T19:17:05.050Z","s","l"
"0.39300","242.18471417","2024-05-17T19:25:48.435Z","b","l"
"0.39300","2.62113000","2024-05-17T20:22:07.474Z","s","l"
"0.39400","807.90889962","2024-05-17T20:22:13.018Z","b","m"
"0.39500","240.94907787","2024-05-17T21:01:02.593Z","b","l"
"0.39500","3841.34202000","2024-05-17T21:13:00.014Z","b","l"
"0.39400","6.40558000","2024-05-17T21:21:31.173Z","s","l"
"0.39600","264.01359982","2024-05-17T22:05:01.019Z","b","l"
"0.39600","62.95492742","2024-05-17T22:05:01.019Z","b","l"
"0.39600","110.11168503","2024-05-17T22:05:01.019Z","b","l"
"0.39600","100.13322000","2024-05-17T22:06:27.181Z","s","l"
"0.39600","74.87171717","2024-05-17T22:21:49.377Z","b","m"
"0.39700","239.72598611","2024-05-17T22:39:52.966Z","b","l"
"0.39700","64.37859610","2024-05-17T22:39:52.966Z","b","l"
"0.39700","196.31323499","2024-05-17T22:39:52.966Z","b","l"
"0.39700","2235.62418136","2024-05-17T22:39:52.966Z","b","l"
"0.39600","100.13323000","2024-05-17T22:43:59.762Z","s","l"
"0.39700","25.00637531","2024-05-17T22:51:50.189Z","b","m"
"0.39800","728.82530151","2024-05-17T22:51:50.189Z","b","m"
"0.39800","628.14070352","2024-05-17T22:54:39.353Z","b","m"
"0.39800","486.81798228","2024-05-17T23:01:10.642Z","b","l"
"0.39800","6136.22417672","2024-05-17T23:01:10.642Z","b","l"
"0.39800","2512.56281407","2024-05-17T23:01:10.642Z","b","l"
"0.39800","2512.56281407","2024-05-17T23:01:10.642Z","b","l"
"0.39800","1582.08165829","2024-05-17T23:01:10.642Z","b","l"
"0.39700","2518.89168765","2024-05-17T23:28:45.275Z","b","l"
"0.39800","2366.19993235","2024-05-17T23:28:45.275Z","b","l"
"0.39700","19.47890666","2024-05-17T23:32:51.274Z","b","m"
"0.39500","967.08860759","2024-05-18T01:07:52.906Z","s","l"
"0.39700","1300.00000000","2024-05-18T01:35:19.366Z","s","l"
"0.39800","450.71283920","2024-05-18T02:25:47.191Z","b","m"
"0.39800","3768.84422110","2024-05-18T02:38:00.842Z","b","l"
"0.39800","3772.27718367","2024-05-18T02:38:00.842Z","b","l"
"0.39800","2015.38859523","2024-05-18T02:38:00.842Z","b","l"
"0.39900","238.51524881","2024-05-18T03:10:34.627Z","b","l"
"0.39900","26.36832000","2024-05-18T03:39:45.954Z","s","l"
"0.40000","676.95132220","2024-05-18T03:42:44.497Z","b","l"
"0.40000","55.65000000","2024-05-18T03:42:44.497Z","b","l"
"0.40100","237.31667971","2024-05-18T03:43:33.917Z","b","m"
"0.40100","264.01359982","2024-05-18T03:43:33.917Z","b","m"
"0.40100","64.37859610","2024-05-18T03:43:33.917Z","b","m"
"0.40200","62.95492742","2024-05-18T03:43:33.917Z","b","m"
"0.40200","616.52452736","2024-05-18T03:43:33.917Z","b","m"
"0.40300","24.87562189","2024-05-18T03:48:08.463Z","b","m"
"0.40400","235.77702874","2024-05-18T04:08:40.228Z","b","l"
"0.40400","967.08860758","2024-05-18T04:08:40.228Z","b","l"
"0.40500","64.37859609","2024-05-18T04:09:28.197Z","b","l"
"0.40400","17.07452100","2024-05-18T04:13:16.222Z","s","l"
"0.40400","17.07452100","2024-05-18T04:13:19.141Z","s","l"
"0.40700","109.57481000","2024-05-18T08:47:31.313Z","b","l"
"0.40500","49.16145152","2024-05-18T08:47:46.449Z","s","m"
"0.40700","567.37651220","2024-05-18T09:00:14.905Z","b","l"
"0.40700","55.65000000","2024-05-18T09:00:14.905Z","b","l"
"0.40700","107.33108691","2024-05-18T09:00:14.905Z","b","l"
"0.40700","264.01359982","2024-05-18T09:00:14.905Z","b","l"
"0.40700","234.02620922","2024-05-18T09:00:14.905Z","b","l"
"0.40700","628.14070352","2024-05-18T09:00:14.905Z","b","l"
"0.40800","62.95492742","2024-05-18T09:15:09.726Z","b","l"
"0.40800","113.91110000","2024-05-18T09:51:42.188Z","b","l"
"0.40700","245.70024570","2024-05-18T10:06:36.896Z","b","m"
"0.40400","234.02620922","2024-05-18T10:24:52.763Z","s","l"
"0.40400","389.80275980","2024-05-18T10:24:52.763Z","s","l"
"0.40400","1730.17103098","2024-05-18T10:24:52.763Z","s","l"
"0.40400","517.00000000","2024-05-18T10:24:52.776Z","s","l"
"0.40400","3930.00337720","2024-05-18T10:24:52.824Z","s","l"
"0.40300","2481.38957816","2024-05-18T10:25:31.992Z","b","l"
"0.40300","6136.22417672","2024-05-18T10:25:31.992Z","b","l"
"0.40300","2481.38957816","2024-05-18T10:25:31.992Z","b","l"
"0.40300","3722.08436724","2024-05-18T10:25:31.992Z","b","l"
"0.40300","3972.61527738","2024-05-18T10:25:31.997Z","s","l"
"0.40200","255.75447570","2024-05-18T10:25:42.402Z","s","l"
"0.40100","235.77702874","2024-05-18T10:26:07.323Z","s","l"
"0.40100","63.64068693","2024-05-18T10:26:07.323Z","s","l"
"0.40000","268.09658781","2024-05-18T10:26:29.485Z","s","l"
"0.40000","56.48797500","2024-05-18T10:26:29.485Z","s","l"
"0.40000","687.42037033","2024-05-18T10:26:29.485Z","s","l"
"0.39800","237.55424253","2024-05-18T10:27:08.298Z","s","l"
"0.40100","237.31667971","2024-05-18T10:56:28.435Z","b","l"
"0.40000","26.43575015","2024-05-18T11:28:12.131Z","s","l"
"0.40400","235.54124321","2024-05-18T12:32:00.494Z","b","l"
"0.40100","235.77702874","2024-05-18T12:59:02.570Z","s","l"
"0.39800","237.55424253","2024-05-18T13:39:04.520Z","s","l"
"0.39800","215.83746619","2024-05-18T13:55:22.305Z","s","m"
"0.39800","111.80904523","2024-05-18T13:56:30.014Z","b","m"
"0.39700","65.08676065","2024-05-18T14:03:20.088Z","s","l"
"0.39700","57.78894472","2024-05-18T14:03:20.088Z","s","l"
"0.39800","62.87546000","2024-05-18T14:22:35.033Z","b","l"
"0.39600","238.75401143","2024-05-18T14:39:19.377Z","s","l"
"0.39600","107.54618793","2024-05-18T14:39:19.377Z","s","l"
"0.39600","40.20100503","2024-05-18T14:39:19.377Z","s","l"
"0.39500","63.65490100","2024-05-18T14:40:08.455Z","s","l"
"0.39500","64.44741390","2024-05-18T14:41:07.686Z","b","m"
"0.39400","239.96596072","2024-05-18T14:41:33.525Z","s","l"
"0.39400","268.16678560","2024-05-18T14:41:33.525Z","s","l"
"0.39300","56.50529262","2024-05-18T14:41:45.230Z","s","l"
"0.39300","687.63096407","2024-05-18T14:41:45.230Z","s","l"
"0.39300","65.08676066","2024-05-18T14:41:45.230Z","s","l"
"0.39300","48.22758462","2024-05-18T14:41:57.521Z","b","m"
"0.39200","241.19027685","2024-05-18T14:43:10.739Z","s","l"
"0.39100","25575.44757033","2024-05-18T14:43:50.381Z","s","l"
"0.39500","240.94907787","2024-05-18T14:52:33.099Z","b","l"
"0.39700","179.35000000","2024-05-18T14:58:05.319Z","b","l"
"0.39700","60.37598610","2024-05-18T15:04:13.279Z","b","l"
"0.39800","40.16916503","2024-05-18T15:04:57.599Z","b","l"
"0.39900","238.51524881","2024-05-18T15:06:45.456Z","b","l"
"0.40000","57.75682472","2024-05-18T15:07:13.299Z","b","l"
"0.40000","676.95132220","2024-05-18T15:07:13.299Z","b","l"
"0.40000","55.65000000","2024-05-18T15:07:13.299Z","b","l"
"0.40100","237.31667971","2024-05-18T15:07:15.277Z","b","l"
"0.40100","264.01359982","2024-05-18T15:07:15.277Z","b","l"
"0.40200","62.95492742","2024-05-18T15:07:16.929Z","b","l"
"0.40400","235.54124321","2024-05-18T15:17:19.335Z","b","l"
"0.40400","60.70419585","2024-05-18T15:17:19.335Z","b","l"
"0.40400","391.88830399","2024-05-18T15:17:19.335Z","b","l"
"0.40500","101.38756626","2024-05-18T15:19:10.191Z","b","l"
"0.40100","235.77702874","2024-05-18T15:21:55.788Z","s","l"
"0.40000","48.22758462","2024-05-18T15:22:00.071Z","s","m"
"0.39900","64.44741390","2024-05-18T15:23:30.277Z","s","m"
"0.40000","70.00000000","2024-05-18T15:30:18.727Z","s","l"
"0.40400","235.54124320","2024-05-18T15:41:09.808Z","b","l"
"0.40400","69.96080000","2024-05-18T15:48:52.009Z","b","l"
"0.40500","6037.58740741","2024-05-18T15:55:33.490Z","b","m"
"0.40500","4.81901000","2024-05-18T16:09:03.376Z","b","l"
"0.40100","235.77702874","2024-05-18T17:00:43.657Z","s","l"
"0.40100","389.22297126","2024-05-18T17:00:43.657Z","s","l"
"0.40100","260.00000000","2024-05-18T17:24:38.094Z","s","l"
"0.40200","260.00000000","2024-05-18T18:10:05.565Z","b","l"
"0.40200","245.00000000","2024-05-18T18:10:05.565Z","b","l"
"0.39900","1051.93166000","2024-05-18T19:42:15.716Z","s","l"
"0.39800","237.55424253","2024-05-18T19:48:32.521Z","s","l"
"0.39800","404.74247509","2024-05-18T19:48:32.521Z","s","l"
"0.39900","140.09661835","2024-05-18T20:20:07.770Z","s","l"
"0.40000","27.56892230","2024-05-18T20:20:13.125Z","b","m"
"0.40000","11.00000000","2024-05-18T20:20:13.337Z","b","m"
"0.40000","795.75547604","2024-05-18T20:20:13.443Z","b","m"
"0.40000","22.58140000","2024-05-18T20:30:19.011Z","s","l"
"0.40000","1541.40935596","2024-05-18T20:33:08.774Z","s","l"
"0.40100","237.31667971","2024-05-18T20:46:24.842Z","b","l"
"0.40000","40.00000000","2024-05-18T20:55:55.866Z","s","m"
"0.40000","4.74779000","2024-05-18T21:09:48.957Z","s","l"
"0.40000","39.80099502","2024-05-18T21:17:34.148Z","s","l"
"0.39800","120.77295000","2024-05-18T21:24:05.911Z","s","l"
"0.39800","116.78129253","2024-05-18T21:31:53.663Z","s","l"
"0.39800","2512.56281407","2024-05-18T21:31:53.663Z","s","l"
"0.39800","2512.56281407","2024-05-18T21:31:53.663Z","s","l"
"0.39800","4256.43939307","2024-05-18T21:31:53.663Z","s","l"
"0.39800","449.50843339","2024-05-18T21:31:53.663Z","s","l"
"0.39900","2506.26566416","2024-05-18T21:41:40.705Z","s","l"
"0.39900","979.48209842","2024-05-18T21:41:40.705Z","s","l"
"0.39900","505.00000000","2024-05-18T22:44:49.554Z","b","l"
"0.39800","21.83246000","2024-05-18T22:51:03.112Z","b","l"
"0.39700","21.83246000","2024-05-18T22:52:44.352Z","s","l"
"0.39800","42.85993000","2024-05-18T22:53:10.319Z","b","l"
"0.39800","613.53849000","2024-05-18T23:49:45.787Z","b","l"
"0.39800","74.20077600","2024-05-18T23:56:06.072Z","b","l"
"0.39800","74.10582000","2024-05-18T23:56:58.628Z","b","l"
"0.39600","238.75401143","2024-05-19T00:03:11.621Z","s","l"
"0.39600","61.37194199","2024-05-19T00:03:11.621Z","s","l"
"0.39500","63.65490100","2024-05-19T00:04:01.318Z","s","m"
"0.39500","62.92737748","2024-05-19T00:04:01.318Z","s","m"
"0.39500","1835.80679973","2024-05-19T00:04:09.138Z","s","l"
"0.39400","29.51281000","2024-05-19T00:06:09.596Z","s","l"
"0.39500","48.38411784","2024-05-19T00:06:15.998Z","b","m"
"0.39700","176.32241814","2024-05-19T00:23:55.876Z","b","m"
"0.39700","48.08577299","2024-05-19T00:24:29.744Z","b","m"
"0.39600","22.22863800","2024-05-19T00:58:34.101Z","b","l"
"0.39500","21.42996000","2024-05-19T01:34:22.897Z","s","l"
"0.39500","5.35749000","2024-05-19T01:39:22.066Z","s","l"
"0.39500","4.01811000","2024-05-19T01:40:14.836Z","s","l"
"0.39400","3.92132000","2024-05-19T01:41:39.342Z","s","l"
"0.39500","8.13305000","2024-05-19T01:48:35.270Z","s","l"
"0.39700","11.00000000","2024-05-19T02:26:31.246Z","b","l"
"0.39600","2525.25252525","2024-05-19T02:43:41.598Z","b","l"
"0.39600","2525.25252525","2024-05-19T02:43:41.598Z","b","l"
"0.39600","944.97045455","2024-05-19T02:43:41.598Z","b","l"
"0.39500","65.65656566","2024-05-19T03:22:39.516Z","s","l"
"0.39400","28.76915502","2024-05-19T03:32:12.817Z","s","m"
"0.39400","74.60967172","2024-05-19T04:09:08.986Z","s","m"
"0.39400","103.15300398","2024-05-19T04:26:02.403Z","s","l"
"0.39400","268.16678560","2024-05-19T04:26:02.403Z","s","l"
"0.39300","13.71563022","2024-05-19T05:21:08.437Z","s","l"
"0.39500","121.49716380","2024-05-19T05:32:56.793Z","b","l"
"0.39400","969.54314720","2024-05-19T05:40:29.763Z","s","l"
"0.39300","42.78966240","2024-05-19T05:45:12.260Z","s","l"
"0.39300","687.63096407","2024-05-19T05:45:12.260Z","s","l"
"0.39200","53.38950000","2024-05-19T06:04:42.858Z","s","l"
"0.39300","255.55281914","2024-05-19T06:06:18.330Z","b","l"
"0.39200","187.80077685","2024-05-19T06:07:16.512Z","s","l"
"0.39200","111.06531630","2024-05-19T06:07:16.512Z","s","l"
"0.39100","41.18519289","2024-05-19T06:31:07.193Z","s","l"
"0.39100","48.67154618","2024-05-19T06:31:45.360Z","b","m"
"0.39000","242.42715007","2024-05-19T06:32:33.138Z","s","l"
"0.39000","769.23076923","2024-05-19T06:32:33.138Z","s","l"
"0.39000","85.72373827","2024-05-19T06:32:33.138Z","s","l"
"0.39000","58.37563452","2024-05-19T06:32:33.138Z","s","l"
"0.39000","48.46938776","2024-05-19T06:32:33.138Z","s","l"
"0.38900","268.22695508","2024-05-19T06:43:03.122Z","s","l"
"0.38900","63.66960496","2024-05-19T06:43:03.122Z","s","l"
"0.38900","65.08676066","2024-05-19T06:43:03.122Z","s","l"
"0.39000","153.84615385","2024-05-19T07:01:01.201Z","b","l"
"0.38900","40.60913706","2024-05-19T09:21:50.962Z","s","m"
"0.38800","216.46027168","2024-05-19T09:21:50.962Z","s","m"
"0.38900","65.62025566","2024-05-19T10:08:12.191Z","s","m"
"0.39100","25.57544757","2024-05-19T10:24:26.383Z","b","m"
"0.39200","48.44292776","2024-05-19T10:37:23.247Z","b","l"
"0.39100","58.97435897","2024-05-19T10:50:23.095Z","s","l"
"0.38800","24.40668976","2024-05-19T11:25:04.366Z","s","l"
"0.38800","2.80981311","2024-05-19T11:25:17.473Z","s","l"
"0.38700","8.19018689","2024-05-19T11:25:17.473Z","s","l"
"0.38700","679.90299385","2024-05-19T11:32:14.405Z","s","l"
"0.38700","56.52062015","2024-05-19T11:32:14.405Z","s","l"
"0.38600","244.93934851","2024-05-19T12:11:13.227Z","s","l"
"0.38600","29.68333376","2024-05-19T12:11:13.227Z","s","l"
"0.38600","110.33235860","2024-05-19T12:11:13.227Z","s","l"
"0.38500","779.22077922","2024-05-19T12:19:14.888Z","s","l"
"0.38500","40.72245508","2024-05-19T12:19:14.888Z","s","l"
"0.38400","246.21507429","2024-05-19T12:21:20.075Z","s","l"
"0.38400","14.77423666","2024-05-19T12:21:20.075Z","s","l"
"0.38300","267.61329067","2024-05-19T12:27:28.382Z","s","l"
"0.38300","59.03742350","2024-05-19T12:27:28.382Z","s","l"
"0.38300","14.77423666","2024-05-19T12:27:28.382Z","s","l"
"0.38500","58.34376452","2024-05-19T12:33:02.050Z","b","l"
"0.38400","40.69109508","2024-05-19T12:48:41.420Z","s","m"
"0.38400","316.03964000","2024-05-19T12:52:56.978Z","b","l"
"0.38300","274.24371000","2024-05-19T12:53:49.786Z","s","l"
"0.38300","445.02180000","2024-05-19T13:22:50.317Z","b","l"
"0.38200","247.50415844","2024-05-19T13:26:11.661Z","s","l"
"0.38100","686.51176296","2024-05-19T13:33:20.139Z","s","l"
"0.38100","56.39073490","2024-05-19T13:33:20.139Z","s","l"
"0.38300","2610.72198559","2024-05-19T13:46:48.705Z","b","l"
"0.38300","2610.54884986","2024-05-19T13:46:49.038Z","b","l"
"0.38300","2610.70145549","2024-05-19T13:46:49.403Z","b","l"
"0.38300","2610.81819716","2024-05-19T13:46:51.022Z","b","l"
"0.38300","2610.81819716","2024-05-19T13:46:52.554Z","b","l"
"0.38300","2610.81819716","2024-05-19T13:46:53.325Z","b","l"
"0.38300","2610.81819716","2024-05-19T13:46:53.875Z","b","l"
"0.38300","6.20651992","2024-05-19T13:46:54.360Z","b","l"
"0.38300","58.94207897","2024-05-19T13:46:54.360Z","b","l"
"0.38300","40.58701706","2024-05-19T13:46:54.360Z","b","l"
"0.38500","247.25664535","2024-05-19T13:59:09.234Z","b","l"
"0.38500","4.93853465","2024-05-19T13:59:09.234Z","b","l"
"0.38400","95.42677013","2024-05-19T14:04:18.036Z","s","l"
"0.38400","1.92044224","2024-05-19T14:04:18.227Z","s","l"
"0.38200","80.96661000","2024-05-19T14:33:40.672Z","s","l"
"0.38200","166.53754844","2024-05-19T15:03:04.290Z","s","l"
"0.38100","301.96843868","2024-05-19T15:19:04.035Z","b","l"
"0.38300","25.34919000","2024-05-19T15:59:56.389Z","b","l"
"0.38200","177.10261825","2024-05-19T16:26:12.703Z","b","m"
"0.38100","58.97435897","2024-05-19T16:26:18.721Z","s","l"
"0.38000","12.91596088","2024-05-19T16:40:48.273Z","s","l"
"0.38000","235.89085103","2024-05-19T16:45:01.752Z","s","l"
"0.37900","59.03742350","2024-05-19T16:53:55.122Z","s","l"
"0.37900","2579.49905318","2024-05-19T16:53:56.360Z","b","l"
"0.37900","723.12587682","2024-05-19T16:53:56.360Z","b","l"
"0.38100","58.94289897","2024-05-19T17:14:50.876Z","b","l"
"0.37900","659.63060686","2024-05-19T18:50:12.656Z","s","l"
"0.38100","11.00000000","2024-05-19T19:04:57.133Z","b","m"
"0.38100","2538.00000000","2024-05-19T19:37:37.976Z","s","l"
"0.38100","2625.12087716","2024-05-19T19:37:37.986Z","s","l"
"0.38100","2625.51537524","2024-05-19T19:37:38.442Z","s","l"
"0.38100","2625.01795381","2024-05-19T19:37:38.596Z","s","l"
"0.38100","2625.54226731","2024-05-19T19:37:38.702Z","s","l"
"0.38100","2625.35058647","2024-05-19T19:37:39.199Z","s","l"
"0.38100","2625.23785038","2024-05-19T19:37:39.656Z","s","l"
"0.38100","2625.28932660","2024-05-19T19:37:39.921Z","s","l"
"0.38100","2625.17797610","2024-05-19T19:37:40.758Z","s","l"
"0.38100","2624.72204788","2024-05-19T19:37:44.050Z","s","l"
"0.38100","81.74489915","2024-05-19T19:38:27.474Z","s","l"
"0.37900","126.13363000","2024-05-19T19:55:04.229Z","s","l"
"0.37800","250.12325007","2024-05-19T21:27:02.814Z","s","l"
"0.37700","267.67896215","2024-05-19T21:34:00.315Z","s","l"
"0.37700","112.96628759","2024-05-19T21:34:00.315Z","s","l"
"0.38100","249.87311779","2024-05-20T00:04:26.445Z","b","l"
"0.38100","43.66992476","2024-05-20T00:04:26.445Z","b","l"
"0.37800","250.12325007","2024-05-20T00:25:30.935Z","s","l"
"0.38100","249.87311779","2024-05-20T01:01:35.159Z","b","l"
"0.37800","250.12325007","2024-05-20T01:12:06.878Z","s","l"
"0.37800","50.00000000","2024-05-20T01:12:06.878Z","s","l"
"0.37600","251.45369289","2024-05-20T01:16:08.994Z","s","l"
"0.37500","56.40472000","2024-05-20T01:30:59.414Z","s","l"
"0.37500","686.68211668","2024-05-20T01:30:59.414Z","s","l"
"0.37500","150.00000000","2024-05-20T01:30:59.414Z","s","l"
"0.37500","60.36745407","2024-05-20T01:30:59.414Z","s","l"
"0.37500","62.82722513","2024-05-20T01:30:59.414Z","s","l"
"0.37400","252.79836504","2024-05-20T01:33:23.344Z","s","l"
"0.37400","41.99475066","2024-05-20T01:33:23.344Z","s","l"
"0.37400","97.34721237","2024-05-20T01:35:06.884Z","b","l"
"0.37700","252.54555755","2024-05-20T01:47:17.987Z","b","l"
"0.37900","251.20223012","2024-05-20T01:49:01.636Z","b","l"
"0.38000","906.83564007","2024-05-20T01:58:50.132Z","b","l"
"0.38000","1061.48978024","2024-05-20T01:58:56.574Z","b","l"
"0.38000","955.34080222","2024-05-20T01:58:58.522Z","b","l"
"0.38000","980.42134834","2024-05-20T01:58:59.915Z","b","l"
"0.37900","1006.85427685","2024-05-20T01:59:03.543Z","b","l"
"0.38000","950.11649025","2024-05-20T01:59:08.301Z","b","l"
"0.38000","84.63551215","2024-05-20T01:59:08.301Z","b","l"
"0.38000","929.40394786","2024-05-20T01:59:10.153Z","b","l"
"0.37900","41.96334066","2024-05-20T02:04:09.770Z","s","m"
"0.38000","49.97354000","2024-05-20T02:06:38.196Z","b","l"
"0.38100","2.63180000","2024-05-20T02:12:49.149Z","b","l"
"0.38100","247.24131779","2024-05-20T02:18:49.576Z","b","l"
"0.38100","676.95132220","2024-05-20T02:18:49.576Z","b","l"
"0.38100","31.14816223","2024-05-20T02:18:49.576Z","b","l"
"0.38100","55.65000000","2024-05-20T02:32:10.590Z","b","l"
"0.38100","60.33576407","2024-05-20T02:32:10.590Z","b","l"
"0.38200","127.07772000","2024-05-20T03:32:19.978Z","b","l"
"0.38300","248.55799612","2024-05-20T04:34:04.417Z","b","l"
"0.38300","264.01359982","2024-05-20T04:34:04.417Z","b","l"
"0.38300","67.71348710","2024-05-20T04:34:04.417Z","b","l"
"0.38300","31.64608290","2024-05-20T04:34:04.417Z","b","l"
"0.38400","28.72062663","2024-05-20T04:34:13.887Z","b","m"
"0.38400","840.41203785","2024-05-20T04:34:14.457Z","b","m"
"0.38500","247.25664535","2024-05-20T04:40:31.440Z","b","l"
"0.38600","504.60000000","2024-05-20T05:05:28.337Z","s","l"
"0.38700","245.96885033","2024-05-20T05:06:20.563Z","b","l"
"0.38700","55.65000000","2024-05-20T05:06:20.563Z","b","l"
"0.38700","676.95132220","2024-05-20T05:06:20.563Z","b","l"
"0.38700","112.68387379","2024-05-20T05:06:20.563Z","b","l"
"0.38700","67.71348710","2024-05-20T05:06:20.563Z","b","l"
"0.38900","244.69440032","2024-05-20T05:25:49.877Z","b","l"
"0.38900","264.01359982","2024-05-20T05:25:49.877Z","b","l"
"0.38900","2500.00000000","2024-05-20T06:10:21.429Z","s","l"
"0.38800","49.22279793","2024-05-20T06:11:35.573Z","s","l"
"0.38600","12.95336787","2024-05-20T06:34:47.799Z","s","m"
"0.38600","231.98598064","2024-05-20T06:42:06.915Z","s","l"
"0.38400","246.21507429","2024-05-20T06:51:20.696Z","s","l"
"0.38300","267.61329067","2024-05-20T06:52:28.128Z","s","l"
"0.38200","247.50415844","2024-05-20T06:53:33.599Z","s","l"
"0.38100","56.39073490","2024-05-20T06:57:06.752Z","s","l"
"0.38100","686.23674984","2024-05-20T06:57:06.752Z","s","l"
"0.38500","247.25664535","2024-05-20T07:02:36.097Z","b","l"
"0.38600","179.71141709","2024-05-20T07:02:49.081Z","b","l"
"0.38700","245.96885033","2024-05-20T07:08:26.204Z","b","l"
"0.38700","676.95132220","2024-05-20T07:08:26.204Z","b","l"
"0.38700","55.65000000","2024-05-20T07:08:26.204Z","b","l"
"0.38900","244.69440032","2024-05-20T08:05:00.346Z","b","l"
"0.38900","264.01359982","2024-05-20T08:05:00.346Z","b","l"
"0.38800","220.87114000","2024-05-20T09:02:15.551Z","s","l"
"0.38600","244.93934851","2024-05-20T09:22:00.915Z","s","l"
"0.38600","307.74084000","2024-05-20T09:25:19.009Z","b","l"
"0.38700","49.19605793","2024-05-20T10:25:12.417Z","b","l"
"0.38400","246.21507429","2024-05-20T11:30:43.226Z","s","l"
"0.38400","596.56496571","2024-05-20T11:30:43.226Z","s","l"
"0.38400","157.21995000","2024-05-20T11:30:59.459Z","s","l"
"0.38300","267.61329067","2024-05-20T11:36:30.257Z","s","l"
"0.38200","247.50415844","2024-05-20T12:44:53.858Z","s","l"
"0.38100","686.23674984","2024-05-20T13:26:43.823Z","s","l"
"0.38100","56.39073490","2024-05-20T13:26:43.823Z","s","l"
"0.38100","54.97382199","2024-05-20T13:26:43.823Z","s","l"
"0.38400","54.94450199","2024-05-20T13:51:36.999Z","b","l"
"0.38500","247.25664535","2024-05-20T13:55:12.075Z","b","l"
"0.38400","331.59472000","2024-05-20T14:25:26.270Z","b","l"
"0.38700","245.96885033","2024-05-20T15:23:16.184Z","b","l"
"0.38700","676.95132220","2024-05-20T15:23:16.184Z","b","l"
"0.38700","55.65000000","2024-05-20T15:23:16.184Z","b","l"
"0.38800","241.92666000","2024-05-20T15:24:13.554Z","b","l"
"0.38900","244.69440032","2024-05-20T15:51:08.371Z","b","l"
"0.38900","264.01359982","2024-05-20T15:51:08.371Z","b","l"
"0.38900","56.90595000","2024-05-20T16:25:39.670Z","s","l"
"0.39000","67.71348709","2024-05-20T16:40:10.620Z","b","l"
"0.39100","243.43308898","2024-05-20T16:41:06.567Z","b","l"
"0.39300","242.18471417","2024-05-20T16:53:15.378Z","b","l"
"0.39300","67.71348710","2024-05-20T16:53:15.378Z","b","l"
"0.39200","1045.45102040","2024-05-20T17:08:08.735Z","b","l"
"0.39400","55.65000000","2024-05-20T17:18:18.332Z","b","l"
"0.39400","676.95132220","2024-05-20T17:18:18.332Z","b","l"
"0.39200","2551.02040816","2024-05-20T18:05:12.473Z","s","l"
"0.39200","1325.71862244","2024-05-20T18:05:12.473Z","s","l"
"0.39200","3819.04820850","2024-05-20T18:05:12.473Z","s","l"
"0.39200","1874.89276090","2024-05-20T18:05:12.473Z","s","l"
"0.39200","177.10261825","2024-05-20T18:05:18.417Z","s","m"
"0.39300","81.59542400","2024-05-20T18:23:39.980Z","s","l"
"0.39500","240.94907787","2024-05-20T19:23:05.866Z","b","l"
"0.39600","264.01359982","2024-05-20T19:23:16.084Z","b","l"
"0.39600","62.95492742","2024-05-20T19:23:16.084Z","b","l"
"0.39600","110.05652958","2024-05-20T19:23:16.084Z","b","l"
"0.39700","239.72596072","2024-05-20T19:23:49.515Z","b","l"
"0.39700","63.69786232","2024-05-20T19:23:49.515Z","b","l"
"0.39800","1061.48978024","2024-05-20T19:23:55.907Z","b","l"
"0.39900","238.51524881","2024-05-20T19:25:14.777Z","b","l"
"0.40000","55.65000000","2024-05-20T19:25:35.824Z","b","l"
"0.40000","676.95132220","2024-05-20T19:25:35.824Z","b","l"
"0.40100","237.31667972","2024-05-20T19:29:53.706Z","b","l"
"0.40100","264.01359982","2024-05-20T19:29:53.706Z","b","l"
"0.40100","63.69786232","2024-05-20T19:29:53.706Z","b","l"
"0.40200","62.95492742","2024-05-20T19:30:04.066Z","b","l"
"0.40300","2481.38957816","2024-05-20T19:30:19.022Z","s","l"
"0.40400","235.54124320","2024-05-20T19:30:54.146Z","b","l"
"0.40500","63.69786232","2024-05-20T19:32:04.507Z","b","l"
"0.40500","98.76543210","2024-05-20T19:33:00.219Z","s","l"
"0.40700","233.79217456","2024-05-20T19:37:10.601Z","b","l"
"0.40700","264.01359982","2024-05-20T19:37:10.601Z","b","l"
"0.40700","676.95132220","2024-05-20T19:37:10.601Z","b","l"
"0.40700","55.65000000","2024-05-20T19:37:10.601Z","b","l"
"0.40700","107.27732430","2024-05-20T19:37:10.601Z","b","l"
"0.40700","341.27655741","2024-05-20T19:37:10.601Z","b","l"
"0.40400","234.02620922","2024-05-20T19:40:54.505Z","s","l"
"0.40700","233.79217456","2024-05-20T19:47:21.385Z","b","l"
"0.40800","62.95492742","2024-05-20T19:47:24.448Z","b","l"
"0.40800","162.68235669","2024-05-20T19:47:24.448Z","b","l"
"0.40800","1034.75200239","2024-05-20T19:47:24.448Z","b","l"
"0.40700","179.71141709","2024-05-20T19:56:25.296Z","s","m"
"0.40800","253.16455695","2024-05-20T19:58:50.225Z","s","m"
"0.41000","232.30120031","2024-05-20T20:00:50.223Z","b","l"
"0.41000","153.84615385","2024-05-20T20:00:50.223Z","b","l"
"0.41100","788.57741298","2024-05-20T20:00:55.530Z","b","m"
"0.41000","48.67154618","2024-05-20T20:00:59.735Z","s","m"
"0.41200","843.29665317","2024-05-20T20:03:49.228Z","b","l"
"0.41200","182.03883495","2024-05-20T20:04:02.868Z","s","l"
"0.41200","22.61986840","2024-05-20T20:04:04.723Z","s","l"
"0.41200","5756.23359669","2024-05-20T20:04:21.652Z","s","l"
"0.40700","59.27835052","2024-05-20T20:09:43.421Z","s","l"
"0.40700","154.01164948","2024-05-20T20:09:43.421Z","s","l"
"0.40700","48.38411784","2024-05-20T20:09:54.958Z","s","m"
"0.40800","48.08577299","2024-05-20T20:09:58.159Z","s","m"
"0.41000","6136.22417672","2024-05-20T20:15:38.320Z","s","m"
"0.41000","2439.02439024","2024-05-20T20:15:38.320Z","s","m"
"0.40900","1424.75143304","2024-05-20T20:15:38.320Z","s","m"
"0.41000","2375.13330000","2024-05-20T20:24:14.809Z","b","l"
"0.41300","264.01359982","2024-05-20T20:30:39.876Z","b","l"
"0.41300","230.60143543","2024-05-20T20:30:39.876Z","b","l"
"0.41400","55.65000000","2024-05-20T20:30:52.276Z","b","l"
"0.41400","676.95132220","2024-05-20T20:30:52.276Z","b","l"
"0.41400","62.95492742","2024-05-20T20:30:52.276Z","b","l"
"0.41500","303.76615000","2024-05-20T20:32:18.039Z","b","l"
"0.41300","59.24457052","2024-05-20T20:34:36.895Z","b","l"
"0.41600","228.92636447","2024-05-20T20:35:13.928Z","b","l"
"0.41600","122.24938875","2024-05-20T20:35:13.928Z","b","l"
"0.41300","228.92636447","2024-05-20T20:41:27.946Z","s","l"
"0.41200","30.75688000","2024-05-20T20:45:33.562Z","s","l"
"0.41300","33.05809000","2024-05-20T20:50:33.880Z","s","l"
"0.41400","5960.89230004","2024-05-20T20:51:14.341Z","b","l"
"0.41200","2427.18446601","2024-05-20T20:58:50.766Z","b","m"
"0.41200","2921.13980583","2024-05-20T20:58:50.766Z","b","m"
"0.41000","230.60143543","2024-05-20T21:02:13.208Z","s","l"
"0.41000","1369.83740000","2024-05-20T21:06:59.570Z","b","l"
"0.40900","122.24938875","2024-05-20T21:08:26.690Z","s","l"
"0.40900","61.85567010","2024-05-20T21:08:26.690Z","s","l"
"0.40700","29.90543299","2024-05-20T21:14:45.241Z","s","l"
"0.40700","687.21702061","2024-05-20T21:14:45.241Z","s","l"
"0.40700","56.47125307","2024-05-20T21:14:45.241Z","s","l"
"0.40700","63.78152322","2024-05-20T21:14:45.241Z","s","l"
"0.40700","3677.51979172","2024-05-20T21:14:45.241Z","s","l"
"0.40700","3678.69004199","2024-05-20T21:14:45.241Z","s","l"
"0.40700","3679.41601578","2024-05-20T21:14:45.241Z","s","l"
"0.40700","6136.22417672","2024-05-20T21:14:45.241Z","s","l"
"0.40700","115.92081233","2024-05-20T21:14:45.241Z","s","l"
"0.40700","233.31289304","2024-05-20T21:14:45.241Z","s","l"
"0.40700","378.13387643","2024-05-20T21:15:00.847Z","s","l"
"0.41000","232.06891529","2024-05-20T21:18:06.189Z","b","l"
"0.41100","255.58620655","2024-05-20T21:18:15.299Z","b","l"
"0.41100","2433.09002433","2024-05-20T21:37:34.692Z","b","l"
"0.41300","230.37082568","2024-05-20T21:49:26.297Z","b","l"
"0.41400","676.95132220","2024-05-20T21:51:27.312Z","b","l"
"0.41400","62.95492742","2024-05-20T21:51:27.312Z","b","l"
"0.41400","55.65000000","2024-05-20T21:51:27.312Z","b","l"
"0.41400","61.82531010","2024-05-20T21:51:27.312Z","b","l"
"0.41600","228.69742985","2024-05-20T21:55:06.378Z","b","l"
"0.41600","122.07823960","2024-05-20T21:55:06.378Z","b","l"
"0.41700","104.68746408","2024-05-20T21:55:20.698Z","b","l"
"0.41700","60.99414022","2024-05-20T21:55:20.698Z","b","l"
"0.41600","1000.00000000","2024-05-20T21:58:10.435Z","s","m"
"0.41600","20.65777200","2024-05-20T22:15:10.507Z","s","l"
"0.41500","636.97259000","2024-05-20T22:29:00.549Z","s","l"
"0.41600","22.61449000","2024-05-20T22:30:52.411Z","b","l"
"0.41700","98.09264305","2024-05-20T23:25:13.151Z","b","l"
"0.41900","264.01359982","2024-05-20T23:27:36.569Z","b","l"
"0.41900","227.27545319","2024-05-20T23:27:36.569Z","b","l"
"0.41800","25.55827200","2024-05-20T23:50:48.396Z","s","l"
"0.42000","1006.85427685","2024-05-21T00:11:01.415Z","b","l"
"0.42100","676.95132220","2024-05-21T00:13:12.487Z","b","l"
"0.42100","55.65000000","2024-05-21T00:13:12.487Z","b","l"
"0.42100","62.95492742","2024-05-21T00:13:12.487Z","b","l"
"0.42200","225.64818264","2024-05-21T00:13:34.787Z","b","l"
"0.42200","120.48192771","2024-05-21T00:13:34.787Z","b","l"
"0.42200","22.37318351","2024-05-21T00:13:34.787Z","b","l"
"0.42300","86.19541260","2024-05-21T00:25:37.399Z","b","l"
"0.42300","454.94695967","2024-05-21T00:25:37.399Z","b","l"
"0.42300","36.63444000","2024-05-21T00:32:03.724Z","b","l"
"0.42400","22.37318351","2024-05-21T00:36:02.792Z","b","l"
"0.42500","35.29411765","2024-05-21T00:46:24.029Z","b","l"
"0.42200","35.54502370","2024-05-21T00:55:23.578Z","s","l"
"0.41900","225.64818264","2024-05-21T01:03:02.973Z","s","l"
"0.41900","26.91387559","2024-05-21T01:04:46.315Z","b","m"
"0.41800","43.06220096","2024-05-21T01:07:39.237Z","s","l"
"0.41700","479.61630695","2024-05-21T01:20:11.027Z","s","l"
"0.41600","227.27545319","2024-05-21T01:21:27.487Z","s","m"
"0.41500","6136.22417672","2024-05-21T01:21:27.487Z","s","m"
"0.41500","3606.04477347","2024-05-21T01:21:27.487Z","s","m"
"0.41500","128.79253906","2024-05-21T01:21:27.487Z","s","m"
"0.41500","1262.52573477","2024-05-21T01:21:27.487Z","s","m"
"0.41500","120.48192771","2024-05-21T01:23:03.828Z","s","l"
"0.41400","56.45514492","2024-05-21T01:25:17.079Z","s","l"
"0.41400","687.02054745","2024-05-21T01:25:17.079Z","s","l"
"0.41400","63.61123071","2024-05-21T01:25:17.079Z","s","l"
"0.41500","17.82367400","2024-05-21T01:27:52.651Z","b","l"
"0.41500","53.67128800","2024-05-21T01:27:52.867Z","b","l"
"0.41800","49.52772000","2024-05-21T02:03:27.598Z","b","l"
"0.41700","253.80710660","2024-05-21T02:19:44.305Z","s","m"
"0.41900","227.04816954","2024-05-21T04:04:06.922Z","b","l"
"0.42100","55.65000000","2024-05-21T04:19:12.181Z","b","l"
"0.42100","676.95132220","2024-05-21T04:19:12.181Z","b","l"
"0.42100","62.95492742","2024-05-21T04:19:12.181Z","b","l"
"0.42200","225.42252632","2024-05-21T04:41:56.760Z","b","l"
"0.42200","120.31325302","2024-05-21T04:41:56.760Z","b","l"
"0.41900","225.64818264","2024-05-21T04:54:13.437Z","s","l"
"0.41600","227.27545319","2024-05-21T05:04:55.132Z","s","l"
"0.41700","5981.08636364","2024-05-21T05:09:29.743Z","s","l"
"0.41800","1000.00000000","2024-05-21T05:30:41.232Z","b","m"
"0.41900","227.04816954","2024-05-21T05:41:26.599Z","b","l"
"0.42200","225.42252632","2024-05-21T06:16:24.442Z","b","l"
"0.42500","188.74993099","2024-05-21T07:23:55.124Z","b","l"
"0.42500","2481.38957816","2024-05-21T07:23:55.124Z","b","l"
"0.42400","11.00000000","2024-05-21T07:43:57.795Z","s","l"
"0.42500","31.88509000","2024-05-21T07:48:57.613Z","b","l"
"0.42600","41.21391000","2024-05-21T07:52:26.070Z","b","l"
"0.42500","387.13079713","2024-05-21T08:10:14.142Z","b","l"
"0.42500","1965.81037935","2024-05-21T08:10:14.142Z","b","l"
"0.42200","224.04404864","2024-05-21T08:35:36.799Z","s","l"
"0.42200","240.42505138","2024-05-21T08:42:55.688Z","b","l"
"0.42300","116.87254137","2024-05-21T08:50:06.772Z","b","l"
"0.42200","153.03650000","2024-05-21T09:38:14.304Z","s","l"
"0.42100","831.35391924","2024-05-21T10:05:24.705Z","s","l"
"0.42100","21.65717000","2024-05-21T10:18:14.862Z","s","l"
"0.42300","232.33944000","2024-05-21T10:37:44.051Z","s","l"
"0.42500","223.81999651","2024-05-21T11:28:40.276Z","b","l"
"0.42600","222.79968982","2024-05-21T11:35:27.422Z","b","l"
"0.42700","102.17093850","2024-05-21T11:48:59.055Z","b","l"
"0.42500","143.08000000","2024-05-21T12:02:13.752Z","b","l"
"0.42500","450.98361397","2024-05-21T12:02:19.149Z","b","m"
"0.42500","10.18749000","2024-05-21T12:12:02.142Z","s","l"
"0.42600","356.62183000","2024-05-21T12:15:38.946Z","s","l"
"0.42600","165.11469000","2024-05-21T12:16:30.791Z","s","l"
"0.42800","676.95132220","2024-05-21T12:24:19.758Z","b","l"
"0.42800","55.65000000","2024-05-21T12:24:19.758Z","b","l"
"0.42800","62.95492742","2024-05-21T12:24:19.758Z","b","l"
"0.42800","222.46256124","2024-05-21T12:24:19.758Z","b","l"
"0.42900","118.31753555","2024-05-21T12:24:55.529Z","b","l"
"0.42900","409.64049650","2024-05-21T12:24:55.529Z","b","l"
"0.42900","113.90134231","2024-05-21T12:24:55.529Z","b","l"
"0.42900","60.68440196","2024-05-21T12:24:55.529Z","b","l"
"0.42500","222.46256124","2024-05-21T12:35:14.815Z","s","l"
"0.42400","144.32382549","2024-05-21T12:35:21.573Z","s","l"
"0.42400","26.91387559","2024-05-21T12:36:51.060Z","s","m"
"0.42400","2358.49056603","2024-05-21T12:40:13.011Z","b","l"
"0.42500","1641.90482397","2024-05-21T12:40:13.011Z","b","l"
"0.42400","255.58620655","2024-05-21T12:40:20.026Z","s","l"
"0.42500","43.77257361","2024-05-21T12:40:44.049Z","b","m"
"0.42800","222.24009066","2024-05-21T13:27:48.955Z","b","l"
"0.43000","62.22309516","2024-05-21T13:30:19.833Z","b","l"
"0.43000","1425.78160919","2024-05-21T13:30:19.833Z","b","l"
"0.43100","220.90324422","2024-05-21T13:35:17.020Z","b","l"
"0.43100","980.42134834","2024-05-21T13:35:17.020Z","b","l"
"0.43200","43.09242692","2024-05-21T13:35:43.858Z","b","m"
"0.43200","32.91707427","2024-05-21T13:35:51.192Z","b","l"
"0.43200","264.01359982","2024-05-21T13:35:51.192Z","b","l"
"0.43300","1640.36000000","2024-05-21T13:38:41.391Z","b","l"
"0.42800","220.90324422","2024-05-21T13:51:06.074Z","s","l"
"0.42800","103.87637792","2024-05-21T13:52:31.840Z","b","l"
"0.43100","220.68233300","2024-05-21T14:11:13.379Z","b","l"
"0.43200","248.00554624","2024-05-21T14:11:21.561Z","b","l"
"0.42800","220.90324422","2024-05-21T14:21:56.362Z","s","l"
"0.42600","134.19310000","2024-05-21T14:29:44.267Z","s","l"
"0.43000","51.43056550","2024-05-21T14:36:54.963Z","b","l"
"0.42500","222.46256124","2024-05-21T14:45:16.993Z","s","l"
"0.42500","267.82535322","2024-05-21T14:45:16.993Z","s","l"
"0.42700","1168.68501169","2024-05-21T14:55:53.233Z","s","l"
"0.42800","222.24009066","2024-05-21T15:00:12.618Z","b","l"
"0.43100","220.68233301","2024-05-21T15:02:03.803Z","b","l"
"0.43200","264.01359982","2024-05-21T15:02:28.024Z","b","l"
"0.43000","1578.25480000","2024-05-21T15:07:50.872Z","s","l"
"0.43100","6136.22417672","2024-05-21T15:09:44.908Z","b","l"
"0.43100","44.94306000","2024-05-21T15:27:31.545Z","b","l"
"0.43200","5.25693000","2024-05-21T15:35:34.526Z","s","l"
"0.42800","220.90324422","2024-05-21T15:51:13.959Z","s","l"
"0.42500","222.46256124","2024-05-21T15:55:46.946Z","s","l"
"0.42500","267.82535322","2024-05-21T15:55:46.946Z","s","l"
"0.42400","50.97911124","2024-05-21T15:56:25.684Z","s","l"
"0.42400","6.12154876","2024-05-21T15:56:25.684Z","s","l"
"0.42900","233.10023311","2024-05-21T16:09:24.005Z","b","l"
"0.42800","22.61986840","2024-05-21T16:20:40.066Z","s","l"
"0.42800","31.88250127","2024-05-21T16:20:44.425Z","s","l"
"0.42800","124.51123832","2024-05-21T16:20:53.200Z","b","m"
"0.42800","222.24009066","2024-05-21T16:31:10.360Z","b","l"
"0.42600","77.46478874","2024-05-21T16:35:59.731Z","s","l"
"0.42500","222.46256124","2024-05-21T16:39:48.899Z","s","l"
"0.42800","222.24009065","2024-05-21T16:48:02.385Z","b","l"
"0.42800","500.00000000","2024-05-21T16:48:53.961Z","s","m"
"0.42900","250.00000000","2024-05-21T16:49:18.818Z","b","m"
"0.42700","479.61630695","2024-05-21T16:56:32.446Z","s","l"
"0.42900","2179.97970660","2024-05-21T17:07:37.814Z","s","m"
"0.43000","54.46971967","2024-05-21T17:19:07.763Z","b","l"
"0.43100","220.68233300","2024-05-21T17:19:57.979Z","b","l"
"0.43200","264.01359982","2024-05-21T17:31:47.086Z","b","l"
"0.43100","74.87627000","2024-05-21T17:55:03.159Z","s","l"
"0.43400","62.95492742","2024-05-21T18:01:37.596Z","b","l"
"0.43400","219.36563463","2024-05-21T18:01:37.596Z","b","l"
"0.43400","60.68440195","2024-05-21T18:01:37.596Z","b","l"
"0.43200","105.49191000","2024-05-21T19:25:16.961Z","b","l"
"0.43200","127.68462000","2024-05-21T19:25:43.357Z","b","l"
"0.43100","219.36563463","2024-05-21T19:26:52.009Z","s","l"
"0.42800","220.90324422","2024-05-21T19:28:41.176Z","s","l"
"0.42800","43.77257361","2024-05-21T19:29:17.864Z","s","m"
"0.42700","63.73105035","2024-05-21T19:30:40.407Z","s","l"
"0.42700","169.44547965","2024-05-21T19:30:40.407Z","s","l"
"0.42800","43.17963526","2024-05-21T19:33:02.258Z","b","m"
"0.43100","220.68233300","2024-05-21T20:16:11.205Z","b","l"
"0.43300","526.88724464","2024-05-21T20:35:20.040Z","b","l"
"0.43400","219.14626108","2024-05-21T20:38:29.482Z","b","l"
"0.43400","62.95492741","2024-05-21T20:38:29.482Z","b","l"
"0.43100","219.36563463","2024-05-21T21:04:43.093Z","s","l"