"price","volume","time","side","orderType"
"0.42400","61.77504496","2024-05-27T19:06:47.115Z","s","taker"
"0.42500","222.46256124","2024-05-27T19:06:39.225Z","s","maker"
"0.42800","22.13953000","2024-05-27T17:58:07.420Z","b","maker"
"0.42900","31.39944319","2024-05-27T16:52:17.461Z","b","maker"
"0.42900","118.34123222","2024-05-27T16:52:17.461Z","b","maker"
"0.42800","222.24009066","2024-05-27T16:44:07.762Z","b","maker"
"0.42800","676.95132220","2024-05-27T16:44:07.762Z","b","maker"
"0.42800","55.65000000","2024-05-27T16:44:07.762Z","b","maker"
"0.42800","209.07827096","2024-05-27T16:44:07.762Z","b","maker"
"0.42500","40.35152000","2024-05-27T16:26:02.309Z","s","maker"
"0.42500","26.10966000","2024-05-27T16:23:59.140Z","s","maker"
"0.42700","25.82159624","2024-05-27T16:06:15.219Z","b","taker"
"0.42700","41.82966492","2024-05-27T16:06:15.168Z","b","taker"
"0.42700","102.11976062","2024-05-27T16:06:15.168Z","b","taker"
"0.42700","461.30188269","2024-05-27T16:06:15.168Z","b","taker"
"0.42600","264.01359982","2024-05-27T16:06:09.854Z","b","maker"
"0.42500","77.58630000","2024-05-27T15:51:50.948Z","s","maker"
"0.42500","223.81999651","2024-05-27T15:46:45.256Z","b","maker"
"0.42500","48.13977156","2024-05-27T15:46:45.256Z","b","maker"
"0.42200","10.00324000","2024-05-27T15:28:06.980Z","s","maker"
"0.42200","225.42252632","2024-05-27T15:16:44.031Z","b","maker"
"0.42100","112.53834000","2024-05-27T14:57:57.373Z","s","maker"
"0.41800","12.42168000","2024-05-27T14:50:00.214Z","s","maker"
"0.41900","4668.14848026","2024-05-27T14:35:27.772Z","s","maker"
"0.41900","225.64818264","2024-05-27T14:35:07.334Z","s","maker"
"0.41900","375.84800706","2024-05-27T14:35:07.334Z","s","maker"
"0.41900","6554.97115746","2024-05-27T14:35:07.334Z","s","maker"
"0.41900","2386.63484486","2024-05-27T14:35:07.334Z","s","maker"
"0.41900","2386.63484486","2024-05-27T14:35:07.334Z","s","maker"
"0.41900","3579.95226730","2024-05-27T14:35:07.334Z","s","maker"
"0.41900","278.29620004","2024-05-27T14:35:07.334Z","s","maker"
"0.41900","6136.22417672","2024-05-27T14:35:07.334Z","s","maker"
"0.42100","112.53834000","2024-05-27T14:29:42.204Z","b","maker"
"0.42200","5293.58909898","2024-05-27T14:22:55.561Z","s","maker"
"0.42200","225.42255019","2024-05-27T14:22:55.555Z","b","maker"
"0.42200","3554.50236966","2024-05-27T14:22:55.555Z","b","maker"
"0.42200","6136.22417672","2024-05-27T14:22:55.555Z","b","maker"
"0.42200","3554.50236966","2024-05-27T14:22:55.555Z","b","maker"
"0.42200","3554.50236966","2024-05-27T14:22:55.555Z","b","maker"
"0.42200","3554.50236966","2024-05-27T14:22:55.555Z","b","maker"
"0.42200","761.76227840","2024-05-27T14:22:55.555Z","b","maker"
"0.42100","1416.16534000","2024-05-27T13:55:01.005Z","b","maker"
"0.41900","227.04816954","2024-05-27T13:14:52.631Z","b","maker"
"0.41500","41.06606000","2024-05-27T12:56:50.128Z","s","maker"
"0.41700","41.23098153","2024-05-27T12:48:58.566Z","b","taker"
"0.41600","227.27545319","2024-05-27T12:41:41.122Z","s","maker"
"0.41700","174.45000000","2024-05-27T12:16:47.955Z","s","maker"
"0.41900","227.04816954","2024-05-27T12:00:30.851Z","b","maker"
"0.41600","227.27545319","2024-05-27T11:40:24.340Z","s","maker"
"0.41800","10.00000000","2024-05-27T10:29:08.530Z","s","maker"
"0.42000","231.01248000","2024-05-27T09:49:46.344Z","b","maker"
"0.41900","227.04816953","2024-05-27T08:29:10.733Z","b","maker"
"0.41700","2398.08153477","2024-05-27T08:07:10.674Z","b","maker"
"0.41700","5089.72461523","2024-05-27T08:07:10.674Z","b","maker"
"0.41700","86.40124000","2024-05-27T07:55:05.308Z","b","maker"
"0.41600","163.47309000","2024-05-27T07:37:38.787Z","b","maker"
"0.41500","20.63838134","2024-05-27T07:36:42.550Z","s","taker"
"0.41500","64.08006074","2024-05-27T07:35:25.777Z","s","taker"
"0.41500","22.61986840","2024-05-27T07:35:24.956Z","s","taker"
"0.41500","41.82385216","2024-05-27T07:35:24.956Z","s","taker"
"0.41600","227.27545319","2024-05-27T07:35:13.441Z","s","maker"
"0.42000","1359.99078000","2024-05-27T06:46:38.345Z","b","maker"
"0.41800","37.00676048","2024-05-27T05:28:25.448Z","s","maker"
"0.41900","177.45541156","2024-05-27T05:26:24.560Z","s","maker"
"0.41900","48.19277108","2024-05-27T05:18:53.831Z","s","maker"
"0.42200","224.04404864","2024-05-27T04:48:01.080Z","s","maker"
"0.42200","305.20992700","2024-05-27T04:01:07.752Z","b","taker"
"0.42200","47.60400000","2024-05-27T04:01:00.643Z","b","taker"
"0.42500","223.81999651","2024-05-27T03:45:23.603Z","b","maker"
"0.42400","36.60411522","2024-05-27T03:44:12.993Z","b","maker"
"0.42400","38.43908846","2024-05-27T03:44:12.993Z","b","maker"
"0.42200","225.42252632","2024-05-27T03:35:23.468Z","b","maker"
"0.42200","53.90507102","2024-05-27T03:35:23.468Z","b","maker"
"0.42200","1051.59269040","2024-05-27T03:35:23.468Z","b","maker"
"0.42100","55.65000000","2024-05-27T02:40:57.284Z","b","maker"
"0.42100","676.95132220","2024-05-27T02:40:57.284Z","b","maker"
"0.42000","46.96000000","2024-05-27T02:39:14.599Z","s","maker"
"0.41900","17.89976134","2024-05-27T02:20:26.435Z","b","taker"
"0.41900","227.04816954","2024-05-27T01:47:21.864Z","b","maker"
"0.41600","227.27545319","2024-05-27T00:30:38.160Z","s","maker"
"0.41700","38.46153846","2024-05-27T00:20:57.166Z","s","maker"
"0.41800","23.86552000","2024-05-26T23:57:47.006Z","b","maker"
"0.42000","174.45000000","2024-05-26T22:45:43.693Z","b","maker"
"0.41900","227.04816954","2024-05-26T22:16:01.718Z","b","maker"
"0.41900","264.01359982","2024-05-26T22:16:01.718Z","b","maker"
"0.41600","228.69742985","2024-05-26T22:01:19.426Z","b","maker"
"0.41600","57.38282794","2024-05-26T22:01:19.426Z","b","maker"
"0.41200","168.96227748","2024-05-26T21:33:05.185Z","s","maker"
"0.41200","31.55339806","2024-05-26T21:33:05.185Z","s","maker"
"0.41200","99.00000000","2024-05-26T21:33:05.159Z","s","maker"
"0.41300","228.92636447","2024-05-26T21:22:18.313Z","s","maker"
"0.41300","104.28805965","2024-05-26T21:22:18.313Z","s","maker"
"0.41300","1516.16222761","2024-05-26T21:22:18.313Z","s","maker"
"0.41500","48.19277108","2024-05-26T21:18:52.564Z","b","maker"
"0.41400","54.95000000","2024-05-26T21:17:40.793Z","s","maker"
"0.41400","56.45514492","2024-05-26T21:00:03.692Z","s","maker"
"0.41400","687.29590977","2024-05-26T21:00:03.692Z","s","maker"
"0.41400","50.55871142","2024-05-26T21:00:03.692Z","s","maker"
"0.41500","2409.63855422","2024-05-26T20:05:24.880Z","s","maker"
"0.41700","115.31285399","2024-05-26T19:10:43.844Z","s","maker"
"0.41700","63.72402000","2024-05-26T19:05:23.215Z","b","maker"
"0.41600","324.51923077","2024-05-26T18:31:00.993Z","b","taker"
"0.41600","61.77504496","2024-05-26T18:14:44.857Z","b","taker"
"0.41600","227.27545319","2024-05-26T18:13:29.641Z","s","maker"
"0.41600","50.24207362","2024-05-26T18:13:29.641Z","s","maker"
"0.41600","102.37569812","2024-05-26T18:13:29.641Z","s","maker"
"0.41600","1533.35336539","2024-05-26T18:13:29.641Z","s","maker"
"0.41600","57.41626794","2024-05-26T18:13:29.641Z","s","maker"
"0.41700","2398.08153477","2024-05-26T18:09:49.416Z","s","maker"
"0.41800","83.48000000","2024-05-26T18:02:46.425Z","s","maker"
"0.41900","102.40607263","2024-05-26T17:26:49.155Z","s","maker"
"0.42000","25.42765000","2024-05-26T17:26:25.829Z","b","maker"
"0.41900","18.53432000","2024-05-26T17:19:05.530Z","s","maker"
"0.42100","18.81233000","2024-05-26T16:55:09.228Z","b","maker"
"0.42100","71.10495000","2024-05-26T16:37:00.284Z","b","maker"
"0.41900","26.25298329","2024-05-26T16:19:52.342Z","b","taker"
"0.41900","306.57591376","2024-05-26T16:19:52.111Z","b","taker"
"0.41900","225.64818264","2024-05-26T16:19:46.541Z","s","maker"
"0.41900","267.88747857","2024-05-26T16:19:46.541Z","s","maker"
"0.42200","224.04404864","2024-05-26T15:47:53.451Z","s","maker"
"0.42600","264.01359982","2024-05-26T15:41:34.266Z","b","maker"
"0.42500","223.81999651","2024-05-26T15:36:52.578Z","b","maker"
"0.42400","375.17645017","2024-05-26T15:13:15.901Z","b","maker"
"0.42400","1828.18038983","2024-05-26T15:13:15.901Z","b","maker"
"0.42200","225.42252632","2024-05-26T14:47:25.299Z","b","maker"
"0.41900","26.92905200","2024-05-26T14:28:33.047Z","b","maker"
"0.41900","225.64818264","2024-05-26T14:28:30.259Z","s","maker"
"0.41900","267.88747857","2024-05-26T14:28:30.259Z","s","maker"
"0.42000","230.00462000","2024-05-26T13:41:59.715Z","b","maker"
"0.42100","43.22798533","2024-05-26T13:35:37.187Z","s","maker"
"0.42200","459.86331000","2024-05-26T13:28:43.178Z","b","maker"
"0.42200","152.22345863","2024-05-26T13:12:07.362Z","s","maker"
"0.42200","71.82059000","2024-05-26T12:15:26.097Z","s","maker"
"0.42500","65.84315293","2024-05-26T12:01:57.449Z","b","maker"
"0.42500","65.88235294","2024-05-26T11:49:30.877Z","s","maker"
"0.42700","42.75765117","2024-05-26T11:31:57.848Z","b","maker"
"0.42600","264.01359982","2024-05-26T11:09:30.606Z","b","maker"
"0.42500","223.81999651","2024-05-26T11:03:14.257Z","b","maker"
"0.42400","11.00000000","2024-05-26T11:02:09.734Z","s","maker"
"0.42200","225.42252632","2024-05-26T10:43:50.805Z","b","maker"
"0.41800","2392.34449760","2024-05-26T09:41:21.224Z","b","maker"
"0.41800","145.65550240","2024-05-26T09:41:21.224Z","b","maker"
"0.41800","2392.34449760","2024-05-26T09:40:21.521Z","s","maker"
"0.41800","2392.34449760","2024-05-26T09:40:21.521Z","s","maker"
"0.41800","376.74716497","2024-05-26T09:40:21.521Z","s","maker"
"0.41800","3588.51674641","2024-05-26T09:40:21.521Z","s","maker"
"0.41900","225.64818264","2024-05-26T09:31:12.744Z","s","maker"
"0.41900","267.88747857","2024-05-26T09:31:12.744Z","s","maker"
"0.41900","980.42134834","2024-05-26T09:31:12.744Z","s","maker"
"0.42400","481.12726291","2024-05-26T08:01:20.352Z","b","maker"
"0.42400","55.91108594","2024-05-26T07:32:42.977Z","b","maker"
"0.42100","55.94405594","2024-05-26T05:50:50.907Z","s","maker"
"0.42000","111.88811187","2024-05-26T05:50:50.907Z","s","maker"
"0.42300","47.64408019","2024-05-26T05:36:11.658Z","b","taker"
"0.42000","892.57142858","2024-05-26T05:19:37.510Z","s","maker"
"0.42000","2380.95238096","2024-05-26T05:19:37.510Z","s","maker"
"0.42000","11.00000000","2024-05-26T04:46:30.072Z","s","maker"
"0.42200","224.04404864","2024-05-26T04:27:13.044Z","s","taker"
"0.42200","891.18057719","2024-05-26T04:27:13.044Z","s","taker"
"0.42500","223.81999650","2024-05-26T03:49:40.296Z","b","taker"
"0.42500","514.96311972","2024-05-26T03:49:40.296Z","b","taker"
"0.42300","53.83234862","2024-05-26T03:46:35.078Z","b","maker"
"0.42200","17.51995000","2024-05-26T03:17:32.553Z","b","maker"
"0.42200","64.08006074","2024-05-26T03:04:47.279Z","b","taker"
"0.42300","141.84397164","2024-05-26T03:02:53.837Z","b","maker"
"0.42300","64.44372056","2024-05-26T03:02:52.490Z","b","taker"
"0.42100","712.50000000","2024-05-26T03:00:01.181Z","s","taker"
"0.42200","229.48315078","2024-05-26T02:53:05.634Z","b","maker"
"0.42100","43.54663910","2024-05-26T02:22:15.144Z","s","maker"
"0.42100","56.43952494","2024-05-26T02:22:15.144Z","s","maker"
"0.42100","687.10595226","2024-05-26T02:22:15.144Z","s","maker"
"0.42100","63.74567443","2024-05-26T02:22:15.144Z","s","maker"
"0.42200","11.00000000","2024-05-26T02:19:02.854Z","s","maker"
"0.42200","224.04404864","2024-05-26T02:19:02.854Z","s","maker"
"0.42200","118.48341232","2024-05-26T02:19:02.854Z","s","maker"
"0.42200","2369.66824645","2024-05-26T02:19:02.854Z","s","maker"
"0.42200","53.86416862","2024-05-26T02:19:02.854Z","s","maker"
"0.42300","43.54663910","2024-05-26T02:11:22.018Z","s","maker"
"0.42300","52.17723081","2024-05-26T02:11:22.018Z","s","maker"
"0.42300","1117.02127660","2024-05-26T02:11:22.018Z","s","maker"
"0.42500","222.46256124","2024-05-26T02:08:18.536Z","s","maker"
"0.42500","541.17647059","2024-05-26T02:08:18.536Z","s","maker"
"0.42500","43.54663910","2024-05-26T02:08:18.536Z","s","maker"
"0.42500","267.82535322","2024-05-26T02:08:18.536Z","s","maker"
"0.42500","2352.94117648","2024-05-26T02:08:18.536Z","s","maker"
"0.42600","99.97251272","2024-05-26T02:07:40.683Z","s","maker"
"0.42600","43.56033325","2024-05-26T02:07:40.683Z","s","maker"
"0.42800","114.53842400","2024-05-26T02:03:02.247Z","b","maker"
"0.42900","3499.00947288","2024-05-25T23:36:18.889Z","s","maker"
"0.42800","3506.87910873","2024-05-25T21:46:07.513Z","s","maker"
"0.42800","3507.45768287","2024-05-25T21:31:13.022Z","s","maker"
"0.42800","3507.62692940","2024-05-25T21:06:22.072Z","s","maker"
"0.42800","676.34141357","2024-05-25T20:22:21.947Z","s","maker"
"0.42700","1352.68282713","2024-05-25T20:22:21.947Z","s","maker"
"0.42800","220.90324422","2024-05-25T20:06:06.261Z","s","maker"
"0.42800","141.41559578","2024-05-25T20:06:06.261Z","s","maker"
"0.43000","115.45138887","2024-05-25T19:58:28.116Z","b","maker"
"0.43000","117.31318895","2024-05-25T19:58:25.859Z","b","maker"
"0.42900","300.60667526","2024-05-25T19:41:06.591Z","b","taker"
"0.42900","2325.58139535","2024-05-25T19:41:01.098Z","b","maker"
"0.43200","13.70751000","2024-05-25T15:44:29.758Z","s","maker"
"0.43200","2314.81481481","2024-05-25T15:32:42.003Z","b","maker"
"0.43100","628.47878269","2024-05-25T15:29:10.875Z","s","maker"
"0.43100","628.47878269","2024-05-25T15:29:10.839Z","s","maker"
"0.43100","628.47878269","2024-05-25T15:29:10.818Z","s","maker"
"0.43100","628.47878269","2024-05-25T15:29:10.812Z","s","maker"
"0.43100","628.47878269","2024-05-25T15:29:10.798Z","s","maker"
"0.43100","628.47878269","2024-05-25T15:29:10.785Z","s","maker"
"0.43100","628.47878269","2024-05-25T15:29:10.772Z","s","maker"
"0.43100","628.47878269","2024-05-25T15:29:10.761Z","s","maker"
"0.43200","2314.81481481","2024-05-25T15:25:41.259Z","s","maker"
"0.43200","2314.81481481","2024-05-25T15:25:41.259Z","s","maker"
"0.43300","217.30365000","2024-05-25T15:05:52.573Z","b","maker"
"0.43100","220.68233300","2024-05-25T14:49:10.568Z","b","maker"
"0.42800","52.05356000","2024-05-25T14:40:05.400Z","b","maker"
"0.43000","58.35170000","2024-05-25T14:22:35.036Z","b","maker"
"0.42700","20.60836699","2024-05-25T13:42:32.332Z","s","maker"
"0.42700","2341.92037471","2024-05-25T13:37:16.518Z","s","maker"
"0.42800","185.20681388","2024-05-25T13:36:22.170Z","s","maker"
"0.42800","686.92211485","2024-05-25T13:36:22.170Z","s","maker"
"0.42800","56.42441588","2024-05-25T13:36:22.170Z","s","maker"
"0.42800","35.69643034","2024-05-25T13:36:14.074Z","s","taker"
"0.43000","57.33323400","2024-05-25T13:33:04.072Z","b","maker"
"0.43100","2320.18561484","2024-05-25T12:40:58.175Z","b","maker"
"0.42900","116.55011655","2024-05-25T12:35:58.915Z","s","maker"
"0.42900","94.92200345","2024-05-25T12:35:58.915Z","s","maker"
"0.43100","179.11965463","2024-05-25T12:03:36.800Z","s","maker"
"0.43100","40.24598000","2024-05-25T11:47:10.025Z","s","maker"
"0.43600","116.41025642","2024-05-25T11:15:54.429Z","b","maker"
"0.43500","55.65000000","2024-05-25T11:15:53.417Z","b","maker"
"0.43500","676.95132220","2024-05-25T11:15:53.417Z","b","maker"
"0.43400","219.14626109","2024-05-25T11:15:53.399Z","b","maker"
"0.43100","3.49477000","2024-05-25T10:42:38.689Z","s","maker"
"0.43100","220.68233300","2024-05-25T10:31:26.768Z","b","maker"
"0.42900","52.61298050","2024-05-25T09:54:16.178Z","b","maker"
"0.42700","23.41920375","2024-05-25T09:23:51.239Z","s","maker"
"0.42800","50.25957000","2024-05-25T09:06:16.100Z","s","maker"
"0.42800","32.99416000","2024-05-25T09:00:45.515Z","b","maker"
"0.42800","440.47368421","2024-05-25T08:02:45.584Z","s","taker"
"0.42800","220.90324422","2024-05-25T06:55:49.136Z","s","maker"
"0.42800","56.42441588","2024-05-25T06:55:49.136Z","s","maker"
"0.42800","686.92211485","2024-05-25T06:55:49.136Z","s","maker"
"0.43100","672.85382830","2024-05-25T05:21:30.172Z","s","taker"
"0.42900","13.29087829","2024-05-25T05:00:26.348Z","s","maker"
"0.42900","6136.22417672","2024-05-25T04:58:03.684Z","s","maker"
"0.42900","89.42493625","2024-05-25T04:45:54.257Z","s","maker"
"0.42900","116.55011655","2024-05-25T04:45:54.257Z","s","maker"
"0.43100","219.36563463","2024-05-25T04:39:14.588Z","s","maker"
"0.43100","267.76491118","2024-05-25T04:39:14.588Z","s","maker"
"0.43400","32.08755761","2024-05-25T04:19:24.835Z","b","maker"
"0.43300","63.71678536","2024-05-25T04:17:46.013Z","s","maker"
"0.43300","101.96481894","2024-05-25T04:17:46.013Z","s","maker"
"0.43400","217.84928232","2024-05-25T04:17:32.967Z","s","maker"
"0.43700","216.35374949","2024-05-25T04:16:21.257Z","s","maker"
"0.43900","243.31538000","2024-05-25T04:07:24.488Z","b","maker"
"0.44000","1704.54545454","2024-05-25T04:03:50.074Z","b","maker"
"0.44000","115.08364800","2024-05-25T04:00:07.329Z","s","maker"
"0.44000","5478.18564592","2024-05-25T03:46:09.669Z","b","maker"
"0.44000","42.65492742","2024-05-25T03:46:09.574Z","b","maker"
"0.44000","216.35374949","2024-05-25T03:46:09.574Z","b","maker"
"0.44000","20000.00000000","2024-05-25T03:46:09.574Z","b","maker"
"0.43900","10.00000000","2024-05-25T03:45:14.247Z","s","maker"
"0.44000","20.30000000","2024-05-25T03:43:13.599Z","b","maker"
"0.43900","510.31401413","2024-05-25T03:40:44.712Z","b","maker"
"0.43900","415.45499741","2024-05-25T03:40:44.712Z","b","maker"
"0.43800","359.54409808","2024-05-25T03:22:09.361Z","s","taker"
"0.43800","2283.10502283","2024-05-25T03:22:09.361Z","s","taker"
"0.43800","2283.10502283","2024-05-25T03:22:09.361Z","s","taker"
"0.43800","5478.18564594","2024-05-25T03:22:09.361Z","s","taker"
"0.43800","99.77255966","2024-05-25T03:21:59.985Z","b","maker"
"0.43800","264.01359982","2024-05-25T03:21:59.985Z","b","maker"
"0.43700","217.84928232","2024-05-25T03:21:08.065Z","b","maker"
"0.43700","158.75587244","2024-05-25T03:21:08.065Z","b","maker"
"0.43700","323.24079537","2024-05-25T03:21:08.065Z","b","maker"
"0.43700","44.68969999","2024-05-25T03:21:08.065Z","b","maker"
"0.43700","164.23848296","2024-05-25T03:21:08.065Z","b","maker"
"0.43600","116.38694639","2024-05-25T03:19:55.422Z","b","maker"
"0.43400","219.14626109","2024-05-25T02:30:40.832Z","b","maker"
"0.43300","243.33325092","2024-05-25T02:28:17.682Z","b","maker"
"0.43000","48.60138265","2024-05-25T02:09:06.130Z","s","taker"
"0.43000","211.16174334","2024-05-25T02:08:51.877Z","s","taker"
"0.43100","219.36563463","2024-05-25T02:08:25.199Z","s","maker"
"0.43200","269.18402777","2024-05-25T02:05:50.691Z","s","maker"
"0.43500","676.95132220","2024-05-25T01:49:53.125Z","b","maker"
"0.43500","55.65000000","2024-05-25T01:49:53.125Z","b","maker"
"0.43500","144.92753624","2024-05-25T01:49:53.125Z","b","maker"
"0.43400","219.14626109","2024-05-25T01:49:07.859Z","b","maker"
"0.43400","62.95492741","2024-05-25T01:49:07.859Z","b","maker"
"0.43300","19491.43747291","2024-05-25T01:26:55.370Z","b","maker"
"0.43200","264.01359982","2024-05-25T01:20:21.531Z","b","maker"
"0.43100","220.68233300","2024-05-25T01:20:13.235Z","b","maker"
"0.43100","977.97029822","2024-05-25T01:20:13.235Z","b","maker"
"0.43100","43.07283788","2024-05-25T01:20:13.235Z","b","maker"
"0.43000","11000.38377005","2024-05-25T01:16:03.930Z","b","maker"
"0.42900","2325.58139535","2024-05-25T01:08:41.440Z","b","maker"
"0.42900","118.34123222","2024-05-25T01:04:18.189Z","b","maker"
"0.42900","43.07283788","2024-05-25T01:04:18.189Z","b","maker"
"0.42900","3021.69999514","2024-05-25T01:04:18.189Z","b","maker"
"0.42800","628.42809279","2024-05-25T00:49:51.179Z","b","maker"
"0.42800","62.95492742","2024-05-25T00:49:51.179Z","b","maker"
"0.42800","196.47896654","2024-05-25T00:11:54.517Z","b","taker"
"0.42800","55.65000000","2024-05-25T00:11:54.517Z","b","taker"
"0.42800","48.52322941","2024-05-25T00:11:54.517Z","b","taker"
"0.42800","25.76112412","2024-05-25T00:11:53.992Z","b","taker"
"0.42700","102.11976063","2024-05-25T00:11:48.569Z","b","maker"
"0.42700","43.07283788","2024-05-25T00:11:48.569Z","b","maker"
"0.42600","94.38000000","2024-05-24T22:26:35.636Z","b","maker"
"0.42600","1176.47058823","2024-05-24T21:56:43.485Z","b","maker"
"0.42600","264.01359982","2024-05-24T21:37:12.932Z","b","maker"
"0.42600","328.46756375","2024-05-24T21:37:12.932Z","b","maker"
"0.42600","44.68969999","2024-05-24T21:37:12.932Z","b","maker"
"0.42500","223.81999651","2024-05-24T21:37:12.546Z","b","maker"
"0.42400","11.00000000","2024-05-24T21:01:28.590Z","b","maker"
"0.42400","27.20347483","2024-05-24T20:56:06.558Z","b","taker"
"0.42300","50.00000000","2024-05-24T20:55:43.845Z","s","taker"
"0.42400","11.00000000","2024-05-24T20:53:58.097Z","s","maker"
"0.42400","11.00000000","2024-05-24T20:36:50.319Z","b","maker"
"0.42200","224.04404864","2024-05-24T20:31:12.564Z","s","maker"
"0.42200","15.07599136","2024-05-24T20:31:12.564Z","s","maker"
"0.42400","11.00000000","2024-05-24T20:17:02.032Z","b","maker"
"0.42500","11.00000000","2024-05-24T20:16:18.635Z","s","maker"
"0.42400","374.64093008","2024-05-24T20:13:01.263Z","b","maker"
"0.42500","223.81999651","2024-05-24T20:13:01.263Z","b","maker"
"0.42500","49.69542396","2024-05-24T20:13:01.263Z","b","maker"
"0.42500","308.00000000","2024-05-24T20:13:01.263Z","b","maker"
"0.42500","1383.60913113","2024-05-24T20:13:01.263Z","b","maker"
"0.42500","308.00000000","2024-05-24T20:13:01.263Z","b","maker"
"0.42200","5264.09733117","2024-05-24T20:12:59.218Z","b","maker"
"0.42300","23.43143000","2024-05-24T20:11:31.617Z","b","maker"
"0.42200","225.64818264","2024-05-24T20:09:19.216Z","b","maker"
"0.42200","44.00000000","2024-05-24T20:09:19.216Z","b","maker"
"0.42100","11.00000000","2024-05-24T20:06:12.767Z","b","maker"
"0.42200","1.68015000","2024-05-24T18:26:36.938Z","b","maker"
"0.42200","225.42252632","2024-05-24T18:18:59.985Z","b","maker"
"0.42200","50.00861664","2024-05-24T18:18:59.985Z","b","maker"
"0.42100","374.06250584","2024-05-24T18:05:40.995Z","s","maker"
"0.42100","6136.22417672","2024-05-24T18:05:40.978Z","s","maker"
"0.42100","2375.29691211","2024-05-24T18:05:40.978Z","s","maker"
"0.42100","5289.20891117","2024-05-24T18:05:40.978Z","s","maker"
"0.42000","47.51069000","2024-05-24T18:00:05.117Z","s","maker"
"0.42000","28.91593664","2024-05-24T17:40:59.297Z","b","maker"
"0.41900","227.04816954","2024-05-24T17:34:52.173Z","b","maker"
"0.41500","43.23654165","2024-05-24T17:15:51.690Z","s","maker"
"0.41500","714.13085835","2024-05-24T17:15:51.690Z","s","maker"
"0.41800","6136.22417672","2024-05-24T16:37:14.577Z","b","taker"
"0.41800","118.73600659","2024-05-24T16:37:14.577Z","b","taker"
"0.41800","4148.97960637","2024-05-24T16:37:14.577Z","b","taker"
"0.41700","171.86642391","2024-05-24T16:33:57.487Z","s","taker"
"0.41600","178.00300175","2024-05-24T16:21:12.328Z","s","maker"
"0.41600","46.72582098","2024-05-24T16:21:12.328Z","s","maker"
"0.41700","24.03846153","2024-05-24T16:20:15.003Z","b","taker"
"0.41700","606.00030829","2024-05-24T16:20:14.548Z","b","taker"
"0.41700","26.44230769","2024-05-24T16:20:13.617Z","b","taker"
"0.41600","49.27245144","2024-05-24T16:20:07.415Z","s","taker"
"0.42100","712.50000000","2024-05-24T15:54:58.514Z","b","taker"
"0.41900","229.33000000","2024-05-24T15:54:21.196Z","s","maker"
"0.42000","243.91000000","2024-05-24T15:52:10.049Z","b","maker"
"0.41900","225.64818264","2024-05-24T15:38:12.370Z","s","maker"
"0.42100","63.05906647","2024-05-24T15:29:46.017Z","s","taker"
"0.42200","224.04404864","2024-05-24T15:29:37.762Z","s","maker"
"0.42300","175.90803000","2024-05-24T15:27:49.960Z","b","maker"
"0.42400","9.92479000","2024-05-24T15:19:08.703Z","s","maker"
"0.42500","50.00000000","2024-05-24T15:08:35.741Z","b","maker"
"0.42400","117.92452830","2024-05-24T14:51:14.421Z","s","maker"
"0.42400","371.41583717","2024-05-24T14:51:14.421Z","s","maker"
"0.42500","223.81999651","2024-05-24T14:43:37.628Z","b","maker"
"0.42500","7365.57650120","2024-05-24T14:43:37.628Z","b","maker"
"0.42200","225.42252632","2024-05-24T14:25:02.124Z","b","maker"
"0.42200","46.21742926","2024-05-24T14:25:02.124Z","b","maker"
"0.42100","149.28101000","2024-05-24T13:46:13.317Z","b","maker"
"0.42100","31.92037470","2024-05-24T13:04:34.716Z","b","maker"
"0.42000","50.63480000","2024-05-24T13:03:22.300Z","s","maker"
"0.42100","486.25591502","2024-05-24T12:11:48.880Z","b","maker"
"0.42100","62.95492742","2024-05-24T12:11:48.880Z","b","maker"
"0.42100","42.76611439","2024-05-24T12:11:48.880Z","b","maker"
"0.42100","55.65000000","2024-05-24T12:08:13.525Z","b","taker"
"0.42100","190.69540718","2024-05-24T12:08:13.525Z","b","taker"
"0.42000","6136.22417672","2024-05-24T11:56:28.108Z","s","maker"
"0.42000","1004.33714450","2024-05-24T11:54:13.723Z","b","maker"
"0.42000","98.70395153","2024-05-24T11:54:13.723Z","b","maker"
"0.41900","227.04816953","2024-05-24T11:39:09.093Z","b","maker"
"0.41900","264.01359982","2024-05-24T11:39:09.093Z","b","maker"
"0.41600","390.01560062","2024-05-24T11:29:48.443Z","s","taker"
"0.41800","3588.51674641","2024-05-24T11:21:13.154Z","s","maker"
"0.41700","5.88300644","2024-05-24T11:21:13.154Z","s","maker"
"0.41700","2502.68050204","2024-05-24T11:21:13.092Z","b","maker"
"0.41800","1383.60913113","2024-05-24T11:21:13.092Z","b","maker"
"0.41800","4519.49036683","2024-05-24T11:21:13.092Z","b","maker"
"0.41700","3597.12230215","2024-05-24T11:21:13.091Z","b","maker"
"0.41700","3602.07976236","2024-05-24T11:21:13.091Z","b","maker"
"0.41700","1098.39793549","2024-05-24T11:21:13.091Z","b","maker"
"0.41700","104.63502566","2024-05-24T10:44:43.770Z","b","maker"
"0.41600","30.27777778","2024-05-24T10:34:31.425Z","s","taker"
"0.41600","228.69742985","2024-05-24T10:29:39.329Z","b","maker"
"0.41400","62.95492742","2024-05-24T09:39:21.264Z","b","maker"
"0.41400","676.95132220","2024-05-24T09:39:21.264Z","b","maker"
"0.41400","55.65000000","2024-05-24T09:39:21.264Z","b","maker"
"0.41300","230.37082567","2024-05-24T09:37:02.527Z","b","maker"
"0.41300","264.01359982","2024-05-24T09:37:02.527Z","b","maker"
"0.40900","184.29019000","2024-05-24T09:23:04.768Z","s","maker"
"0.41000","232.06889072","2024-05-24T09:19:25.544Z","b","maker"
"0.40700","233.79217457","2024-05-24T08:42:01.187Z","b","maker"
"0.40300","570.71960298","2024-05-24T07:05:35.390Z","s","maker"
"0.40300","2481.38957817","2024-05-24T07:05:35.390Z","s","maker"
"0.40400","234.02620922","2024-05-24T07:00:03.039Z","s","maker"
"0.40700","237.39154000","2024-05-24T06:33:38.190Z","b","maker"
"0.40600","268.02841558","2024-05-24T06:27:38.764Z","s","maker"
"0.40600","104.89726704","2024-05-24T06:27:38.764Z","s","maker"
"0.40700","232.30120031","2024-05-24T06:25:25.677Z","s","maker"
"0.40700","2457.00245701","2024-05-24T06:25:25.677Z","s","maker"
"0.40700","56.47125307","2024-05-24T06:25:25.677Z","s","maker"
"0.40700","687.49245059","2024-05-24T06:25:25.677Z","s","maker"
"0.40700","63.78152322","2024-05-24T06:25:25.677Z","s","maker"
"0.40800","1006.85427685","2024-05-24T06:22:15.036Z","s","maker"
"0.41000","230.60143543","2024-05-24T05:55:29.598Z","s","maker"
"0.41300","230.37082568","2024-05-24T05:48:12.772Z","b","taker"
"0.41300","640.08922518","2024-05-24T05:48:12.772Z","b","taker"
"0.41000","230.60143543","2024-05-24T05:41:00.433Z","s","maker"
"0.41000","46.72582098","2024-05-24T05:41:00.433Z","s","maker"
"0.41200","267.96227748","2024-05-24T05:34:25.781Z","s","maker"
"0.41300","228.92636447","2024-05-24T05:21:02.241Z","s","maker"
"0.41400","56.45514492","2024-05-24T05:16:04.940Z","s","maker"
"0.41400","687.29590977","2024-05-24T05:16:04.940Z","s","maker"
"0.41400","63.61123071","2024-05-24T05:16:04.940Z","s","maker"
"0.41600","227.27545319","2024-05-24T05:04:22.376Z","s","maker"
"0.41900","24.87562189","2024-05-24T04:31:05.218Z","s","taker"
"0.42100","55.65000000","2024-05-24T04:24:46.337Z","b","maker"
"0.42100","676.95132220","2024-05-24T04:24:46.337Z","b","maker"
"0.42100","62.95492742","2024-05-24T04:24:46.337Z","b","maker"
"0.42000","1004.33714449","2024-05-24T04:24:02.853Z","b","maker"
"0.41900","37.04434384","2024-05-24T04:23:21.940Z","s","taker"
"0.41900","37.44476785","2024-05-24T04:23:21.351Z","s","taker"
"0.41900","134.31418426","2024-05-24T04:21:22.263Z","s","taker"
"0.41900","227.04816953","2024-05-24T04:21:15.124Z","b","maker"
"0.41900","264.01359982","2024-05-24T04:21:15.124Z","b","maker"
"0.41800","417.94566738","2024-05-24T04:16:24.070Z","b","maker"
"0.41800","46.21742926","2024-05-24T04:16:24.070Z","b","maker"
"0.41800","2073.83690336","2024-05-24T04:16:24.070Z","b","maker"
"0.41700","104.63502566","2024-05-24T04:16:05.814Z","b","maker"
"0.41600","228.69742985","2024-05-24T04:14:55.473Z","b","maker"
"0.41400","676.95132220","2024-05-24T03:46:13.656Z","b","maker"
"0.41400","55.65000000","2024-05-24T03:46:13.656Z","b","maker"
"0.41400","62.95492742","2024-05-24T03:46:13.656Z","b","maker"
"0.41300","58.39697579","2024-05-24T03:36:58.384Z","b","maker"
"0.41300","264.01359982","2024-05-24T03:36:58.384Z","b","maker"
"0.41200","1400.87472000","2024-05-24T03:09:13.356Z","b","maker"
"0.41100","2427.18446602","2024-05-24T01:20:27.157Z","b","maker"
"0.41300","171.97384988","2024-05-24T00:53:11.910Z","b","taker"
"0.41100","243.30900243","2024-05-24T00:50:23.767Z","s","maker"
"0.41100","169.90291262","2024-05-24T00:48:36.250Z","s","maker"
"0.41200","786.19320388","2024-05-24T00:39:21.988Z","b","taker"
"0.41000","30.91043000","2024-05-24T00:28:42.026Z","s","maker"
"0.41100","24.39024390","2024-05-24T00:26:50.629Z","b","taker"
"0.41100","26.82926829","2024-05-24T00:26:50.195Z","b","taker"
"0.41100","606.41334014","2024-05-24T00:26:50.135Z","b","taker"
"0.41100","57.26097000","2024-05-24T00:26:48.482Z","b","maker"
"0.41000","232.06889072","2024-05-24T00:26:44.370Z","b","maker"
"0.40500","100.00000000","2024-05-23T23:09:19.548Z","s","maker"
"0.40500","369.88550000","2024-05-23T23:06:18.437Z","s","maker"
"0.40700","2450.98039216","2024-05-23T22:10:11.701Z","b","maker"
"0.40800","62.95492742","2024-05-23T21:59:53.559Z","b","maker"
"0.40800","1032.16512583","2024-05-23T21:59:53.559Z","b","maker"
"0.40700","233.79217457","2024-05-23T21:55:21.232Z","b","maker"
"0.40700","676.95132220","2024-05-23T21:55:21.232Z","b","maker"
"0.40700","264.01359982","2024-05-23T21:55:21.232Z","b","maker"
"0.40700","55.65000000","2024-05-23T21:55:21.232Z","b","maker"
"0.40700","107.27732429","2024-05-23T21:55:21.232Z","b","maker"
"0.40600","51.21484800","2024-05-23T21:36:51.223Z","b","maker"
"0.40400","108.81207000","2024-05-23T21:36:22.480Z","s","maker"
"0.40400","235.54124320","2024-05-23T21:33:23.305Z","b","maker"
"0.40200","48.18522000","2024-05-23T21:29:13.852Z","b","maker"
"0.40000","6136.22417672","2024-05-23T21:16:58.355Z","b","maker"
"0.40000","2500.00000000","2024-05-23T21:16:58.355Z","b","maker"
"0.40000","786.57582328","2024-05-23T21:16:58.355Z","b","maker"
"0.40100","235.77702874","2024-05-23T21:16:23.562Z","s","maker"
"0.40300","493.82716049","2024-05-23T21:15:07.775Z","b","maker"
"0.40600","10.30348000","2024-05-23T21:12:09.873Z","s","maker"
"0.40500","56.67280927","2024-05-23T21:10:25.487Z","b","maker"
"0.40400","235.54124321","2024-05-23T21:06:03.585Z","b","maker"
"0.40300","51.68543303","2024-05-23T21:03:41.823Z","b","maker"
"0.40200","62.95492742","2024-05-23T21:03:13.397Z","b","maker"
"0.40100","237.31667971","2024-05-23T21:02:27.065Z","b","maker"
"0.40100","264.01359982","2024-05-23T21:02:27.065Z","b","maker"
"0.40100","51.68543303","2024-05-23T21:02:27.065Z","b","maker"
"0.40100","395.33152996","2024-05-23T21:02:27.065Z","b","maker"
"0.40000","25.24871516","2024-05-23T21:02:27.025Z","s","maker"
"0.40000","676.95132220","2024-05-23T21:02:16.537Z","b","maker"
"0.40000","55.65000000","2024-05-23T21:02:16.537Z","b","maker"
"0.39900","238.51524880","2024-05-23T21:02:13.796Z","b","maker"
"0.39800","1058.83605931","2024-05-23T20:50:19.362Z","b","maker"
"0.39700","239.72598610","2024-05-23T20:35:58.992Z","b","maker"
"0.39600","110.05652958","2024-05-23T20:28:54.316Z","b","maker"
"0.39600","264.01359982","2024-05-23T20:28:54.316Z","b","maker"
"0.39600","62.95492742","2024-05-23T20:28:54.316Z","b","maker"
"0.39500","101.27670000","2024-05-23T20:28:44.515Z","s","maker"
"0.39500","240.94907787","2024-05-23T20:27:41.468Z","b","maker"
"0.39400","676.95132220","2024-05-23T20:18:08.776Z","b","maker"
"0.39400","55.65000000","2024-05-23T20:18:08.776Z","b","maker"
"0.39300","242.18471417","2024-05-23T20:17:20.930Z","b","maker"
"0.39100","243.43308898","2024-05-23T20:17:03.868Z","b","maker"
"0.38900","244.69440032","2024-05-23T20:15:53.714Z","s","maker"
"0.38900","245.96885033","2024-05-23T20:15:39.385Z","s","maker"
"0.38700","5027.00000000","2024-05-23T20:09:32.816Z","s","maker"
"0.38700","25.24871516","2024-05-23T20:08:36.197Z","s","maker"
"0.38700","85.47266271","2024-05-23T20:07:46.099Z","b","taker"
"0.38800","405.87710041","2024-05-23T20:03:13.235Z","s","maker"
"0.38800","405.87710041","2024-05-23T20:01:54.080Z","s","maker"
"0.38900","62.80884637","2024-05-23T20:01:40.909Z","s","taker"
"0.38900","1304.90807799","2024-05-23T20:00:49.175Z","b","maker"
"0.38900","308.00000000","2024-05-23T20:00:49.138Z","s","maker"
"0.38900","308.00000000","2024-05-23T20:00:49.018Z","s","maker"
"0.38700","308.00000000","2024-05-23T20:00:47.015Z","s","maker"
"0.38600","78.60729925","2024-05-23T20:00:47.015Z","s","maker"
"0.38700","953.78538571","2024-05-23T20:00:45.805Z","b","maker"
"0.38600","282.06838506","2024-05-23T20:00:45.761Z","b","maker"
"0.38500","307.99999998","2024-05-23T20:00:42.029Z","s","maker"
"0.38500","307.99999998","2024-05-23T20:00:41.996Z","s","maker"
"0.38400","120.32608427","2024-05-23T20:00:41.503Z","s","maker"
"0.38400","68.45833545","2024-05-23T20:00:41.503Z","s","maker"
"0.38300","119.21558026","2024-05-23T20:00:41.503Z","s","maker"
"0.38500","307.99999998","2024-05-23T20:00:41.487Z","s","maker"
"0.38600","304.91999997","2024-05-23T20:00:38.582Z","b","maker"
"0.38600","3.08000002","2024-05-23T20:00:38.551Z","s","maker"
"0.38600","304.91999998","2024-05-23T20:00:38.549Z","s","maker"
"0.38600","396.14989481","2024-05-23T20:00:38.194Z","b","maker"
"0.38500","308.00000000","2024-05-23T20:00:37.354Z","s","maker"
"0.38400","125.88899002","2024-05-23T20:00:37.354Z","s","maker"
"0.38600","244.93934851","2024-05-23T20:00:37.343Z","s","maker"
"0.38600","110.33235860","2024-05-23T20:00:37.343Z","s","maker"
"0.38600","83.00000000","2024-05-23T20:00:37.343Z","s","maker"
"0.38700","406.92587845","2024-05-23T20:00:35.469Z","s","maker"
"0.38700","687.81752182","2024-05-23T20:00:35.452Z","s","maker"
"0.38700","56.52062015","2024-05-23T20:00:35.452Z","s","maker"
"0.38700","1061.48978024","2024-05-23T20:00:35.452Z","s","maker"
"0.38700","64.39853881","2024-05-23T20:00:35.452Z","s","maker"
"0.38800","1012.00000000","2024-05-23T20:00:32.951Z","b","maker"
"0.38800","2577.31958762","2024-05-23T20:00:32.920Z","b","maker"
"0.38800","139.68041238","2024-05-23T20:00:32.920Z","b","maker"
"0.38800","243.67677455","2024-05-23T20:00:32.654Z","s","maker"
"0.38800","308.00000000","2024-05-23T20:00:32.654Z","s","maker"
"0.38800","308.00000000","2024-05-23T20:00:32.654Z","s","maker"
"0.38900","268.22695508","2024-05-23T20:00:32.641Z","s","maker"
"0.38900","63.66960496","2024-05-23T20:00:32.641Z","s","maker"
"0.38900","2241.66287654","2024-05-23T20:00:32.641Z","s","maker"
"0.38900","329.03121087","2024-05-23T20:00:32.641Z","s","maker"
"0.39000","242.42715007","2024-05-23T20:00:31.186Z","s","maker"
"0.39000","1997.30032653","2024-05-23T20:00:31.186Z","s","maker"
"0.39100","64.39853881","2024-05-23T20:00:29.364Z","s","maker"
"0.39100","2973.21531330","2024-05-23T20:00:29.364Z","s","maker"
"0.39200","241.19027685","2024-05-23T20:00:26.327Z","s","maker"
"0.39300","56.50529262","2024-05-23T20:00:25.026Z","s","maker"
"0.39300","687.90658748","2024-05-23T20:00:25.026Z","s","maker"
"0.39400","239.96596072","2024-05-23T20:00:22.790Z","s","maker"
"0.39600","238.75401143","2024-05-23T20:00:15.860Z","s","maker"
"0.39800","243.34749000","2024-05-23T19:48:27.746Z","b","maker"
"0.39800","362.81407035","2024-05-23T19:45:13.174Z","s","maker"
"0.40000","55.65000000","2024-05-23T18:51:37.619Z","b","maker"
"0.40000","676.95132220","2024-05-23T18:51:37.619Z","b","maker"
"0.39900","238.51524881","2024-05-23T18:51:03.346Z","b","maker"
"0.39700","239.72598610","2024-05-23T18:39:21.548Z","b","maker"
"0.39500","64.91509000","2024-05-23T18:30:29.995Z","s","maker"
"0.39500","240.94907787","2024-05-23T18:26:03.485Z","b","maker"
"0.39300","56.50529262","2024-05-23T18:23:31.176Z","s","maker"
"0.39300","687.63096407","2024-05-23T18:23:31.176Z","s","maker"
"0.39200","241.19027685","2024-05-23T18:23:31.176Z","s","taker"
"0.39200","1349.35707198","2024-05-23T18:23:31.176Z","s","taker"
"0.39600","6136.22417672","2024-05-23T18:14:52.842Z","s","maker"
"0.39400","239.96596072","2024-05-23T18:11:02.534Z","s","maker"
"0.39400","268.16678560","2024-05-23T18:11:02.534Z","s","maker"
"0.39600","73.93653000","2024-05-23T18:07:17.448Z","b","maker"
"0.39500","63.65490100","2024-05-23T18:06:36.286Z","s","maker"
"0.39500","64.39853880","2024-05-23T18:06:36.286Z","s","maker"
"0.39600","238.75401143","2024-05-23T18:05:38.637Z","s","maker"
"0.39600","107.54618793","2024-05-23T18:05:38.637Z","s","maker"
"0.39600","2525.25252526","2024-05-23T18:05:38.637Z","s","maker"
"0.39700","1034.75200240","2024-05-23T18:05:21.514Z","s","maker"
"0.39800","237.55424253","2024-05-23T17:58:24.265Z","s","maker"
"0.39800","212.60086222","2024-05-23T17:58:24.265Z","s","maker"
"0.40000","17.11048000","2024-05-23T17:32:10.206Z","s","maker"
"0.40000","687.42037033","2024-05-23T16:48:37.417Z","s","maker"
"0.40000","268.09658781","2024-05-23T16:48:37.417Z","s","maker"
"0.40000","56.48797500","2024-05-23T16:48:37.417Z","s","maker"
"0.40100","235.77702874","2024-05-23T16:12:24.323Z","s","maker"
"0.40100","63.64068693","2024-05-23T16:12:24.323Z","s","maker"
"0.40400","234.02620922","2024-05-23T15:45:46.248Z","s","maker"
"0.40700","233.79217456","2024-05-23T15:32:20.729Z","b","maker"
"0.40300","100.00000000","2024-05-23T14:59:38.872Z","b","taker"
"0.40400","234.02620922","2024-05-23T14:43:37.115Z","s","maker"
"0.40700","15.25862000","2024-05-23T14:26:29.005Z","s","maker"
"0.40800","62.95492742","2024-05-23T14:05:21.240Z","b","maker"
"0.40700","233.79217457","2024-05-23T14:02:28.004Z","b","maker"
"0.40500","3984.01338000","2024-05-23T13:59:15.000Z","s","maker"
"0.40500","37.04434384","2024-05-23T13:52:50.980Z","b","taker"
"0.40400","235.54124321","2024-05-23T13:52:40.312Z","b","maker"
"0.40100","235.77702874","2024-05-23T13:50:38.001Z","s","maker"
"0.40100","63.64068693","2024-05-23T13:50:38.001Z","s","maker"
"0.40100","32.41895262","2024-05-23T13:50:38.001Z","s","maker"
"0.40100","2147.45947631","2024-05-23T13:50:38.001Z","s","maker"
"0.40300","2481.38957816","2024-05-23T13:50:33.026Z","s","maker"
"0.40400","234.02620922","2024-05-23T13:50:30.589Z","s","maker"
"0.40600","268.02841558","2024-05-23T13:50:23.870Z","s","maker"
"0.40600","104.89726704","2024-05-23T13:50:23.870Z","s","maker"
"0.40700","232.30120031","2024-05-23T13:50:12.815Z","s","maker"
"0.40700","63.78152322","2024-05-23T13:50:12.815Z","s","maker"
"0.40700","56.47125307","2024-05-23T13:50:12.815Z","s","maker"
"0.40700","687.21702060","2024-05-23T13:50:12.815Z","s","maker"
"0.40800","1006.85427685","2024-05-23T13:50:02.146Z","s","maker"
"0.40800","83.62619224","2024-05-23T13:50:02.146Z","s","maker"
"0.41000","230.60143543","2024-05-23T13:46:42.594Z","s","maker"
"0.41000","384.09832917","2024-05-23T13:46:42.594Z","s","maker"
"0.41500","317.87593000","2024-05-23T13:34:53.018Z","b","maker"
"0.41400","243.84872000","2024-05-23T13:07:45.990Z","s","maker"
"0.41400","243.93645300","2024-05-23T13:07:45.789Z","s","maker"
"0.41300","230.37082568","2024-05-23T13:00:23.546Z","b","maker"
"0.40900","99.43183775","2024-05-23T12:56:40.900Z","s","maker"
"0.40900","721.89214620","2024-05-23T12:56:40.888Z","s","maker"
"0.40900","2444.98777507","2024-05-23T12:56:40.888Z","s","maker"
"0.40900","1804.71196561","2024-05-23T12:56:40.888Z","s","maker"
"0.40900","79.31452799","2024-05-23T12:56:40.531Z","s","maker"
"0.40900","72.98104119","2024-05-23T12:56:40.531Z","s","maker"
"0.40900","837.70443082","2024-05-23T12:56:40.531Z","s","maker"
"0.41000","230.60143543","2024-05-23T12:56:36.201Z","s","maker"
"0.41200","4.61560091","2024-05-23T12:56:34.817Z","s","maker"
"0.41200","226.16444390","2024-05-23T12:56:34.463Z","s","maker"
"0.41200","37.18223267","2024-05-23T12:56:22.038Z","s","taker"
"0.41300","228.92636447","2024-05-23T12:56:18.905Z","s","maker"
"0.41400","56.45514492","2024-05-23T12:56:16.934Z","s","maker"
"0.41400","687.02054745","2024-05-23T12:56:16.934Z","s","maker"
"0.41400","63.61123071","2024-05-23T12:56:16.934Z","s","maker"
"0.41600","227.27545319","2024-05-23T12:56:07.905Z","s","maker"
"0.42100","2375.29691211","2024-05-23T12:27:43.687Z","b","maker"
"0.42100","875.31426789","2024-05-23T12:27:43.687Z","b","maker"
"0.42100","33.08076009","2024-05-23T12:20:20.764Z","b","taker"
"0.42100","55.65000000","2024-05-23T11:54:59.175Z","b","maker"
"0.42100","676.95132220","2024-05-23T11:54:59.175Z","b","maker"
"0.42100","62.95492742","2024-05-23T11:54:59.175Z","b","maker"
"0.42000","2065.21183731","2024-05-23T11:52:20.731Z","b","maker"
"0.41900","227.04816954","2024-05-23T11:51:24.559Z","b","maker"
"0.41900","264.01359982","2024-05-23T11:51:24.559Z","b","maker"
"0.41600","228.69742985","2024-05-23T11:28:11.849Z","b","maker"
"0.41300","206.83651568","2024-05-23T11:15:18.687Z","b","maker"
"0.41300","23.53431000","2024-05-23T11:10:32.184Z","b","maker"
"0.41200","63.05906647","2024-05-23T11:02:55.075Z","b","taker"
"0.41200","37.18223267","2024-05-23T10:36:40.049Z","b","taker"
"0.40900","25.57544757","2024-05-23T10:35:09.397Z","s","taker"
"0.41000","230.60143543","2024-05-23T10:35:04.952Z","s","maker"
"0.41200","15.00000000","2024-05-23T10:13:24.715Z","s","maker"
"0.41400","38.61511300","2024-05-23T09:31:10.434Z","b","maker"
"0.41200","244.84137151","2024-05-23T09:14:43.357Z","b","maker"
"0.41200","267.96227748","2024-05-23T09:13:00.212Z","s","maker"
"0.41300","228.92636447","2024-05-23T08:48:35.194Z","s","maker"
"0.41400","56.45514492","2024-05-23T08:47:04.098Z","s","maker"
"0.41400","687.02054745","2024-05-23T08:47:04.098Z","s","maker"
"0.41400","63.61123071","2024-05-23T08:47:04.098Z","s","maker"
"0.41600","227.27545319","2024-05-23T08:19:51.070Z","s","maker"
"0.41700","23.98081534","2024-05-23T08:01:25.541Z","b","taker"
"0.41700","26.37889688","2024-05-23T08:01:25.294Z","b","taker"
"0.41700","58.78443479","2024-05-23T08:01:19.761Z","s","maker"
"0.41700","38.64734300","2024-05-23T08:01:19.761Z","s","maker"
"0.41800","38.04550336","2024-05-23T07:58:10.089Z","s","maker"
"0.41800","2145.24429607","2024-05-23T07:58:10.089Z","s","maker"
"0.42000","27.38013160","2024-05-23T07:45:46.328Z","b","maker"
"0.41900","5.00000000","2024-05-23T06:07:50.953Z","s","maker"
"0.41900","225.64818264","2024-05-23T05:55:24.080Z","s","maker"
"0.42000","37.44407644","2024-05-23T05:38:35.192Z","s","taker"
"0.42000","21.72379000","2024-05-23T05:38:25.021Z","s","maker"
"0.42300","236.40661938","2024-05-23T05:03:18.076Z","b","taker"
"0.42300","2364.06619385","2024-05-23T05:03:12.434Z","b","taker"
"0.42300","2364.06619385","2024-05-23T05:03:12.434Z","b","taker"
"0.42300","3546.09929078","2024-05-23T05:03:12.434Z","b","taker"
"0.42300","3546.09929078","2024-05-23T05:03:12.434Z","b","taker"
"0.42400","37.63155624","2024-05-23T03:55:43.637Z","b","maker"
"0.42300","58.14484153","2024-05-23T03:41:52.942Z","b","maker"
"0.42300","107.24070203","2024-05-23T03:41:52.942Z","b","maker"
"0.42200","225.42252632","2024-05-23T03:38:03.645Z","b","maker"
"0.42100","676.95132220","2024-05-23T03:22:01.691Z","b","maker"
"0.42100","55.65000000","2024-05-23T03:22:01.691Z","b","maker"
"0.42100","62.95492742","2024-05-23T03:22:01.691Z","b","maker"
"0.41900","227.04816954","2024-05-23T03:10:42.790Z","b","maker"
"0.41900","264.01359982","2024-05-23T03:10:42.790Z","b","maker"
"0.41800","14.18154000","2024-05-23T03:06:03.419Z","s","maker"
"0.41800","2134.10837320","2024-05-23T01:54:19.836Z","b","maker"
"0.41600","228.69742985","2024-05-23T00:41:13.168Z","b","maker"
"0.41300","228.92636447","2024-05-22T23:03:01.088Z","s","maker"
"0.41400","22.61986840","2024-05-22T22:42:11.861Z","s","maker"
"0.41600","71.17394400","2024-05-22T22:34:27.649Z","b","maker"
"0.41800","48.60138265","2024-05-22T22:01:57.526Z","b","taker"
"0.41800","48.84152155","2024-05-22T22:01:32.405Z","b","taker"
"0.41600","228.69742985","2024-05-22T21:37:19.320Z","b","maker"
"0.41400","26.73257400","2024-05-22T21:03:02.592Z","b","maker"
"0.41300","228.92636447","2024-05-22T20:34:21.575Z","s","maker"
"0.41700","50.03750000","2024-05-22T20:17:21.845Z","b","maker"
"0.41700","239.80815347","2024-05-22T20:16:22.797Z","b","taker"
"0.41600","228.69742985","2024-05-22T20:16:13.401Z","b","maker"
"0.41200","267.96227748","2024-05-22T18:22:07.540Z","s","maker"
"0.41300","228.92636447","2024-05-22T18:21:20.230Z","s","maker"
"0.41300","45.85088752","2024-05-22T18:21:20.230Z","s","maker"
"0.41400","652.02054745","2024-05-22T18:21:04.740Z","s","maker"
"0.41400","56.45514492","2024-05-22T18:21:04.740Z","s","maker"
"0.41400","63.61123071","2024-05-22T18:21:04.740Z","s","maker"
"0.41400","22.61986840","2024-05-22T18:21:04.740Z","s","maker"
"0.41500","71.19171900","2024-05-22T18:20:47.872Z","b","maker"
"0.41400","35.00000000","2024-05-22T18:14:44.548Z","s","maker"
"0.41500","49.27650898","2024-05-22T18:03:01.018Z","s","taker"
"0.41600","227.27545319","2024-05-22T18:02:57.573Z","s","maker"
"0.41900","225.64818264","2024-05-22T17:40:17.936Z","s","maker"
"0.42200","225.42252632","2024-05-22T17:16:28.025Z","b","maker"
"0.42100","55.65000000","2024-05-22T17:11:32.645Z","b","maker"
"0.42100","676.95132220","2024-05-22T17:11:32.645Z","b","maker"
"0.42100","62.95492742","2024-05-22T17:11:32.645Z","b","maker"
"0.42100","45.35201535","2024-05-22T17:11:32.645Z","b","maker"
"0.41900","1259.51869000","2024-05-22T17:01:11.445Z","s","maker"
"0.41900","164.23932317","2024-05-22T16:51:35.236Z","b","maker"
"0.41900","264.01359982","2024-05-22T16:51:35.236Z","b","maker"
"0.41900","62.80884637","2024-05-22T16:49:36.248Z","b","taker"
"0.41600","228.69742985","2024-05-22T15:44:05.125Z","b","maker"
"0.41600","22.61274038","2024-05-22T15:44:05.125Z","b","maker"
"0.41400","105.88206575","2024-05-22T15:34:50.203Z","s","maker"
"0.41100","49.27650898","2024-05-22T15:12:35.801Z","b","taker"
"0.41100","49.27245144","2024-05-22T15:11:11.961Z","b","taker"
"0.41100","22.61928853","2024-05-22T15:10:32.589Z","s","maker"
"0.41300","228.92636447","2024-05-22T15:04:14.705Z","s","maker"
"0.41500","233.37904000","2024-05-22T15:01:48.096Z","b","maker"
"0.41600","37.44476785","2024-05-22T14:53:23.406Z","b","taker"
"0.41500","37.44407644","2024-05-22T14:47:10.776Z","b","taker"
"0.41400","236.71974866","2024-05-22T14:44:59.580Z","s","taker"
"0.41400","1000.00000000","2024-05-22T14:33:21.966Z","s","maker"
"0.41500","1000.00000000","2024-05-22T14:33:12.837Z","b","maker"
"0.41600","228.69742985","2024-05-22T14:18:04.274Z","b","maker"
"0.41400","61.51824258","2024-05-22T14:17:10.443Z","b","taker"
"0.41400","2219.10700483","2024-05-22T13:05:10.581Z","b","maker"
"0.41400","144.92753624","2024-05-22T13:01:59.424Z","b","maker"
"0.41200","150.97610881","2024-05-22T12:53:11.176Z","b","taker"
"0.41200","267.96227748","2024-05-22T12:51:27.131Z","s","maker"
"0.41300","228.92636447","2024-05-22T12:50:26.252Z","s","maker"
"0.41300","22.61928853","2024-05-22T12:50:26.252Z","s","maker"
"0.41400","687.02054745","2024-05-22T12:41:18.724Z","s","maker"
"0.41400","56.45514492","2024-05-22T12:41:18.724Z","s","maker"
"0.41400","63.61123071","2024-05-22T12:41:18.724Z","s","maker"
"0.41400","102.93512842","2024-05-22T12:41:18.724Z","s","maker"
"0.41500","2409.63855421","2024-05-22T12:40:54.753Z","s","maker"
"0.41500","2409.63855421","2024-05-22T12:40:54.753Z","s","maker"
"0.41600","227.27545319","2024-05-22T12:39:57.570Z","s","maker"
"0.41900","225.64818264","2024-05-22T12:32:07.206Z","s","maker"
"0.42200","225.42252632","2024-05-22T12:02:15.246Z","s","maker"
"0.41900","225.64818264","2024-05-22T12:00:02.408Z","s","maker"
"0.42200","224.04404864","2024-05-22T11:41:29.023Z","s","maker"
"0.42500","212.42765651","2024-05-22T11:07:54.586Z","b","maker"
"0.42500","11.39234000","2024-05-22T10:41:49.013Z","b","maker"
"0.42200","224.04404864","2024-05-22T09:07:32.683Z","s","maker"
"0.42500","223.81999651","2024-05-22T08:34:12.980Z","b","maker"
"0.42200","224.04404864","2024-05-22T08:03:13.004Z","s","maker"
"0.42500","227.88777000","2024-05-22T07:36:29.378Z","b","maker"
"0.42500","51.92096000","2024-05-22T06:59:32.893Z","s","maker"
"0.42500","223.81999650","2024-05-22T06:06:50.382Z","b","maker"
"0.42200","225.42252632","2024-05-22T05:44:03.220Z","b","maker"
"0.41900","41.74000000","2024-05-22T04:48:53.736Z","b","maker"
"0.41900","227.04816954","2024-05-22T04:48:07.650Z","b","maker"
"0.41500","2409.63855422","2024-05-22T04:45:48.324Z","s","maker"
"0.41600","227.27545319","2024-05-22T04:45:14.772Z","s","maker"
"0.41600","1135.81730770","2024-05-22T04:45:14.772Z","s","maker"
"0.41600","102.37569812","2024-05-22T04:45:14.772Z","s","maker"
"0.41600","24.03846154","2024-05-22T04:45:14.772Z","s","maker"
"0.41900","70.31232000","2024-05-22T04:25:48.942Z","b","maker"
"0.41900","225.64818264","2024-05-22T04:25:40.126Z","s","maker"
"0.41900","82.81574399","2024-05-22T04:25:40.126Z","s","maker"
"0.41900","41.88333107","2024-05-22T04:25:40.126Z","s","maker"
"0.41900","267.88747857","2024-05-22T04:25:40.126Z","s","maker"
"0.41900","61.35193038","2024-05-22T04:25:40.126Z","s","maker"
"0.41900","980.42134834","2024-05-22T04:25:40.126Z","s","maker"
"0.42000","2380.95238096","2024-05-22T04:10:04.403Z","s","maker"
"0.42000","374.95313085","2024-05-22T04:10:04.403Z","s","maker"
"0.42100","686.83060784","2024-05-22T04:08:27.760Z","s","maker"
"0.42100","63.74567443","2024-05-22T04:08:27.760Z","s","maker"
"0.42100","56.43952494","2024-05-22T04:08:27.760Z","s","maker"
"0.42200","50.91043933","2024-05-22T04:06:11.134Z","b","taker"
"0.42300","32.92198582","2024-05-22T03:25:25.406Z","b","maker"
"0.42200","224.04404864","2024-05-22T03:10:29.895Z","s","maker"
"0.42200","118.48341231","2024-05-22T03:10:29.895Z","s","maker"
"0.42300","36.35193036","2024-05-22T01:00:40.893Z","s","maker"
"0.42400","3.65271000","2024-05-22T00:54:28.851Z","s","maker"
"0.42400","12.17571000","2024-05-22T00:53:27.550Z","s","maker"
"0.42300","25.00000000","2024-05-22T00:41:04.008Z","s","taker"
"0.42500","222.46256124","2024-05-22T00:38:23.736Z","s","maker"
"0.42500","267.82535322","2024-05-22T00:38:23.736Z","s","maker"
"0.42500","2352.94117648","2024-05-22T00:38:23.736Z","s","maker"
"0.42800","4.19020000","2024-05-22T00:29:06.796Z","b","maker"
"0.42800","56.88111000","2024-05-22T00:06:31.836Z","b","maker"
"0.42800","56.88111000","2024-05-22T00:03:25.233Z","b","maker"
"0.42900","56.74852000","2024-05-21T23:56:43.061Z","b","maker"
"0.42900","2325.58139535","2024-05-21T22:31:01.489Z","b","maker"
"0.42800","220.90324422","2024-05-21T21:11:01.876Z","s","maker"
"0.43100","219.36563463","2024-05-21T21:04:43.093Z","s","maker"
"0.43400","219.14626108","2024-05-21T20:38:29.482Z","b","maker"
"0.43400","62.95492741","2024-05-21T20:38:29.482Z","b","maker"
"0.43300","526.88724464","2024-05-21T20:35:20.040Z","b","maker"
"0.43100","220.68233300","2024-05-21T20:16:11.205Z","b","maker"
"0.42800","43.17963526","2024-05-21T19:33:02.258Z","b","taker"
"0.42700","63.73105035","2024-05-21T19:30:40.407Z","s","maker"
"0.42700","169.44547965","2024-05-21T19:30:40.407Z","s","maker"
"0.42800","43.77257361","2024-05-21T19:29:17.864Z","s","taker"
"0.42800","220.90324422","2024-05-21T19:28:41.176Z","s","maker"
"0.43100","219.36563463","2024-05-21T19:26:52.009Z","s","maker"
"0.43200","127.68462000","2024-05-21T19:25:43.357Z","b","maker"
"0.43200","105.49191000","2024-05-21T19:25:16.961Z","b","maker"
"0.43400","62.95492742","2024-05-21T18:01:37.596Z","b","maker"
"0.43400","219.36563463","2024-05-21T18:01:37.596Z","b","maker"
"0.43400","60.68440195","2024-05-21T18:01:37.596Z","b","maker"
"0.43100","74.87627000","2024-05-21T17:55:03.159Z","s","maker"
"0.43200","264.01359982","2024-05-21T17:31:47.086Z","b","maker"
"0.43100","220.68233300","2024-05-21T17:19:57.979Z","b","maker"
"0.43000","54.46971967","2024-05-21T17:19:07.763Z","b","maker"
"0.42900","2179.97970660","2024-05-21T17:07:37.814Z","s","taker"
"0.42700","479.61630695","2024-05-21T16:56:32.446Z","s","maker"
"0.42900","250.00000000","2024-05-21T16:49:18.818Z","b","taker"
"0.42800","500.00000000","2024-05-21T16:48:53.961Z","s","taker"
"0.42800","222.24009065","2024-05-21T16:48:02.385Z","b","maker"
"0.42500","222.46256124","2024-05-21T16:39:48.899Z","s","maker"
"0.42600","77.46478874","2024-05-21T16:35:59.731Z","s","maker"
"0.42800","222.24009066","2024-05-21T16:31:10.360Z","b","maker"
"0.42800","124.51123832","2024-05-21T16:20:53.200Z","b","taker"
"0.42800","31.88250127","2024-05-21T16:20:44.425Z","s","maker"
"0.42800","22.61986840","2024-05-21T16:20:40.066Z","s","maker"
"0.42900","233.10023311","2024-05-21T16:09:24.005Z","b","maker"
"0.42400","50.97911124","2024-05-21T15:56:25.684Z","s","maker"
"0.42400","6.12154876","2024-05-21T15:56:25.684Z","s","maker"
"0.42500","222.46256124","2024-05-21T15:55:46.946Z","s","maker"
"0.42500","267.82535322","2024-05-21T15:55:46.946Z","s","maker"
"0.42800","220.90324422","2024-05-21T15:51:13.959Z","s","maker"
"0.43200","5.25693000","2024-05-21T15:35:34.526Z","s","maker"
"0.43100","44.94306000","2024-05-21T15:27:31.545Z","b","maker"
"0.43100","6136.22417672","2024-05-21T15:09:44.908Z","b","maker"
"0.43000","1578.25480000","2024-05-21T15:07:50.872Z","s","maker"
"0.43200","264.01359982","2024-05-21T15:02:28.024Z","b","maker"
"0.43100","220.68233301","2024-05-21T15:02:03.803Z","b","maker"
"0.42800","222.24009066","2024-05-21T15:00:12.618Z","b","maker"
"0.42700","1168.68501169","2024-05-21T14:55:53.233Z","s","maker"
"0.42500","222.46256124","2024-05-21T14:45:16.993Z","s","maker"
"0.42500","267.82535322","2024-05-21T14:45:16.993Z","s","maker"
"0.43000","51.43056550","2024-05-21T14:36:54.963Z","b","maker"
"0.42600","134.19310000","2024-05-21T14:29:44.267Z","s","maker"
"0.42800","220.90324422","2024-05-21T14:21:56.362Z","s","maker"
"0.43200","248.00554624","2024-05-21T14:11:21.561Z","b","maker"
"0.43100","220.68233300","2024-05-21T14:11:13.379Z","b","maker"
"0.42800","103.87637792","2024-05-21T13:52:31.840Z","b","maker"
"0.42800","220.90324422","2024-05-21T13:51:06.074Z","s","maker"
"0.43300","1640.36000000","2024-05-21T13:38:41.391Z","b","maker"
"0.43200","32.91707427","2024-05-21T13:35:51.192Z","b","maker"
"0.43200","264.01359982","2024-05-21T13:35:51.192Z","b","maker"
"0.43200","43.09242692","2024-05-21T13:35:43.858Z","b","taker"
"0.43100","220.90324422","2024-05-21T13:35:17.020Z","b","maker"
"0.43100","980.42134834","2024-05-21T13:35:17.020Z","b","maker"
"0.43000","62.22309516","2024-05-21T13:30:19.833Z","b","maker"
"0.43000","1425.78160919","2024-05-21T13:30:19.833Z","b","maker"
"0.42800","222.24009066","2024-05-21T13:27:48.955Z","b","maker"
"0.42500","43.77257361","2024-05-21T12:40:44.049Z","b","taker"
"0.42400","255.58620655","2024-05-21T12:40:20.026Z","s","maker"
"0.42400","2358.49056603","2024-05-21T12:40:13.011Z","b","maker"
"0.42500","1641.90482397","2024-05-21T12:40:13.011Z","b","maker"
"0.42400","26.91387559","2024-05-21T12:36:51.060Z","s","taker"
"0.42400","144.32382549","2024-05-21T12:35:21.573Z","s","maker"
"0.42500","222.46256124","2024-05-21T12:35:14.815Z","s","maker"
"0.42900","118.31753555","2024-05-21T12:24:55.529Z","b","maker"
"0.42900","409.64049650","2024-05-21T12:24:55.529Z","b","maker"
"0.42900","113.90134231","2024-05-21T12:24:55.529Z","b","maker"
"0.42900","60.68440196","2024-05-21T12:24:55.529Z","b","maker"
"0.42800","676.95132220","2024-05-21T12:24:19.758Z","b","maker"
"0.42800","55.65000000","2024-05-21T12:24:19.758Z","b","maker"
"0.42800","62.95492742","2024-05-21T12:24:19.758Z","b","maker"
"0.42800","222.46256124","2024-05-21T12:24:19.758Z","b","maker"
"0.42600","165.11469000","2024-05-21T12:16:30.791Z","s","maker"
"0.42600","356.62183000","2024-05-21T12:15:38.946Z","s","maker"
"0.42500","10.18749000","2024-05-21T12:12:02.142Z","s","maker"
"0.42500","450.98361397","2024-05-21T12:02:19.149Z","b","taker"
"0.42500","143.08000000","2024-05-21T12:02:13.752Z","b","maker"
"0.42700","102.17093850","2024-05-21T11:48:59.055Z","b","maker"
"0.42600","222.79968982","2024-05-21T11:35:27.422Z","b","maker"
"0.42500","223.81999651","2024-05-21T11:28:40.276Z","b","maker"
"0.42300","232.33944000","2024-05-21T10:37:44.051Z","s","maker"
"0.42100","21.65717000","2024-05-21T10:18:14.862Z","s","maker"
"0.42100","831.35391924","2024-05-21T10:05:24.705Z","s","maker"
"0.42200","153.03650000","2024-05-21T09:38:14.304Z","s","maker"
"0.42300","116.87254137","2024-05-21T08:50:06.772Z","b","maker"
"0.42200","240.42505138","2024-05-21T08:42:55.688Z","b","maker"
"0.42200","224.04404864","2024-05-21T08:35:36.799Z","s","maker"
"0.42500","387.13079713","2024-05-21T08:10:14.142Z","b","maker"
"0.42500","1965.81037935","2024-05-21T08:10:14.142Z","b","maker"
"0.42600","41.21391000","2024-05-21T07:52:26.070Z","b","maker"
"0.42500","31.88509000","2024-05-21T07:48:57.613Z","b","maker"
"0.42400","11.00000000","2024-05-21T07:43:57.795Z","s","maker"
"0.42500","188.74993099","2024-05-21T07:23:55.124Z","b","maker"
"0.42500","2481.38957816","2024-05-21T07:23:55.124Z","b","maker"
"0.42200","225.42252632","2024-05-21T06:16:24.442Z","b","maker"
"0.41900","227.04816954","2024-05-21T05:41:26.599Z","b","maker"
"0.41800","1000.00000000","2024-05-21T05:30:41.232Z","b","taker"
"0.41700","5981.08636364","2024-05-21T05:09:29.743Z","s","maker"
"0.41600","227.27545319","2024-05-21T05:04:55.132Z","s","maker"
"0.41900","225.64818264","2024-05-21T04:54:13.437Z","s","maker"
"0.42200","225.42252632","2024-05-21T04:41:56.760Z","b","maker"
"0.42200","120.31325302","2024-05-21T04:41:56.760Z","b","maker"
"0.42100","55.65000000","2024-05-21T04:19:12.181Z","b","maker"
"0.42100","676.95132220","2024-05-21T04:19:12.181Z","b","maker"
"0.42100","62.95492742","2024-05-21T04:19:12.181Z","b","maker"
"0.41900","227.04816954","2024-05-21T04:04:06.922Z","b","maker"
"0.41700","253.80710660","2024-05-21T02:19:44.305Z","s","taker"
"0.41800","49.52772000","2024-05-21T02:03:27.598Z","b","maker"
"0.41500","53.67128800","2024-05-21T01:27:52.867Z","b","maker"
"0.41500","17.82367400","2024-05-21T01:27:52.651Z","b","maker"
"0.41400","56.45514492","2024-05-21T01:25:17.079Z","s","maker"
"0.41400","687.02054745","2024-05-21T01:25:17.079Z","s","maker"
"0.41400","63.61123071","2024-05-21T01:25:17.079Z","s","maker"
"0.41500","120.48192771","2024-05-21T01:23:03.828Z","s","maker"
"0.41600","227.27545319","2024-05-21T01:21:27.487Z","s","taker"
"0.41500","6136.22417672","2024-05-21T01:21:27.487Z","s","taker"
"0.41500","3606.04477347","2024-05-21T01:21:27.487Z","s","taker"
"0.41500","128.79253906","2024-05-21T01:21:27.487Z","s","taker"
"0.41500","1262.52573477","2024-05-21T01:21:27.487Z","s","taker"
"0.41700","479.61630695","2024-05-21T01:20:11.027Z","s","maker"
"0.41800","43.06220096","2024-05-21T01:07:39.237Z","s","maker"
"0.41900","26.91387559","2024-05-21T01:04:46.315Z","b","taker"
"0.41900","225.64818264","2024-05-21T01:03:02.973Z","s","maker"
"0.42200","35.54502370","2024-05-21T00:55:23.578Z","s","maker"
"0.42500","35.29411765","2024-05-21T00:46:24.029Z","b","maker"
"0.42400","22.37318351","2024-05-21T00:36:02.792Z","b","maker"
"0.42300","36.63444000","2024-05-21T00:32:03.724Z","b","maker"
"0.42300","86.19541260","2024-05-21T00:25:37.399Z","b","maker"
"0.42300","454.94695967","2024-05-21T00:25:37.399Z","b","maker"
"0.42200","225.64818264","2024-05-21T00:13:34.787Z","b","maker"
"0.42200","120.48192771","2024-05-21T00:13:34.787Z","b","maker"
"0.42200","22.37318351","2024-05-21T00:13:34.787Z","b","maker"
"0.42100","676.95132220","2024-05-21T00:13:12.487Z","b","maker"
"0.42100","55.65000000","2024-05-21T00:13:12.487Z","b","maker"
"0.42100","62.95492742","2024-05-21T00:13:12.487Z","b","maker"
"0.42000","1006.85427685","2024-05-21T00:11:01.415Z","b","maker"
"0.41800","25.55827200","2024-05-20T23:50:48.396Z","s","maker"
"0.41900","264.01359982","2024-05-20T23:27:36.569Z","b","maker"
"0.41900","227.27545319","2024-05-20T23:27:36.569Z","b","maker"
"0.41700","98.09264305","2024-05-20T23:25:13.151Z","b","maker"
"0.41600","22.61449000","2024-05-20T22:30:52.411Z","b","maker"
"0.41500","636.97259000","2024-05-20T22:29:00.549Z","s","maker"
"0.41600","20.65777200","2024-05-20T22:15:10.507Z","s","maker"
"0.41600","1000.00000000","2024-05-20T21:58:10.435Z","s","taker"
"0.41700","104.68746408","2024-05-20T21:55:20.698Z","b","maker"
"0.41700","60.99414022","2024-05-20T21:55:20.698Z","b","maker"
"0.41600","228.69742985","2024-05-20T21:55:06.378Z","b","maker"
"0.41600","122.07823960","2024-05-20T21:55:06.378Z","b","maker"
"0.41400","676.95132220","2024-05-20T21:51:27.312Z","b","maker"
"0.41400","62.95492742","2024-05-20T21:51:27.312Z","b","maker"
"0.41400","55.65000000","2024-05-20T21:51:27.312Z","b","maker"
"0.41400","61.82531010","2024-05-20T21:51:27.312Z","b","maker"
"0.41300","230.37082568","2024-05-20T21:49:26.297Z","b","maker"
"0.41100","2433.09002433","2024-05-20T21:37:34.692Z","b","maker"
"0.41100","255.58620655","2024-05-20T21:18:15.299Z","b","maker"
"0.41000","232.06891529","2024-05-20T21:18:06.189Z","b","maker"
"0.40700","378.13387643","2024-05-20T21:15:00.847Z","s","maker"
"0.40700","29.90543299","2024-05-20T21:14:45.241Z","s","maker"
"0.40700","687.21702061","2024-05-20T21:14:45.241Z","s","maker"
"0.40700","56.47125307","2024-05-20T21:14:45.241Z","s","maker"
"0.40700","63.78152322","2024-05-20T21:14:45.241Z","s","maker"
"0.40700","3677.51979172","2024-05-20T21:14:45.241Z","s","maker"
"0.40700","3678.69004199","2024-05-20T21:14:45.241Z","s","maker"
"0.40700","3679.41601578","2024-05-20T21:14:45.241Z","s","maker"
"0.40700","6136.22417672","2024-05-20T21:14:45.241Z","s","maker"
"0.40700","115.92081233","2024-05-20T21:14:45.241Z","s","maker"
"0.40700","233.31289304","2024-05-20T21:14:45.241Z","s","maker"
"0.40900","122.24938875","2024-05-20T21:08:26.690Z","s","maker"
"0.40900","61.85567010","2024-05-20T21:08:26.690Z","s","maker"
"0.41000","1369.83740000","2024-05-20T21:06:59.570Z","b","maker"
"0.41000","230.60143543","2024-05-20T21:02:13.208Z","s","maker"
"0.41200","2427.18446601","2024-05-20T20:58:50.766Z","b","taker"
"0.41200","2921.13980583","2024-05-20T20:58:50.766Z","b","taker"
"0.41400","5960.89230004","2024-05-20T20:51:14.341Z","b","maker"
"0.41300","33.05809000","2024-05-20T20:50:33.880Z","s","maker"
"0.41200","30.75688000","2024-05-20T20:45:33.562Z","s","maker"
"0.41300","228.92636447","2024-05-20T20:41:27.946Z","s","maker"
"0.41600","228.92636447","2024-05-20T20:35:13.928Z","b","maker"
"0.41600","122.24938875","2024-05-20T20:35:13.928Z","b","maker"
"0.41300","59.24457052","2024-05-20T20:34:36.895Z","b","maker"
"0.41500","303.76615000","2024-05-20T20:32:18.039Z","b","maker"
"0.41400","55.65000000","2024-05-20T20:30:52.276Z","b","maker"
"0.41400","676.95132220","2024-05-20T20:30:52.276Z","b","maker"
"0.41400","62.95492742","2024-05-20T20:30:52.276Z","b","maker"
"0.41300","264.01359982","2024-05-20T20:30:39.876Z","b","maker"
"0.41300","230.60143543","2024-05-20T20:30:39.876Z","b","maker"
"0.41000","2375.13330000","2024-05-20T20:24:14.809Z","b","maker"
"0.41000","6136.22417672","2024-05-20T20:15:38.320Z","s","taker"
"0.41000","2439.02439024","2024-05-20T20:15:38.320Z","s","taker"
"0.40900","1424.75143304","2024-05-20T20:15:38.320Z","s","taker"
"0.40800","48.08577299","2024-05-20T20:09:58.159Z","s","taker"
"0.40700","48.38411784","2024-05-20T20:09:54.958Z","s","taker"
"0.40700","59.27835052","2024-05-20T20:09:43.421Z","s","maker"
"0.40700","154.01164948","2024-05-20T20:09:43.421Z","s","maker"
"0.41200","5756.23359669","2024-05-20T20:04:21.652Z","s","maker"
"0.41200","22.61986840","2024-05-20T20:04:04.723Z","s","maker"
"0.41200","182.03883495","2024-05-20T20:04:02.868Z","s","maker"
"0.41200","843.29665317","2024-05-20T20:03:49.228Z","b","maker"
"0.41000","48.67154618","2024-05-20T20:00:59.735Z","s","taker"
"0.41100","788.57741298","2024-05-20T20:00:55.530Z","b","taker"
"0.41000","232.30120031","2024-05-20T20:00:50.223Z","b","maker"
"0.41000","153.84615385","2024-05-20T20:00:50.223Z","b","maker"