"price","volume","time","side","orderType"
"0.38800","231.65677455","2024-06-27T00:27:10.951Z","sell","maker"
"0.38800","12.02000000","2024-06-26T22:36:55.746Z","sell","taker"
"0.39000","242.42715007","2024-06-26T22:19:45.213Z","sell","maker"
"0.39200","401.88928151","2024-06-26T21:44:37.643Z","buy","taker"
"0.39200","873.62091837","2024-06-26T21:44:37.643Z","buy","taker"
"0.39200","530.50397877","2024-06-26T21:11:07.783Z","sell","taker"
"0.39300","242.18471417","2024-06-26T21:05:41.703Z","buy","maker"
"0.39000","242.42715007","2024-06-26T20:25:00.949Z","sell","maker"
"0.39300","242.18471417","2024-06-26T20:02:25.071Z","buy","maker"
"0.39100","243.43308898","2024-06-26T19:59:46.583Z","buy","maker"
"0.39000","0.01391572","2024-06-26T19:54:22.299Z","buy","maker"
"0.39000","11.00000000","2024-06-26T19:36:05.139Z","buy","taker"
"0.38900","619.68488848","2024-06-26T19:35:54.299Z","buy","maker"
"0.38900","39.60000000","2024-06-26T19:35:54.299Z","buy","maker"
"0.38900","244.69440032","2024-06-26T19:35:54.299Z","buy","maker"
"0.38700","240.83691000","2024-06-26T19:30:55.703Z","buy","maker"
"0.38600","11.00000000","2024-06-26T19:15:29.266Z","buy","maker"
"0.38500","47.94000000","2024-06-26T18:57:07.970Z","sell","maker"
"0.38600","1262.71000000","2024-06-26T18:42:14.697Z","buy","maker"
"0.38700","245.96885033","2024-06-26T18:31:03.536Z","buy","maker"
"0.38600","11.00000000","2024-06-26T18:19:03.778Z","buy","taker"
"0.38300","41.52362218","2024-06-26T17:19:39.127Z","sell","taker"
"0.38400","246.21507429","2024-06-26T17:07:59.539Z","sell","maker"
"0.38500","6136.22417672","2024-06-26T17:04:42.908Z","sell","maker"
"0.38500","2597.40259740","2024-06-26T17:04:02.356Z","sell","maker"
"0.38500","2597.40259740","2024-06-26T17:04:02.356Z","sell","maker"
"0.38500","2627.92275385","2024-06-26T17:03:53.589Z","sell","maker"
"0.38600","57.44655664","2024-06-26T16:40:39.943Z","buy","maker"
"0.38700","2693.31430618","2024-06-26T15:41:05.187Z","sell","maker"
"0.38700","6136.22417672","2024-06-26T15:40:30.653Z","sell","maker"
"0.38700","245.96885033","2024-06-26T15:34:38.327Z","sell","maker"
"0.38300","62800.94462172","2024-06-26T15:34:26.262Z","buy","maker"
"0.38300","18258.50389819","2024-06-26T15:34:26.260Z","buy","maker"
"0.38700","140.85156161","2024-06-26T15:34:26.255Z","sell","maker"
"0.38700","3867.61878749","2024-06-26T15:34:26.255Z","sell","maker"
"0.38700","3868.98317718","2024-06-26T15:34:26.255Z","sell","maker"
"0.38700","3868.69039677","2024-06-26T15:34:26.255Z","sell","maker"
"0.38700","6136.22417672","2024-06-26T15:34:26.255Z","sell","maker"
"0.38700","3869.81777825","2024-06-26T15:34:26.255Z","sell","maker"
"0.38700","406.92587845","2024-06-26T15:34:26.255Z","sell","maker"
"0.38700","4362.08432645","2024-06-26T15:34:26.255Z","sell","maker"
"0.38700","880.05427823","2024-06-26T15:34:26.255Z","sell","maker"
"0.38700","4494.78163567","2024-06-26T15:34:26.255Z","sell","maker"
"0.38600","244.93934851","2024-06-26T15:34:26.255Z","sell","maker"
"0.38600","110.33235860","2024-06-26T15:34:26.255Z","sell","maker"
"0.38600","6136.22417672","2024-06-26T15:34:26.255Z","sell","maker"
"0.38600","6463.06570075","2024-06-26T15:34:26.255Z","sell","maker"
"0.38600","6463.13381745","2024-06-26T15:34:26.255Z","sell","maker"
"0.38600","12725.38305040","2024-06-26T15:34:26.255Z","sell","maker"
"0.38600","7638.03000000","2024-06-26T15:34:26.255Z","sell","maker"
"0.38600","8661.15000000","2024-06-26T15:34:26.255Z","sell","maker"
"0.38600","407.00000000","2024-06-26T15:34:26.255Z","sell","maker"
"0.38500","1504.44467532","2024-06-26T15:34:26.255Z","sell","maker"
"0.38500","6487.59512813","2024-06-26T15:34:26.255Z","sell","maker"
"0.38500","407.00000000","2024-06-26T15:34:26.255Z","sell","maker"
"0.38500","31489.20080688","2024-06-26T15:34:26.255Z","sell","maker"
"0.38500","8102.54000000","2024-06-26T15:34:26.255Z","sell","maker"
"0.38400","246.21507429","2024-06-26T15:34:26.255Z","sell","maker"
"0.38400","11.14126856","2024-06-26T15:34:26.255Z","sell","maker"
"0.38400","12991.78676275","2024-06-26T15:34:26.255Z","sell","maker"
"0.38400","12993.38011791","2024-06-26T15:34:26.255Z","sell","maker"
"0.38400","232.25967301","2024-06-26T15:34:26.255Z","sell","maker"
"0.38300","628.38569613","2024-06-26T15:34:26.255Z","sell","maker"
"0.38300","40.12381201","2024-06-26T15:34:26.255Z","sell","maker"
"0.38800","243.67677455","2024-06-26T15:11:13.320Z","sell","maker"
"0.38800","125.54323248","2024-06-26T15:11:13.320Z","sell","maker"
"0.39100","11.00000000","2024-06-26T14:50:17.921Z","buy","maker"
"0.39000","242.42715007","2024-06-26T14:37:49.595Z","sell","maker"
"0.39100","238.37310000","2024-06-26T14:30:57.991Z","buy","maker"
"0.39100","3.59156000","2024-06-26T14:26:40.319Z","buy","maker"
"0.39300","242.18471417","2024-06-26T13:57:35.653Z","buy","maker"
"0.39300","54.71035509","2024-06-26T13:57:35.653Z","buy","maker"
"0.39100","11.00000000","2024-06-26T13:43:04.295Z","buy","taker"
"0.39000","24.83053000","2024-06-26T13:29:50.674Z","buy","maker"
"0.39000","17815.07096761","2024-06-26T13:29:47.132Z","sell","maker"
"0.39000","16970.25913913","2024-06-26T13:25:25.672Z","buy","maker"
"0.38900","629.82667310","2024-06-26T12:53:15.303Z","sell","taker"
"0.38900","40.21583547","2024-06-26T12:53:15.303Z","sell","taker"
"0.38900","730.60221385","2024-06-26T12:53:15.303Z","sell","taker"
"0.39100","14.38151000","2024-06-26T11:50:22.184Z","buy","maker"
"0.39200","62.78206440","2024-06-26T11:14:52.531Z","buy","maker"
"0.39000","242.42715007","2024-06-26T10:09:42.650Z","sell","maker"
"0.39200","13.61855000","2024-06-26T09:54:51.988Z","buy","maker"
"0.39100","11.16623646","2024-06-26T08:18:01.892Z","sell","maker"
"0.39100","10680.90477584","2024-06-26T08:18:01.892Z","sell","maker"
"0.39200","241.19027685","2024-06-26T08:11:00.997Z","sell","maker"
"0.39400","392.15622930","2024-06-26T08:04:24.083Z","buy","maker"
"0.39300","10362.03141357","2024-06-26T08:02:00.233Z","sell","maker"
"0.39500","2537.22915911","2024-06-26T07:01:08.737Z","buy","maker"
"0.39500","2531.64556962","2024-06-26T07:01:08.737Z","buy","maker"
"0.39500","3797.46835443","2024-06-26T07:01:08.737Z","buy","maker"
"0.39500","337.50704794","2024-06-26T07:01:08.737Z","buy","maker"
"0.39500","483.52842890","2024-06-26T07:01:08.737Z","buy","maker"
"0.39500","55.23142719","2024-06-26T06:43:42.811Z","buy","taker"
"0.39400","239.96596072","2024-06-26T05:26:12.030Z","sell","maker"
"0.39500","470.85767087","2024-06-26T05:20:26.117Z","sell","maker"
"0.39500","40.20506329","2024-06-26T05:20:08.471Z","sell","taker"
"0.39500","158.79991183","2024-06-26T05:20:08.471Z","sell","taker"
"0.39600","238.75401143","2024-06-26T04:22:14.899Z","sell","maker"
"0.39800","237.55424253","2024-06-26T03:28:22.257Z","sell","maker"
"0.40100","52.04420000","2024-06-26T02:46:01.402Z","buy","maker"
"0.40300","199.00497512","2024-06-26T02:18:10.840Z","buy","taker"
"0.40100","237.31667972","2024-06-26T01:37:27.298Z","buy","maker"
"0.40000","32.97696307","2024-06-26T01:34:36.791Z","sell","maker"
"0.39900","233.59369000","2024-06-26T00:32:01.734Z","buy","maker"
"0.39900","53.17168500","2024-06-26T00:27:08.886Z","buy","maker"
"0.39700","63.50320957","2024-06-26T00:05:01.155Z","sell","maker"
"0.39800","28.69211513","2024-06-25T22:53:20.482Z","buy","maker"
"0.39800","33.61372000","2024-06-25T22:11:16.199Z","sell","maker"
"0.39800","2285.26244184","2024-06-25T22:06:47.500Z","sell","taker"
"0.40000","500.00000000","2024-06-25T22:05:57.050Z","buy","taker"
"0.39800","237.55424253","2024-06-25T21:26:01.463Z","sell","taker"
"0.39800","519.02805064","2024-06-25T21:26:01.463Z","sell","taker"
"0.39900","758.10231829","2024-06-25T21:17:10.003Z","buy","taker"
"0.40000","11.90134000","2024-06-25T19:53:29.582Z","sell","maker"
"0.40200","354.71726000","2024-06-25T18:55:19.227Z","buy","maker"
"0.40100","237.31667971","2024-06-25T18:29:15.393Z","buy","maker"
"0.39800","237.55424253","2024-06-25T18:11:51.692Z","sell","taker"
"0.39800","11.16280368","2024-06-25T18:11:51.692Z","sell","taker"
"0.39800","791.19109997","2024-06-25T18:11:51.692Z","sell","taker"
"0.40000","37.50000000","2024-06-25T16:53:56.263Z","buy","taker"
"0.40100","235.77702874","2024-06-25T16:42:51.413Z","sell","maker"
"0.40300","63.79844715","2024-06-25T16:01:24.204Z","buy","maker"
"0.40200","96.53056206","2024-06-25T16:00:07.429Z","sell","taker"
"0.40200","440.77251524","2024-06-25T15:49:52.985Z","sell","taker"
"0.40400","2475.24752475","2024-06-25T15:49:39.163Z","buy","taker"
"0.40400","160.64405941","2024-06-25T15:49:39.163Z","buy","taker"
"0.40600","11.92762000","2024-06-25T15:32:38.443Z","buy","maker"
"0.40600","26.24077000","2024-06-25T15:32:23.540Z","buy","maker"
"0.40600","26.24077000","2024-06-25T15:31:34.151Z","buy","maker"
"0.40500","11.01391572","2024-06-25T15:21:24.229Z","buy","maker"
"0.40400","163.36633663","2024-06-25T14:58:40.751Z","buy","maker"
"0.40400","94.79982118","2024-06-25T14:39:51.055Z","sell","maker"
"0.40400","235.54124321","2024-06-25T14:29:14.169Z","buy","maker"
"0.40000","21.76145000","2024-06-25T13:56:33.162Z","buy","maker"
"0.40000","13.46495000","2024-06-25T13:55:46.035Z","buy","maker"
"0.40200","1174.03781094","2024-06-25T12:05:00.691Z","buy","maker"
"0.40200","619.68488848","2024-06-25T09:54:46.822Z","buy","maker"
"0.40200","39.60000000","2024-06-25T09:54:46.822Z","buy","maker"
"0.40100","237.31667971","2024-06-25T09:50:21.397Z","buy","maker"
"0.39900","238.51524881","2024-06-25T09:18:00.505Z","buy","maker"
"0.39800","440.77251524","2024-06-25T08:24:42.399Z","buy","taker"
"0.39600","238.75401143","2024-06-25T07:59:18.764Z","sell","maker"
"0.39600","3779.75275895","2024-06-25T07:59:18.764Z","sell","maker"
"0.39600","3780.59852355","2024-06-25T07:59:18.764Z","sell","maker"
"0.39600","896.19269095","2024-06-25T07:59:18.764Z","sell","maker"
"0.39700","11.00000000","2024-06-25T07:43:43.219Z","sell","maker"
"0.39800","11.00000000","2024-06-25T07:43:42.526Z","sell","maker"
"0.39800","237.55424253","2024-06-25T07:43:42.325Z","sell","maker"
"0.39800","57.50000000","2024-06-25T07:43:42.325Z","sell","maker"
"0.40100","237.31667971","2024-06-25T04:30:10.263Z","buy","maker"
"0.39900","38.13926200","2024-06-25T04:21:40.341Z","sell","maker"
"0.39900","34.44756000","2024-06-25T03:25:12.670Z","sell","maker"
"0.39900","238.51524881","2024-06-25T03:11:01.950Z","buy","maker"
"0.39800","11.01391572","2024-06-25T03:06:27.187Z","buy","maker"
"0.39700","54.63634498","2024-06-25T02:58:50.127Z","sell","maker"
"0.39600","557.07489481","2024-06-25T02:43:48.084Z","buy","maker"
"0.39600","2525.25252525","2024-06-25T02:43:48.084Z","buy","maker"
"0.39700","239.72598610","2024-06-25T01:48:12.777Z","buy","maker"
"0.39700","130.81365857","2024-06-25T01:48:12.777Z","buy","maker"
"0.39700","51.31107892","2024-06-25T01:48:12.777Z","buy","maker"
"0.39500","102.82844301","2024-06-25T01:13:06.133Z","buy","maker"
"0.39600","619.68488848","2024-06-24T23:40:14.523Z","buy","maker"
"0.39600","39.60000000","2024-06-24T23:40:14.523Z","buy","maker"
"0.39600","110.11168503","2024-06-24T23:40:14.523Z","buy","maker"
"0.39500","37.59501088","2024-06-24T23:32:15.271Z","buy","maker"
"0.39500","240.94907787","2024-06-24T22:40:16.612Z","buy","maker"
"0.39400","248.13895781","2024-06-24T22:36:40.220Z","buy","maker"
"0.39200","4639.32982683","2024-06-24T21:55:37.028Z","sell","maker"
"0.39300","242.23320135","2024-06-24T21:31:04.835Z","buy","maker"
"0.39100","243.43308898","2024-06-24T21:22:20.090Z","buy","maker"
"0.39000","11.01391572","2024-06-24T21:11:02.312Z","buy","maker"
"0.38900","189.91932032","2024-06-24T21:09:34.074Z","buy","maker"
"0.38900","39.60000000","2024-06-24T21:09:34.074Z","buy","maker"
"0.38900","619.68488848","2024-06-24T21:09:34.074Z","buy","maker"
"0.38900","54.77508000","2024-06-24T21:08:14.797Z","buy","maker"
"0.38700","245.96885033","2024-06-24T21:00:59.628Z","buy","maker"
"0.38500","247.25664535","2024-06-24T20:36:39.583Z","buy","maker"
"0.38300","248.55799612","2024-06-24T20:34:41.547Z","buy","maker"
"0.38000","3897.80742728","2024-06-24T20:30:47.120Z","buy","maker"
"0.38000","248.80681191","2024-06-24T20:30:16.087Z","sell","maker"
"0.38200","247.50415844","2024-06-24T20:28:48.226Z","sell","maker"
"0.38500","247.25664535","2024-06-24T20:06:46.679Z","buy","maker"
"0.38200","247.50415844","2024-06-24T19:49:26.995Z","sell","maker"
"0.38300","40.12381201","2024-06-24T19:40:24.204Z","sell","maker"
"0.38300","628.38569613","2024-06-24T19:40:24.204Z","sell","maker"
"0.38400","246.21507429","2024-06-24T19:20:27.009Z","sell","maker"
"0.38700","245.96885033","2024-06-24T18:26:04.123Z","buy","maker"
"0.38500","18.19497000","2024-06-24T18:19:34.607Z","buy","maker"
"0.38400","246.21507429","2024-06-24T18:16:49.198Z","sell","maker"
"0.38400","11.14126856","2024-06-24T18:16:49.198Z","sell","maker"
"0.38400","54.40414508","2024-06-24T18:16:49.198Z","sell","maker"
"0.38600","3877.33025733","2024-06-24T17:46:13.673Z","sell","taker"
"0.38600","3878.43051417","2024-06-24T17:46:13.673Z","sell","taker"
"0.38600","6136.22417672","2024-06-24T17:46:13.673Z","sell","taker"
"0.38600","1071.02027109","2024-06-24T17:46:13.673Z","sell","taker"
"0.38600","3879.31683609","2024-06-24T17:46:13.673Z","sell","taker"
"0.38600","407.98009057","2024-06-24T17:46:13.673Z","sell","taker"
"0.38600","3151.54223025","2024-06-24T17:46:13.673Z","sell","taker"
"0.38700","6136.22417672","2024-06-24T17:41:08.004Z","buy","maker"
"0.38600","584.89770000","2024-06-24T17:38:21.849Z","sell","maker"
"0.38600","244.93934851","2024-06-24T17:28:45.421Z","sell","maker"
"0.38800","243.67677455","2024-06-24T17:21:08.881Z","sell","maker"
"0.39100","243.43308898","2024-06-24T17:16:14.727Z","buy","maker"
"0.38900","244.69440032","2024-06-24T17:13:52.784Z","buy","maker"
"0.38600","244.93934851","2024-06-24T17:11:51.112Z","sell","maker"
"0.38900","244.69440032","2024-06-24T17:03:45.291Z","buy","maker"
"0.38600","244.93934851","2024-06-24T16:51:55.709Z","sell","maker"
"0.38900","244.69440032","2024-06-24T16:13:49.982Z","buy","maker"
"0.38700","440.52863436","2024-06-24T16:09:07.893Z","buy","maker"
"0.38600","1364.23841059","2024-06-24T16:06:11.746Z","sell","maker"
"0.38600","65.18422201","2024-06-24T15:53:40.213Z","sell","maker"
"0.38600","244.93934851","2024-06-24T15:53:40.213Z","sell","maker"
"0.38700","61.69665810","2024-06-24T15:47:30.591Z","sell","maker"
"0.38900","3856.04113110","2024-06-24T15:13:11.040Z","buy","maker"
"0.38900","936.15590890","2024-06-24T15:13:11.040Z","buy","maker"
"0.38800","243.67677455","2024-06-24T14:42:12.079Z","sell","maker"
"0.39100","177.80365242","2024-06-24T14:01:04.611Z","buy","maker"
"0.39100","65.62943656","2024-06-24T13:35:31.712Z","buy","maker"
"0.39000","11.01391572","2024-06-24T13:34:41.523Z","buy","maker"
"0.38900","216.83466032","2024-06-24T13:34:38.773Z","buy","maker"
"0.38900","27.85974000","2024-06-24T13:33:26.382Z","buy","maker"
"0.38700","1987.47175711","2024-06-24T12:11:07.928Z","buy","taker"
"0.38800","2.53923000","2024-06-24T11:00:00.050Z","buy","maker"
"0.38600","244.93934851","2024-06-24T10:21:13.665Z","sell","maker"
"0.38800","515.05387012","2024-06-24T10:12:22.916Z","sell","maker"
"0.38800","1190.15648951","2024-06-24T10:11:55.458Z","sell","taker"
"0.38900","244.69440032","2024-06-24T10:04:14.969Z","buy","maker"
"0.38900","39.60000000","2024-06-24T10:04:14.969Z","buy","maker"
"0.38900","619.68488848","2024-06-24T10:04:14.969Z","buy","maker"
"0.38700","245.96885033","2024-06-24T09:56:41.727Z","buy","maker"
"0.38700","112.74034595","2024-06-24T09:56:41.727Z","buy","maker"
"0.38500","247.25664535","2024-06-24T09:54:35.425Z","buy","maker"
"0.38400","11.01391572","2024-06-24T09:52:47.194Z","buy","maker"
"0.38300","248.55799612","2024-06-24T09:48:10.499Z","buy","maker"
"0.38300","619.68488848","2024-06-24T09:48:10.499Z","buy","maker"
"0.38300","39.60000000","2024-06-24T09:48:10.499Z","buy","maker"
"0.38100","249.87311779","2024-06-24T09:46:51.924Z","buy","maker"
"0.38100","54.37489508","2024-06-24T09:46:51.924Z","buy","maker"
"0.38000","49.32432935","2024-06-24T09:45:57.639Z","buy","maker"
"0.37800","25.14450256","2024-06-24T09:44:30.570Z","sell","maker"
"0.37900","251.20223012","2024-06-24T09:41:50.524Z","buy","maker"
"0.37800","3811.98756983","2024-06-24T09:39:38.172Z","buy","maker"
"0.37800","3810.87139725","2024-06-24T09:38:49.933Z","buy","maker"
"0.37800","3792.11673780","2024-06-24T09:38:32.853Z","buy","maker"
"0.37600","251.45369289","2024-06-24T09:37:28.695Z","sell","maker"
"0.37900","251.20223012","2024-06-24T09:36:04.371Z","buy","maker"
"0.37900","79.15567282","2024-06-24T09:36:04.371Z","buy","maker"
"0.37800","11.01391572","2024-06-24T09:35:03.371Z","buy","maker"
"0.37700","252.54555755","2024-06-24T09:34:33.214Z","buy","maker"
"0.37700","619.68488848","2024-06-24T09:34:33.214Z","buy","maker"
"0.37700","39.60000000","2024-06-24T09:34:33.214Z","buy","maker"
"0.37500","253.90332937","2024-06-24T09:33:46.043Z","sell","maker"
"0.37100","628.69919934","2024-06-24T09:33:29.001Z","sell","maker"
"0.37100","40.14382749","2024-06-24T09:33:29.001Z","sell","maker"
"0.37200","254.15749604","2024-06-24T09:33:27.019Z","sell","maker"
"0.37200","11.14677457","2024-06-24T09:33:27.019Z","sell","maker"
"0.37300","38.64497000","2024-06-24T09:33:26.393Z","buy","maker"
"0.37400","252.79836504","2024-06-24T09:33:24.879Z","sell","maker"
"0.37600","251.45369289","2024-06-24T09:33:19.370Z","sell","maker"
"0.37600","7814.26000000","2024-06-24T09:33:19.370Z","sell","maker"
"0.37700","628.53997954","2024-06-24T09:33:18.039Z","sell","maker"
"0.37700","40.13368700","2024-06-24T09:33:18.039Z","sell","maker"
"0.37700","112.96628759","2024-06-24T09:33:18.039Z","sell","maker"
"0.37800","250.12325007","2024-06-24T09:33:15.618Z","sell","maker"
"0.37800","11.14397787","2024-06-24T09:33:15.618Z","sell","maker"
"0.38000","248.80681191","2024-06-24T09:32:14.855Z","sell","maker"
"0.38100","49.35064935","2024-06-24T09:31:25.915Z","sell","maker"
"0.38200","247.50415844","2024-06-24T09:30:34.846Z","sell","maker"
"0.38400","246.21507429","2024-06-24T09:05:24.867Z","sell","maker"
"0.38400","54.40414508","2024-06-24T09:05:24.867Z","sell","maker"
"0.38700","245.96885033","2024-06-24T08:32:09.119Z","buy","maker"
"0.38700","112.74034594","2024-06-24T08:32:09.119Z","buy","maker"
"0.38500","247.25664535","2024-06-24T08:31:00.346Z","buy","maker"
"0.38300","49.97319000","2024-06-24T08:21:51.982Z","buy","maker"
"0.38200","3892.61580628","2024-06-24T08:20:34.410Z","buy","maker"
"0.38200","247.50415844","2024-06-24T08:11:07.012Z","sell","maker"
"0.38300","50.00000000","2024-06-24T08:06:32.742Z","sell","maker"
"0.38300","3018.67625000","2024-06-24T07:58:44.426Z","sell","maker"
"0.38500","247.25664535","2024-06-24T07:40:41.248Z","buy","maker"
"0.38500","40.17577794","2024-06-24T07:40:41.248Z","buy","maker"
"0.38400","18.16319079","2024-06-24T06:55:34.371Z","buy","taker"
"0.38400","11.01391572","2024-06-24T06:55:34.272Z","buy","taker"
"0.38400","3.00910544","2024-06-24T06:55:34.272Z","buy","taker"
"0.38300","248.55799612","2024-06-24T06:51:09.852Z","buy","maker"
"0.38300","619.68488848","2024-06-24T06:51:09.852Z","buy","maker"
"0.38300","39.60000000","2024-06-24T06:51:09.852Z","buy","maker"
"0.38100","238.87311779","2024-06-24T06:20:34.590Z","buy","maker"
"0.38100","11.00000000","2024-06-24T06:18:30.007Z","buy","taker"
"0.37900","251.20223012","2024-06-24T06:00:47.124Z","buy","maker"
"0.37600","251.45369289","2024-06-24T05:43:22.808Z","sell","maker"
"0.37800","11.01391572","2024-06-24T05:25:13.120Z","buy","maker"
"0.37700","628.53997954","2024-06-24T05:23:42.586Z","sell","maker"
"0.37700","40.13368700","2024-06-24T05:23:42.586Z","sell","maker"
"0.37700","112.96628759","2024-06-24T05:23:42.586Z","sell","maker"
"0.37800","250.12325007","2024-06-24T05:23:10.599Z","sell","maker"
"0.37800","78.17224571","2024-06-24T05:23:10.599Z","sell","maker"
"0.37800","11.13935860","2024-06-24T05:23:10.599Z","sell","maker"
"0.38000","248.80681191","2024-06-24T05:19:13.725Z","sell","maker"
"0.38200","247.50415844","2024-06-24T05:08:37.561Z","sell","maker"
"0.38300","628.38569613","2024-06-24T05:07:21.423Z","sell","maker"
"0.38300","40.12381201","2024-06-24T05:07:21.423Z","sell","maker"
"0.38400","246.21507429","2024-06-24T05:05:43.826Z","sell","maker"
"0.38400","11.14126856","2024-06-24T05:05:43.826Z","sell","maker"
"0.38400","61.38107417","2024-06-24T05:05:43.826Z","sell","maker"
"0.38500","938.57493857","2024-06-24T04:45:40.554Z","buy","maker"
"0.38600","244.93934851","2024-06-24T03:55:46.113Z","sell","maker"
"0.38800","243.67677455","2024-06-24T03:22:20.529Z","sell","maker"
"0.39000","11.01391572","2024-06-24T03:13:40.021Z","buy","taker"
"0.39000","641.31671085","2024-06-24T03:13:40.021Z","buy","taker"
"0.39100","192.15103772","2024-06-24T03:13:40.021Z","buy","taker"
"0.39100","435.95905371","2024-06-24T03:13:40.021Z","buy","taker"
"0.38900","193.14800858","2024-06-24T03:10:07.232Z","buy","maker"
"0.38900","40.89848611","2024-06-24T03:10:07.232Z","buy","maker"
"0.38900","51.54639174","2024-06-24T03:07:34.077Z","buy","taker"
"0.38800","49.06893724","2024-06-24T03:07:13.388Z","buy","maker"
"0.38700","245.96885033","2024-06-24T03:02:36.110Z","buy","maker"
"0.38500","11.01391572","2024-06-24T02:56:58.140Z","sell","maker"
"0.38400","246.21507429","2024-06-24T02:55:11.431Z","sell","maker"
"0.38400","11.10772690","2024-06-24T02:55:11.431Z","sell","maker"
"0.38600","206.70582851","2024-06-24T02:54:52.990Z","sell","maker"
"0.38600","110.33235860","2024-06-24T02:54:52.990Z","sell","maker"
"0.38600","38.23352000","2024-06-24T02:46:05.584Z","sell","maker"
"0.38800","49.09560724","2024-06-24T02:41:19.247Z","sell","maker"
"0.38800","606.98186000","2024-06-24T02:32:05.520Z","sell","maker"
"0.39100","51.28205127","2024-06-24T02:03:02.561Z","buy","taker"
"0.39000","1307.55637605","2024-06-24T02:02:56.414Z","sell","taker"
"0.38800","40.92071611","2024-06-24T01:41:31.782Z","sell","maker"
"0.38700","72.71836810","2024-06-24T01:21:14.375Z","sell","maker"
"0.38800","243.67677455","2024-06-24T01:19:28.258Z","sell","maker"
"0.39100","243.48182609","2024-06-24T00:42:09.903Z","buy","maker"
"0.39000","693.05451282","2024-06-24T00:37:54.927Z","buy","taker"
"0.39000","403.33029827","2024-06-24T00:25:01.837Z","buy","taker"
"0.39000","224.37920513","2024-06-24T00:25:01.837Z","buy","taker"
"0.38900","4.81254000","2024-06-24T00:08:26.261Z","sell","maker"
"0.38800","16.75569778","2024-06-23T23:44:14.110Z","buy","maker"
"0.38800","243.67677455","2024-06-23T23:35:10.706Z","sell","maker"
"0.39000","242.42715007","2024-06-23T22:35:13.377Z","sell","maker"
"0.39300","3813.48735947","2024-06-23T21:11:59.093Z","sell","maker"
"0.39300","2544.52926208","2024-06-23T21:11:59.093Z","sell","maker"
"0.39300","6136.22417672","2024-06-23T21:11:59.093Z","sell","maker"
"0.39300","2544.52926208","2024-06-23T21:11:59.093Z","sell","maker"
"0.39300","3816.79389312","2024-06-23T21:11:59.093Z","sell","maker"
"0.39300","70.72618205","2024-06-23T21:11:59.093Z","sell","maker"
"0.39200","241.19027685","2024-06-23T21:11:59.093Z","sell","maker"
"0.39200","3004.82958763","2024-06-23T21:11:59.093Z","sell","maker"
"0.39500","758.70270000","2024-06-23T21:04:28.917Z","buy","maker"
"0.39500","240.94907787","2024-06-23T21:01:07.408Z","buy","maker"
"0.39400","29.82316544","2024-06-23T21:01:00.475Z","buy","maker"
"0.39300","242.18471417","2024-06-23T21:00:39.508Z","buy","maker"
"0.39200","48.19682025","2024-06-23T20:47:10.500Z","buy","maker"
"0.39000","11.01391572","2024-06-23T20:35:36.937Z","sell","maker"
"0.38900","40.21583547","2024-06-23T20:34:15.537Z","sell","maker"
"0.38900","629.82667310","2024-06-23T20:34:15.537Z","sell","maker"
"0.39000","242.42715007","2024-06-23T20:34:13.196Z","sell","maker"
"0.39100","11.16623646","2024-06-23T20:34:08.986Z","sell","maker"
"0.39200","241.19027685","2024-06-23T20:33:58.827Z","sell","maker"
"0.39300","1851.53954748","2024-06-23T20:13:32.337Z","sell","taker"
"0.39300","48.22335025","2024-06-23T20:10:03.248Z","sell","maker"
"0.39400","950.73380000","2024-06-23T19:16:45.814Z","sell","maker"
"0.39500","250.00000006","2024-06-23T17:36:29.339Z","sell","taker"
"0.39500","240.94907787","2024-06-23T17:17:10.303Z","buy","maker"
"0.39400","48.07479582","2024-06-23T17:09:21.058Z","buy","maker"
"0.39200","241.19027685","2024-06-23T16:55:52.042Z","sell","maker"
"0.39300","44.97323541","2024-06-23T16:55:31.217Z","sell","maker"
"0.39300","48.10126582","2024-06-23T16:55:31.217Z","sell","maker"
"0.39400","88.62688851","2024-06-23T16:52:36.482Z","sell","maker"
"0.39700","23.04416000","2024-06-23T16:19:02.679Z","buy","maker"
"0.39400","126.82926829","2024-06-23T15:47:10.145Z","sell","taker"
"0.39400","24.50980392","2024-06-23T15:47:10.145Z","sell","taker"
"0.39500","629.65758270","2024-06-23T15:47:10.144Z","sell","maker"
"0.39500","40.20506329","2024-06-23T15:47:10.144Z","sell","maker"
"0.39600","238.75401143","2024-06-23T15:47:01.615Z","sell","maker"
"0.39600","107.54618793","2024-06-23T15:47:01.615Z","sell","maker"
"0.39700","52.89672544","2024-06-23T15:23:05.343Z","sell","maker"
"0.39800","62.58740000","2024-06-23T14:55:18.158Z","buy","maker"
"0.39800","237.55424253","2024-06-23T14:53:10.884Z","sell","maker"
"0.39800","11.16280368","2024-06-23T14:53:10.884Z","sell","maker"
"0.40000","36.53650000","2024-06-23T14:22:26.576Z","buy","maker"
"0.40000","14.81805600","2024-06-23T14:15:17.646Z","buy","maker"
"0.40100","235.77702874","2024-06-23T13:26:16.214Z","sell","maker"
"0.40100","40.19456359","2024-06-23T13:26:16.214Z","sell","maker"
"0.40300","47.11980199","2024-06-23T12:42:08.211Z","buy","maker"
"0.40200","629.46661539","2024-06-23T11:51:32.544Z","sell","maker"
"0.40300","248.13895781","2024-06-23T11:04:52.502Z","buy","taker"
"0.40400","2.43867000","2024-06-23T11:00:00.035Z","buy","maker"
"0.40300","47.14640199","2024-06-23T10:47:31.799Z","sell","maker"
"0.40500","5.00000000","2024-06-23T10:23:22.865Z","sell","maker"
"0.40300","194.64720194","2024-06-23T09:49:30.705Z","sell","taker"
"0.40400","37.02858078","2024-06-23T09:38:51.482Z","sell","maker"
"0.40400","196.99762844","2024-06-23T09:36:31.383Z","sell","taker"
"0.40500","23.04361000","2024-06-23T09:09:44.318Z","sell","maker"
"0.40500","11.15944018","2024-06-23T08:50:28.374Z","sell","maker"
"0.40700","938.57493857","2024-06-23T08:18:46.414Z","sell","maker"
"0.40700","2.55964988","2024-06-23T08:00:50.221Z","buy","maker"
"0.40700","3680.47513098","2024-06-23T08:00:50.221Z","buy","maker"
"0.40700","17.20336251","2024-06-23T08:00:45.886Z","buy","maker"
"0.40700","17.20336251","2024-06-23T08:00:45.774Z","buy","maker"
"0.40700","17.20336251","2024-06-23T08:00:45.574Z","buy","maker"
"0.40700","17.20336251","2024-06-23T08:00:45.545Z","buy","maker"
"0.40700","17.20336251","2024-06-23T08:00:45.483Z","buy","maker"
"0.40700","17.20336251","2024-06-23T08:00:45.411Z","buy","maker"
"0.40700","17.20336251","2024-06-23T08:00:45.377Z","buy","maker"
"0.40700","17.20336251","2024-06-23T08:00:45.280Z","buy","maker"
"0.40700","17.20336251","2024-06-23T08:00:45.259Z","buy","maker"
"0.40700","17.20336251","2024-06-23T08:00:45.235Z","buy","maker"
"0.40700","17.20336251","2024-06-23T08:00:45.151Z","buy","maker"
"0.40700","17.20336251","2024-06-23T08:00:45.137Z","buy","maker"
"0.40700","3681.95977074","2024-06-23T08:00:45.137Z","buy","maker"
"0.40600","150.00000000","2024-06-23T07:53:56.800Z","sell","maker"
"0.40800","51.75687000","2024-06-23T07:43:23.709Z","buy","maker"
"0.40800","35.67203892","2024-06-23T07:20:00.822Z","buy","taker"
"0.40800","31.97801141","2024-06-23T07:20:00.753Z","buy","taker"
"0.40700","76.83221313","2024-06-23T06:31:38.114Z","sell","maker"
"0.40700","232.30120031","2024-06-23T06:31:38.114Z","sell","maker"
"0.40700","56.37254902","2024-06-23T06:31:38.114Z","sell","maker"
"0.40800","3760.82740619","2024-06-23T06:31:35.958Z","sell","maker"
"0.40800","385.98116411","2024-06-23T06:31:35.958Z","sell","maker"
"0.40900","150.00000000","2024-06-23T06:21:12.357Z","sell","maker"
"0.41100","21.74098212","2024-06-23T04:30:48.688Z","buy","taker"
"0.41000","6136.22417672","2024-06-23T04:27:49.835Z","sell","maker"
"0.41000","547.92216328","2024-06-23T04:27:49.835Z","sell","maker"
"0.41000","45.49806000","2024-06-23T04:03:23.292Z","sell","maker"
"0.41100","24.12177000","2024-06-23T03:38:18.380Z","buy","maker"
"0.40800","24.06595000","2024-06-23T03:01:24.564Z","sell","maker"
"0.40900","24.42694000","2024-06-23T03:00:55.083Z","buy","maker"
"0.40800","40.18274509","2024-06-23T02:45:34.251Z","sell","maker"
"0.41000","212.12969107","2024-06-23T02:05:02.779Z","sell","maker"
"0.41100","30.74733200","2024-06-23T01:51:37.551Z","sell","maker"
"0.41100","44.00221570","2024-06-23T01:16:12.705Z","sell","maker"
"0.41000","18.47174436","2024-06-23T01:16:12.705Z","sell","maker"
"0.41200","75.89978336","2024-06-23T01:12:26.678Z","sell","maker"
"0.41100","32.08223867","2024-06-23T01:12:26.678Z","sell","maker"
"0.41400","19.97220000","2024-06-23T00:52:14.331Z","sell","maker"
"0.41500","39.60000000","2024-06-23T00:50:36.885Z","buy","maker"
"0.41400","75.82388531","2024-06-23T00:41:57.619Z","buy","maker"
"0.41400","43.80292817","2024-06-23T00:41:57.619Z","buy","maker"
"0.41300","230.41694762","2024-06-23T00:30:26.913Z","buy","maker"
"0.41300","76.08445437","2024-06-23T00:30:26.913Z","buy","maker"
"0.41200","58.35468000","2024-06-23T00:26:16.937Z","sell","maker"
"0.41200","11.01391572","2024-06-23T00:16:10.380Z","buy","maker"
"0.41100","6.41492000","2024-06-22T23:23:41.961Z","sell","maker"
"0.41100","161.11966188","2024-06-22T23:15:08.985Z","buy","taker"
"0.41100","33.52754006","2024-06-22T23:15:08.985Z","buy","taker"
"0.41000","105.28608435","2024-06-22T23:02:30.119Z","buy","maker"
"0.40800","24.50980392","2024-06-22T22:08:14.712Z","buy","taker"
"0.40900","76.75538266","2024-06-22T21:56:14.213Z","buy","maker"
"0.40900","3674.05292908","2024-06-22T21:56:14.213Z","buy","maker"
"0.40900","1419.05168826","2024-06-22T21:56:14.213Z","buy","maker"
"0.40700","2457.00245700","2024-06-22T21:43:02.168Z","sell","maker"
"0.40700","1096.92853300","2024-06-22T21:43:02.168Z","sell","maker"
"0.40700","59.96606000","2024-06-22T20:51:58.185Z","buy","maker"
"0.40700","233.83898150","2024-06-22T20:51:58.185Z","buy","maker"
"0.40300","195.59902200","2024-06-22T20:11:53.076Z","sell","maker"
"0.40400","234.02620922","2024-06-22T20:11:35.242Z","sell","maker"
"0.40400","60.00000000","2024-06-22T20:11:35.242Z","sell","maker"
"0.40700","76.83221313","2024-06-22T19:06:09.790Z","sell","maker"
"0.41000","126.82926829","2024-06-22T18:36:56.242Z","buy","taker"
"0.40900","500.84124914","2024-06-22T17:41:27.267Z","buy","maker"
"0.40900","76.75538266","2024-06-22T17:37:55.302Z","buy","taker"
"0.40900","118.84363934","2024-06-22T17:37:55.302Z","buy","taker"
"0.40800","39.60000000","2024-06-22T16:40:47.878Z","buy","maker"
"0.40700","233.83900624","2024-06-22T16:20:50.409Z","buy","maker"
"0.40700","107.33108691","2024-06-22T16:20:50.409Z","buy","maker"
"0.40500","197.04433497","2024-06-22T15:01:34.978Z","sell","maker"
"0.40500","197.04433497","2024-06-22T14:59:08.724Z","buy","taker"
"0.40600","25.03278441","2024-06-22T14:39:08.590Z","buy","taker"
"0.40500","61.49291000","2024-06-22T14:22:35.035Z","buy","maker"
"0.40300","197.53086419","2024-06-22T13:29:17.911Z","sell","maker"
"0.40400","197.53086419","2024-06-22T13:28:53.028Z","buy","taker"
"0.40400","235.58842525","2024-06-22T13:23:59.614Z","buy","maker"
"0.40300","22.83777000","2024-06-22T13:22:04.468Z","sell","taker"
"0.40300","45.52210540","2024-06-22T13:13:00.132Z","buy","taker"
"0.40300","21.46093000","2024-06-22T13:02:18.073Z","sell","maker"
"0.40200","57.03960030","2024-06-22T12:22:01.569Z","buy","maker"
"0.40200","955.00000000","2024-06-22T12:22:01.569Z","buy","maker"
"0.40100","726.00152470","2024-06-22T12:16:08.424Z","sell","maker"
"0.40100","199.00497512","2024-06-22T11:59:28.476Z","sell","maker"
"0.40200","199.00497512","2024-06-22T11:58:59.222Z","buy","taker"
"0.40100","286.98495000","2024-06-22T11:47:08.480Z","sell","maker"
"0.40100","21.76791330","2024-06-22T11:00:35.677Z","sell","maker"
"0.40200","2.45080000","2024-06-22T11:00:00.097Z","buy","maker"
"0.40100","214.00911544","2024-06-22T10:45:31.849Z","sell","taker"
"0.40500","57.07196030","2024-06-22T10:02:11.369Z","sell","maker"
"0.40500","11.01391572","2024-06-22T09:59:21.135Z","buy","maker"
"0.40400","199.00497512","2024-06-22T09:54:01.808Z","sell","maker"
"0.40400","36.58342519","2024-06-22T09:53:54.843Z","buy","maker"
"0.40400","199.00497512","2024-06-22T09:53:40.883Z","buy","taker"
"0.40100","67.03489723","2024-06-22T09:42:00.640Z","sell","maker"
"0.40100","47.59231762","2024-06-22T08:38:11.846Z","buy","maker"
"0.40100","3736.25850042","2024-06-22T08:38:11.846Z","buy","maker"
"0.40000","499.65958745","2024-06-22T08:28:05.052Z","sell","taker"
"0.40000","3744.78392581","2024-06-22T08:28:05.052Z","sell","taker"
"0.40000","544.11678674","2024-06-22T08:28:05.052Z","sell","taker"
"0.40000","955.00000000","2024-06-22T08:20:14.698Z","sell","maker"
"0.40200","9968.47632033","2024-06-22T07:10:50.036Z","sell","maker"
"0.40200","42.60869000","2024-06-22T07:06:32.796Z","sell","maker"
"0.40300","13.44333959","2024-06-22T06:40:32.819Z","buy","maker"
"0.40300","2.40328000","2024-06-22T06:23:15.309Z","buy","maker"
"0.40200","198.01980198","2024-06-22T05:50:22.665Z","sell","maker"
"0.40300","198.01980198","2024-06-22T05:49:26.748Z","buy","taker"
"0.40300","56.98922600","2024-06-22T05:30:59.773Z","sell","maker"
"0.40200","46.63368600","2024-06-22T05:29:48.284Z","sell","maker"
"0.40300","24.64716000","2024-06-22T05:28:36.646Z","buy","maker"
"0.40200","56.89881307","2024-06-22T05:19:05.149Z","buy","maker"
"0.40100","17.74398783","2024-06-22T04:53:50.999Z","buy","maker"
"0.40000","725.00000000","2024-06-22T04:13:01.352Z","sell","maker"
"0.40000","56.93069307","2024-06-22T03:24:06.625Z","sell","maker"
"0.40000","17.77954693","2024-06-22T03:24:06.625Z","sell","maker"
"0.40100","120.75139000","2024-06-22T02:53:56.240Z","buy","maker"
"0.40100","47.61904762","2024-06-22T02:53:27.548Z","sell","maker"
"0.40100","95.72573285","2024-06-22T02:39:15.620Z","buy","maker"
"0.39900","5.97342000","2024-06-22T02:14:37.666Z","sell","maker"
"0.39800","200.00000000","2024-06-22T01:45:32.242Z","sell","maker"
"0.39900","200.00000000","2024-06-22T01:45:07.136Z","buy","taker"
"0.39900","200.00000000","2024-06-22T01:16:20.108Z","sell","maker"
"0.40000","58.36154058","2024-06-22T01:15:44.700Z","buy","taker"
"0.40100","141.63845942","2024-06-22T01:15:44.700Z","buy","taker"
"0.39900","238.56300133","2024-06-22T01:11:05.331Z","buy","maker"
"0.39600","70.17360000","2024-06-22T00:53:39.425Z","buy","maker"
"0.39600","238.75401143","2024-06-22T00:53:23.254Z","sell","maker"
"0.39600","107.54618793","2024-06-22T00:53:23.254Z","sell","maker"
"0.39700","390.53489000","2024-06-22T00:45:07.312Z","sell","maker"
"0.39800","11.01391572","2024-06-22T00:36:05.326Z","buy","maker"
"0.39700","790.35096896","2024-06-22T00:20:39.359Z","sell","maker"
"0.39700","67.51111540","2024-06-22T00:20:23.141Z","sell","maker"
"0.39800","237.55424253","2024-06-22T00:20:11.315Z","sell","maker"
"0.39800","11.12918559","2024-06-22T00:20:11.315Z","sell","maker"
"0.39900","30.22772122","2024-06-22T00:05:57.125Z","sell","maker"
"0.39900","58.39416058","2024-06-22T00:05:57.125Z","sell","maker"
"0.40000","497.43854957","2024-06-22T00:04:49.671Z","sell","maker"
"0.40300","78.53533862","2024-06-21T23:06:03.264Z","buy","maker"
"0.40300","36.24845400","2024-06-21T22:24:17.972Z","sell","maker"
"0.40100","2674.52087000","2024-06-21T22:18:02.096Z","sell","maker"
"0.40300","2481.38957816","2024-06-21T21:56:06.334Z","buy","maker"
"0.40300","2481.38957816","2024-06-21T21:56:06.334Z","buy","maker"
"0.40300","316.27084368","2024-06-21T21:56:06.334Z","buy","maker"
"0.40300","12.30602700","2024-06-21T21:51:02.636Z","buy","maker"
"0.40100","52.36014500","2024-06-21T21:36:45.755Z","buy","maker"
"0.40100","56.27980400","2024-06-21T21:32:51.615Z","buy","maker"
"0.40300","2477.00000000","2024-06-21T21:08:37.085Z","buy","taker"
"0.40100","235.77702874","2024-06-21T20:44:10.613Z","sell","maker"
"0.40400","14.67128712","2024-06-21T20:21:03.928Z","buy","taker"
"0.40400","479.45884296","2024-06-21T19:56:13.429Z","buy","maker"
"0.40400","462.73353449","2024-06-21T19:56:06.212Z","buy","maker"
"0.40400","446.13322832","2024-06-21T19:56:03.600Z","buy","maker"
"0.40400","118.49384587","2024-06-21T19:56:02.062Z","buy","maker"
"0.40400","311.25868076","2024-06-21T19:56:02.062Z","buy","maker"
"0.40200","102.95525000","2024-06-21T19:32:47.776Z","sell","maker"
"0.40200","199.50124688","2024-06-21T18:58:42.973Z","sell","maker"
"0.40200","199.50124688","2024-06-21T18:57:21.821Z","buy","taker"
"0.40000","1973.68421052","2024-06-21T18:27:25.085Z","buy","maker"
"0.40100","198.01980198","2024-06-21T17:56:17.954Z","sell","maker"
"0.40200","198.01980198","2024-06-21T17:55:51.760Z","buy","taker"
"0.40400","117.09455445","2024-06-21T17:46:34.272Z","buy","maker"
"0.40100","235.77702874","2024-06-21T17:35:32.713Z","sell","maker"
"0.40100","40.19456359","2024-06-21T17:35:32.713Z","sell","maker"
"0.40200","629.46666514","2024-06-21T17:23:55.217Z","sell","maker"
"0.40500","144.93400000","2024-06-21T17:07:40.356Z","sell","maker"
"0.40400","34.99000000","2024-06-21T16:57:05.183Z","buy","maker"
"0.40300","587.17308000","2024-06-21T16:50:13.405Z","sell","maker"
"0.40300","2360.32000000","2024-06-21T16:42:59.423Z","sell","maker"
"0.40300","28.50256592","2024-06-21T16:28:54.375Z","sell","taker"
"0.40300","18.00906198","2024-06-21T16:28:54.375Z","sell","taker"
"0.40400","211.70732887","2024-06-21T16:25:21.578Z","sell","maker"
"0.40600","90.29678312","2024-06-21T16:15:31.370Z","sell","maker"
"0.40600","43.24782000","2024-06-21T16:03:20.978Z","buy","maker"
"0.40600","3595.82652572","2024-06-21T15:47:18.159Z","buy","maker"
"0.40500","11.15944018","2024-06-21T15:37:10.919Z","sell","maker"
"0.40400","22.31888035","2024-06-21T15:37:10.919Z","sell","maker"
"0.40700","232.30120031","2024-06-21T15:35:35.596Z","sell","maker"
"0.40700","76.83221313","2024-06-21T15:35:35.596Z","sell","maker"
"0.41000","11.78273000","2024-06-21T15:31:01.592Z","buy","maker"
"0.41200","11.01391572","2024-06-21T15:01:29.321Z","buy","maker"
"0.40900","76.45650549","2024-06-21T14:40:53.605Z","sell","maker"
"0.41100","51.73360500","2024-06-21T14:37:37.500Z","buy","maker"
"0.41100","76.45650549","2024-06-21T14:16:03.151Z","buy","maker"
"0.41000","232.11535265","2024-06-21T14:15:37.743Z","buy","maker"
"0.40500","1842.20261000","2024-06-21T13:51:11.199Z","sell","maker"
"0.40800","127.87000000","2024-06-21T13:35:28.825Z","buy","maker"
"0.40800","40.87000000","2024-06-21T13:34:57.664Z","buy","maker"
"0.40700","3641.20656422","2024-06-21T13:34:45.295Z","buy","maker"
"0.40500","11.01391572","2024-06-21T13:29:26.616Z","sell","maker"
"0.40500","11.15944018","2024-06-21T13:28:27.684Z","sell","maker"
"0.40700","76.83221313","2024-06-21T13:11:40.137Z","sell","maker"
"0.40700","232.30120031","2024-06-21T13:11:40.137Z","sell","maker"
"0.40700","36.23609269","2024-06-21T13:11:40.137Z","sell","maker"
"0.40600","104.89726704","2024-06-21T13:11:40.137Z","sell","maker"
"0.40600","62.87101294","2024-06-21T13:11:40.137Z","sell","maker"
"0.40600","522.97073227","2024-06-21T13:11:40.137Z","sell","maker"
"0.40800","76.64389889","2024-06-21T13:05:29.039Z","sell","maker"
"0.40800","40.18274509","2024-06-21T13:05:29.039Z","sell","maker"
"0.40900","629.28228265","2024-06-21T13:03:22.929Z","sell","maker"
"0.41000","230.60143543","2024-06-21T12:46:16.025Z","sell","maker"
"0.41100","150.00000000","2024-06-21T12:35:30.100Z","sell","maker"
"0.41200","75.89978336","2024-06-21T12:20:09.160Z","sell","maker"
"0.41300","228.92636447","2024-06-21T12:15:50.484Z","sell","maker"
"0.41400","64.53311774","2024-06-21T12:09:08.122Z","sell","maker"
"0.41500","75.35111023","2024-06-21T12:08:01.836Z","sell","maker"
"0.41700","75.27573673","2024-06-21T11:50:46.976Z","buy","maker"
"0.41700","3596.28082393","2024-06-21T11:50:46.976Z","buy","maker"
"0.41500","64.35111023","2024-06-21T11:45:19.307Z","sell","maker"
"0.41500","11.00000000","2024-06-21T11:39:21.002Z","sell","taker"
"0.41700","11.00000000","2024-06-21T11:00:00.400Z","sell","taker"
"0.41800","2.35699000","2024-06-21T11:00:00.054Z","buy","maker"
"0.41600","11.00000000","2024-06-21T10:58:49.781Z","sell","taker"
"0.41700","75.27576083","2024-06-21T10:42:19.590Z","buy","maker"
"0.41400","11.00000000","2024-06-21T10:37:20.380Z","sell","taker"
"0.41500","75.35111023","2024-06-21T10:37:20.054Z","sell","maker"
"0.41900","11.00000000","2024-06-21T10:31:03.495Z","buy","taker"
"0.41700","75.35111023","2024-06-21T10:28:48.122Z","buy","maker"
"0.41600","75.45758633","2024-06-21T10:25:12.895Z","buy","maker"
"0.41600","228.74321678","2024-06-21T10:25:12.895Z","buy","maker"
"0.41500","25.33228490","2024-06-21T10:24:14.002Z","buy","maker"
"0.41500","31.07000000","2024-06-21T10:10:41.246Z","buy","maker"
"0.41400","75.89978336","2024-06-21T10:06:14.922Z","buy","maker"
"0.41300","230.41694763","2024-06-21T10:04:46.293Z","buy","maker"
"0.40900","76.45650549","2024-06-21T09:39:53.254Z","sell","maker"
"0.41000","230.60143543","2024-06-21T09:27:20.986Z","sell","maker"
"0.41100","76.08445437","2024-06-21T09:19:01.908Z","sell","maker"
"0.41300","76.00837165","2024-06-21T09:11:26.831Z","buy","maker"
"0.41300","230.41694762","2024-06-21T09:11:26.831Z","buy","maker"
"0.41200","200.00000000","2024-06-21T09:11:16.309Z","sell","taker"
"0.41000","230.60143543","2024-06-21T08:57:43.550Z","sell","maker"
"0.41100","76.08445437","2024-06-21T08:57:20.431Z","sell","maker"
"0.41300","55.42168675","2024-06-21T08:56:38.128Z","sell","maker"
"0.41300","228.92636447","2024-06-21T08:55:36.497Z","sell","maker"
"0.41400","75.53311774","2024-06-21T08:55:25.863Z","sell","maker"
"0.41600","217.74321678","2024-06-21T08:43:06.676Z","buy","maker"
"0.41600","75.45758633","2024-06-21T08:43:06.676Z","buy","maker"
"0.41600","619.68488848","2024-06-21T08:43:06.676Z","buy","maker"
"0.41500","39.60000000","2024-06-21T08:35:07.965Z","buy","maker"
"0.41300","76.00837164","2024-06-21T08:30:07.330Z","buy","maker"
"0.41300","230.41694762","2024-06-21T08:30:07.330Z","buy","maker"
"0.41100","76.38005072","2024-06-21T08:12:14.488Z","buy","maker"
"0.41100","916.06714628","2024-06-21T08:12:14.488Z","buy","maker"
"0.41000","76.56725673","2024-06-21T08:02:25.507Z","buy","maker"
"0.40800","76.64389889","2024-06-21T07:50:46.412Z","sell","maker"
"0.40800","40.18274509","2024-06-21T07:50:46.412Z","sell","maker"
"0.40800","26.81263787","2024-06-21T07:50:46.412Z","sell","maker"
"0.40900","76.45650549","2024-06-21T07:47:09.311Z","sell","maker"
"0.40900","629.28228265","2024-06-21T07:47:09.311Z","sell","maker"
"0.41000","230.60143543","2024-06-21T07:44:21.238Z","sell","maker"
"0.41000","59.94788773","2024-06-21T07:44:21.238Z","sell","maker"
"0.41100","76.08445437","2024-06-21T07:42:37.347Z","sell","maker"
"0.41600","11.00000000","2024-06-21T07:01:45.823Z","buy","taker"
"0.41500","11.00000000","2024-06-21T07:01:28.075Z","buy","taker"
"0.41500","11.00000000","2024-06-21T07:01:17.117Z","buy","taker"
"0.41400","11.00000000","2024-06-21T06:54:01.652Z","sell","taker"
"0.41500","11.00337349","2024-06-21T06:54:00.806Z","buy","maker"
"0.41300","11.00000000","2024-06-21T06:46:42.976Z","sell","taker"
"0.41400","12388.11000000","2024-06-21T06:46:42.633Z","buy","maker"
"0.41300","11.00000000","2024-06-21T06:46:22.101Z","sell","taker"
"0.41400","11.00000000","2024-06-21T06:43:10.599Z","buy","taker"
"0.41300","76.00837165","2024-06-21T06:43:10.226Z","buy","maker"
"0.41200","11.01391572","2024-06-21T06:35:27.064Z","buy","maker"
"0.41100","3530.76428359","2024-06-21T06:24:06.513Z","buy","maker"
"0.41100","76.08445437","2024-06-21T06:22:42.293Z","sell","maker"
"0.41200","25.28792476","2024-06-21T06:20:04.044Z","sell","maker"
"0.41200","11.15623953","2024-06-21T06:20:04.044Z","sell","maker"
"0.41400","2587.42279602","2024-06-21T06:03:17.169Z","sell","maker"
"0.41300","228.92636447","2024-06-21T06:03:17.169Z","sell","maker"
"0.41300","808.14195952","2024-06-21T06:03:17.169Z","sell","maker"
"0.41400","75.53311774","2024-06-21T06:03:17.104Z","sell","maker"
"0.41400","3548.80138070","2024-06-21T06:03:17.104Z","sell","maker"
"0.41500","12418.51593726","2024-06-21T06:03:15.122Z","sell","maker"
"0.41500","3608.94545552","2024-06-21T06:03:15.122Z","sell","maker"
"0.41500","3607.27541356","2024-06-21T06:03:15.118Z","sell","maker"
"0.41500","3608.00384882","2024-06-21T06:03:15.118Z","sell","maker"
"0.41500","8012.72073762","2024-06-21T06:03:15.118Z","sell","maker"
"0.41700","23.45891000","2024-06-21T05:42:17.338Z","buy","maker"
"0.41600","227.27545319","2024-06-21T05:13:16.564Z","sell","maker"
"0.41700","74.98971402","2024-06-21T05:07:10.950Z","sell","maker"
"0.42000","16951.46657680","2024-06-21T04:35:34.080Z","buy","maker"
"0.41900","74.91472601","2024-06-21T04:30:24.095Z","buy","maker"
"0.41900","227.09362626","2024-06-21T04:30:24.095Z","buy","maker"
"0.41900","54.21338302","2024-06-21T04:30:24.095Z","buy","maker"
"0.41700","129.40000000","2024-06-21T04:16:06.376Z","buy","maker"
"0.41700","206.03000000","2024-06-21T04:14:05.526Z","buy","maker"
"0.41700","916.06714628","2024-06-21T04:10:22.916Z","sell","maker"
"0.41600","44.99703668","2024-06-21T03:40:20.006Z","buy","maker"
"0.41600","3562.64920677","2024-06-21T03:40:20.006Z","buy","maker"
"0.41600","2403.84615384","2024-06-21T03:35:35.150Z","sell","maker"
"0.41600","2403.84615384","2024-06-21T03:35:35.150Z","sell","maker"
"0.41600","3605.76923076","2024-06-21T03:35:35.150Z","sell","maker"
"0.41600","3605.76923076","2024-06-21T03:35:35.150Z","sell","maker"
"0.41500","40.17132530","2024-06-21T03:32:27.198Z","sell","maker"
"0.41500","58.57861446","2024-06-21T03:32:27.198Z","sell","maker"
"0.41500","59.87710588","2024-06-21T03:32:27.198Z","sell","maker"
"0.41600","227.27545319","2024-06-21T03:32:02.430Z","sell","maker"
"0.41600","629.10410535","2024-06-21T03:32:02.430Z","sell","maker"
"0.41700","74.98971402","2024-06-21T03:27:04.973Z","sell","maker"
"0.41900","225.64818264","2024-06-21T02:58:15.135Z","sell","maker"
"0.42000","54.24528302","2024-06-21T02:37:38.753Z","sell","maker"
"0.42200","114.47673000","2024-06-21T02:33:51.798Z","buy","maker"
"0.42300","6797.41861168","2024-06-21T02:22:46.052Z","sell","maker"
"0.42300","45.02369668","2024-06-21T02:22:46.052Z","sell","maker"
"0.42300","116.19984901","2024-06-21T02:01:21.769Z","buy","taker"
"0.42300","619.68488848","2024-06-21T01:49:12.189Z","buy","maker"
"0.42200","225.46765759","2024-06-21T01:46:04.819Z","buy","maker"
"0.42100","49.38257471","2024-06-21T01:42:38.364Z","buy","maker"
"0.41900","74.91472602","2024-06-21T01:30:39.071Z","buy","maker"
"0.41900","227.09362626","2024-06-21T01:30:39.071Z","buy","maker"
"0.41600","227.27545319","2024-06-21T01:12:43.508Z","sell","maker"
"0.41600","629.10410535","2024-06-21T01:12:43.508Z","sell","maker"
"0.41600","102.37569812","2024-06-21T01:12:43.508Z","sell","maker"
"0.41600","23.85216347","2024-06-21T01:12:43.508Z","sell","maker"
"0.41700","74.98971402","2024-06-21T00:52:32.980Z","sell","maker"
"0.41900","11.01391572","2024-06-21T00:23:25.223Z","buy","maker"
"0.41800","59.87710588","2024-06-21T00:17:51.301Z","sell","maker"
"0.41900","225.64818264","2024-06-21T00:17:08.262Z","sell","maker"
"0.41900","11.15314581","2024-06-21T00:17:08.262Z","sell","maker"
"0.42100","22.44655582","2024-06-21T00:10:14.603Z","sell","maker"
"0.42200","224.04404864","2024-06-21T00:09:20.724Z","sell","maker"
"0.42200","40.16023696","2024-06-21T00:09:20.724Z","sell","maker"
"0.42200","49.41176471","2024-06-21T00:09:20.724Z","sell","maker"
"0.42300","628.93182516","2024-06-21T00:07:38.113Z","sell","maker"
"0.42300","52.93336375","2024-06-21T00:07:38.113Z","sell","maker"
"0.42400","0.07403486","2024-06-21T00:04:38.193Z","sell","maker"
"0.42400","146.71855514","2024-06-21T00:04:38.193Z","sell","maker"
"0.42500","941.17647058","2024-06-20T22:14:20.826Z","sell","taker"
"0.42500","222.46256124","2024-06-20T21:50:36.394Z","sell","maker"
"0.42500","21.17647059","2024-06-20T21:50:36.394Z","sell","maker"
"0.42600","33.01000000","2024-06-20T21:40:02.950Z","buy","maker"
"0.42800","44.78466075","2024-06-20T20:47:27.124Z","buy","maker"
"0.42800","18.69158879","2024-06-20T20:40:14.667Z","buy","maker"
"0.42800","222.28458476","2024-06-20T20:10:14.654Z","buy","maker"
"0.42600","36.92931115","2024-06-20T20:05:16.077Z","buy","maker"
"0.42500","44.81132075","2024-06-20T20:01:53.193Z","sell","maker"
"0.42400","22.87337925","2024-06-20T20:01:53.193Z","sell","maker"
"0.42500","67.68469000","2024-06-20T20:01:42.026Z","sell","maker"
"0.42400","54.60495284","2024-06-20T19:55:19.054Z","sell","maker"
"0.42400","12.42994439","2024-06-20T19:55:19.054Z","sell","maker"
"0.42600","34.61652000","2024-06-20T19:49:44.244Z","buy","maker"
"0.42600","26.91312000","2024-06-20T19:49:17.056Z","buy","maker"
"0.42600","11.01391572","2024-06-20T19:39:06.989Z","buy","maker"
"0.42500","91.44790412","2024-06-20T19:22:17.397Z","sell","maker"
"0.42500","222.46256124","2024-06-20T19:11:43.503Z","sell","maker"
"0.42600","49.18032787","2024-06-20T19:07:23.403Z","buy","maker"
"0.42600","99.97251272","2024-06-20T19:00:30.939Z","sell","maker"
"0.42600","11.11653874","2024-06-20T19:00:30.939Z","sell","maker"
"0.42700","6.01616000","2024-06-20T18:31:59.390Z","sell","maker"
"0.42900","36.95150115","2024-06-20T18:14:27.700Z","sell","maker"
"0.42900","60.23913000","2024-06-20T17:14:59.409Z","buy","maker"
"0.42900","40.14955710","2024-06-20T16:57:43.926Z","buy","maker"
"0.42900","72.89209964","2024-06-20T16:48:16.616Z","sell","maker"
"0.43100","185.98338463","2024-06-20T16:47:05.021Z","sell","maker"
"0.43100","33.38225000","2024-06-20T16:47:05.016Z","sell","maker"
"0.43400","2304.14746543","2024-06-20T16:45:34.572Z","buy","maker"
"0.43400","5743.12122767","2024-06-20T16:45:34.572Z","buy","maker"
"0.43400","576.66336405","2024-06-20T16:45:34.524Z","buy","maker"
"0.43400","3449.95301086","2024-06-20T16:45:34.510Z","sell","maker"
"0.43400","537.80852534","2024-06-20T16:45:34.510Z","sell","maker"
"0.43400","3450.11636623","2024-06-20T16:45:34.510Z","sell","maker"
"0.43400","749.46209757","2024-06-20T16:45:34.510Z","sell","maker"
"0.43500","5914.06418760","2024-06-20T16:45:34.503Z","sell","maker"
"0.43500","22964.63784810","2024-06-20T16:45:34.503Z","sell","maker"
"0.43500","3398.18986632","2024-06-20T16:45:34.503Z","sell","maker"
"0.43500","2750.00000000","2024-06-20T16:45:34.502Z","sell","maker"
"0.43500","2538.00000000","2024-06-20T16:45:34.500Z","sell","maker"
"0.43500","6676.45000000","2024-06-20T16:45:34.495Z","sell","maker"
"0.43700","107.00000000","2024-06-20T16:42:44.982Z","buy","maker"
"0.43500","2298.85057471","2024-06-20T16:42:44.537Z","sell","maker"
"0.43500","1718.02129918","2024-06-20T16:42:44.537Z","sell","maker"
"0.43600","39.60000000","2024-06-20T16:42:44.531Z","buy","maker"
"0.43400","605.00000000","2024-06-20T16:42:44.470Z","buy","maker"
"0.43400","2431.00000000","2024-06-20T16:42:44.454Z","buy","maker"
"0.43400","219.19013579","2024-06-20T16:41:16.529Z","buy","maker"
"0.43400","19.80986421","2024-06-20T16:41:16.529Z","buy","maker"
"0.43300","579.26893592","2024-06-20T16:41:15.900Z","buy","maker"
"0.43200","3488.93945134","2024-06-20T16:41:15.891Z","sell","maker"
"0.43200","4993.84054866","2024-06-20T16:41:15.891Z","sell","maker"
"0.43200","3147.01817114","2024-06-20T16:41:15.891Z","sell","maker"
"0.43100","3224.68766357","2024-06-20T16:41:15.850Z","buy","maker"
"0.43100","3486.08195626","2024-06-20T16:41:15.850Z","buy","maker"
"0.43100","72.81920920","2024-06-20T16:41:15.849Z","buy","maker"
"0.43100","3480.27842227","2024-06-20T16:41:15.849Z","buy","maker"
"0.43100","3480.27842227","2024-06-20T16:41:15.849Z","buy","maker"
"0.43100","194.66641665","2024-06-20T16:41:15.849Z","buy","maker"
"0.43100","261.38752961","2024-06-20T16:41:15.849Z","buy","maker"
"0.43000","2325.58139534","2024-06-20T16:41:15.824Z","buy","maker"
"0.42900","932.40093240","2024-06-20T16:23:00.305Z","sell","taker"
"0.42800","52.93336375","2024-06-20T16:06:48.609Z","sell","maker"
"0.42900","114.09534451","2024-06-20T16:06:25.112Z","buy","taker"
"0.42900","72.89209964","2024-06-20T16:04:51.978Z","sell","maker"
"0.43100","219.36563463","2024-06-20T16:03:28.852Z","sell","maker"
"0.43300","162.93000000","2024-06-20T15:41:05.062Z","sell","maker"
"0.43400","219.19013580","2024-06-20T15:21:24.272Z","buy","maker"
"0.43300","3464.20323325","2024-06-20T15:20:55.080Z","buy","maker"
"0.43300","504.17742894","2024-06-20T15:20:55.080Z","buy","maker"
"0.43200","72.81920920","2024-06-20T15:18:02.616Z","sell","maker"
"0.43100","49.86004013","2024-06-20T15:13:54.109Z","buy","maker"
"0.42900","72.89209964","2024-06-20T15:02:54.117Z","sell","maker"
"0.42900","40.14955710","2024-06-20T15:02:54.117Z","sell","maker"
"0.42900","35.24995144","2024-06-20T15:02:54.117Z","sell","maker"
"0.43000","628.76515410","2024-06-20T15:02:38.905Z","sell","maker"
"0.43000","46.51162790","2024-06-20T15:02:38.905Z","sell","maker"
"0.43100","49.00749227","2024-06-20T15:02:25.646Z","buy","maker"
"0.43100","97.41692300","2024-06-20T14:58:28.907Z","sell","taker"
"0.43100","108.46120000","2024-06-20T14:52:29.729Z","sell","maker"
"0.43100","219.36563463","2024-06-20T14:47:37.189Z","sell","maker"
"0.43200","487.08000000","2024-06-20T14:37:11.465Z","sell","maker"
"0.43200","40.61391000","2024-06-20T14:35:48.188Z","sell","maker"
"0.43400","6136.22417672","2024-06-20T14:34:37.094Z","sell","maker"
"0.43400","6136.22417672","2024-06-20T14:27:56.020Z","sell","maker"
"0.43300","11.01391572","2024-06-20T14:16:00.100Z","sell","maker"
"0.43300","11.46724650","2024-06-20T14:14:11.201Z","sell","maker"
"0.43300","358.04776504","2024-06-20T14:14:11.201Z","sell","maker"
"0.43400","217.84928232","2024-06-20T14:11:28.722Z","sell","maker"
"0.43400","50.80645162","2024-06-20T14:11:28.722Z","sell","maker"
"0.43600","11.00000000","2024-06-20T14:08:11.898Z","sell","maker"
"0.43700","534.11647597","2024-06-20T14:07:07.198Z","sell","maker"
"0.43700","1361.01782170","2024-06-20T14:07:07.198Z","sell","maker"
"0.43700","2862.53000000","2024-06-20T14:07:07.198Z","sell","maker"
"0.43700","71.55769049","2024-06-20T14:07:07.195Z","sell","maker"
"0.43700","216.35374949","2024-06-20T14:07:07.195Z","sell","maker"
"0.43700","628.60382262","2024-06-20T14:07:07.195Z","sell","maker"
"0.43700","97.45604215","2024-06-20T14:07:07.195Z","sell","maker"
"0.43700","484.00000000","2024-06-20T14:07:07.195Z","sell","maker"
"0.43600","71.72181364","2024-06-20T14:07:07.195Z","sell","maker"
"0.43600","40.13922018","2024-06-20T14:07:07.195Z","sell","maker"
"0.43600","52.93336375","2024-06-20T14:07:07.195Z","sell","maker"
"0.43800","359.54409808","2024-06-20T14:07:07.190Z","sell","maker"
"0.43800","532.89703196","2024-06-20T14:07:07.190Z","sell","maker"
"0.43800","484.00000000","2024-06-20T14:07:07.190Z","sell","maker"
"0.44000","3262.22111190","2024-06-20T14:05:12.368Z","buy","maker"
"0.44000","349.83964225","2024-06-20T14:04:47.353Z","buy","maker"
"0.44000","3245.66502293","2024-06-20T14:04:47.353Z","buy","maker"
"0.43900","349.83964225","2024-06-20T14:04:09.775Z","buy","maker"
"0.43900","3250.27053042","2024-06-20T14:04:09.775Z","buy","maker"
"0.43900","71.23168735","2024-06-20T14:03:56.688Z","sell","taker"
"0.43900","11.31051876","2024-06-20T14:03:56.688Z","sell","taker"
"0.43900","307.45779389","2024-06-20T14:03:56.688Z","sell","taker"
"0.44000","214.87861028","2024-06-20T14:03:56.647Z","sell","maker"
"0.44000","71.06979715","2024-06-20T14:03:56.647Z","sell","maker"
"0.44100","115.37538037","2024-06-20T14:03:33.607Z","sell","maker"
"0.44100","5665.64777122","2024-06-20T14:03:33.607Z","sell","maker"
"0.44100","3396.19203535","2024-06-20T14:03:33.607Z","sell","maker"
"0.44100","1057.44193131","2024-06-20T14:03:33.606Z","sell","maker"
"0.44100","3395.16032373","2024-06-20T14:03:33.606Z","sell","maker"
"0.44100","3396.03298747","2024-06-20T14:03:33.606Z","sell","maker"
"0.44100","5547.38475749","2024-06-20T14:03:33.606Z","sell","maker"
"0.44200","155.17111092","2024-06-20T14:03:33.605Z","sell","maker"
"0.44200","70.74821436","2024-06-20T14:03:33.605Z","sell","maker"
"0.44200","11.74208144","2024-06-20T14:03:33.605Z","sell","maker"
"0.44200","2262.44343891","2024-06-20T14:03:33.605Z","sell","maker"
"0.44100","1586.53290896","2024-06-20T14:03:33.605Z","sell","maker"
"0.44100","5078.78224541","2024-06-20T14:03:33.605Z","sell","maker"
"0.44200","11.00000000","2024-06-20T14:03:14.112Z","sell","taker"
"0.44300","40.21837471","2024-06-20T14:02:01.965Z","sell","maker"
"0.44300","47.40406321","2024-06-20T14:02:01.965Z","sell","maker"
"0.44400","449.79816766","2024-06-20T14:01:37.162Z","sell","maker"
"0.44400","212.94276695","2024-06-20T14:01:37.152Z","sell","maker"
"0.44400","629.84101259","2024-06-20T14:01:37.152Z","sell","maker"
"0.44400","70.42952870","2024-06-20T14:01:37.152Z","sell","maker"
"0.44600","211.98786665","2024-06-20T14:00:19.721Z","sell","maker"
"0.44600","11.16663169","2024-06-20T14:00:19.721Z","sell","maker"
"0.44500","295.57230952","2024-06-20T14:00:19.721Z","sell","maker"
"0.44800","351.51856017","2024-06-20T14:00:09.054Z","buy","maker"
"0.44800","2235.86853255","2024-06-20T14:00:09.054Z","buy","maker"
"0.44800","2236.55243982","2024-06-20T14:00:09.054Z","buy","maker"
"0.44800","838.61370365","2024-06-20T14:00:09.054Z","buy","maker"
"0.44800","351.51856017","2024-06-20T14:00:09.002Z","sell","maker"
"0.44700","69.95684730","2024-06-20T14:00:09.002Z","sell","maker"
"0.44800","211.04149224","2024-06-20T14:00:08.998Z","sell","maker"
"0.44800","69.80069363","2024-06-20T14:00:08.998Z","sell","maker"
"0.44800","462.00801715","2024-06-20T14:00:08.998Z","sell","maker"
"0.44900","3338.32076150","2024-06-20T14:00:08.992Z","sell","maker"
"0.44900","5125.39730598","2024-06-20T14:00:08.992Z","sell","maker"
"0.45100","49.89154013","2024-06-20T13:48:17.719Z","sell","maker"
"0.45100","210.87265295","2024-06-20T13:41:18.435Z","buy","maker"
"0.45100","69.73089452","2024-06-20T13:41:18.435Z","buy","maker"
"0.45000","69.88689204","2024-06-20T13:41:05.989Z","buy","maker"
"0.44700","69.95684730","2024-06-20T13:28:15.335Z","sell","maker"
"0.44800","211.04149224","2024-06-20T13:25:32.291Z","sell","maker"
"0.44800","69.80069363","2024-06-20T13:25:32.291Z","sell","maker"
"0.44800","11.58482142","2024-06-20T13:25:32.291Z","sell","maker"
"0.44800","95.06314826","2024-06-20T13:25:32.291Z","sell","maker"
"0.45000","34.84106400","2024-06-20T13:04:52.333Z","buy","maker"
"0.45000","3281.59548443","2024-06-20T13:01:52.741Z","buy","maker"
"0.45000","3329.62927354","2024-06-20T12:56:38.288Z","sell","maker"
"0.45100","209.63766857","2024-06-20T12:56:18.379Z","sell","maker"
"0.45400","209.46995238","2024-06-20T12:30:11.039Z","buy","maker"
"0.45400","49.86136013","2024-06-20T12:30:11.039Z","buy","maker"
"0.45200","152.09000000","2024-06-20T12:24:59.579Z","buy","maker"
"0.45100","209.63766857","2024-06-20T12:23:10.748Z","sell","maker"
"0.45100","47.80380817","2024-06-20T12:23:10.748Z","sell","maker"
"0.45200","11710.10077945","2024-06-20T12:20:55.177Z","sell","maker"
"0.45200","3785.57107010","2024-06-20T12:20:55.177Z","sell","maker"
"0.45200","69.18298837","2024-06-20T12:20:55.162Z","sell","maker"
"0.45200","2212.38938053","2024-06-20T12:20:55.162Z","sell","maker"
"0.45200","2212.38938053","2024-06-20T12:20:55.162Z","sell","maker"
"0.45200","348.40777646","2024-06-20T12:20:55.162Z","sell","maker"
"0.45200","10385.63047411","2024-06-20T12:20:55.162Z","sell","maker"
"0.45300","208.71211595","2024-06-20T12:19:26.835Z","sell","maker"
"0.45300","69.03026654","2024-06-20T12:19:26.835Z","sell","maker"
"0.45300","1364.23841059","2024-06-20T12:19:26.835Z","sell","maker"
"0.45400","440.52863436","2024-06-20T12:07:05.498Z","sell","maker"
"0.45400","239.68750440","2024-06-20T11:46:22.280Z","sell","maker"
"0.45500","274.72527472","2024-06-20T11:40:02.032Z","sell","maker"
"0.45600","68.96123785","2024-06-20T11:27:39.233Z","buy","maker"
"0.45600","208.54514023","2024-06-20T11:27:39.233Z","buy","maker"
"0.45500","69.11380695","2024-06-20T11:24:08.019Z","buy","maker"
"0.45300","275.93818984","2024-06-20T11:19:17.555Z","sell","maker"
"0.45400","38.42269782","2024-06-20T11:10:16.785Z","buy","taker"
"0.45400","209.46995238","2024-06-20T11:04:40.104Z","buy","maker"
"0.45100","1155.02679000","2024-06-20T10:40:14.462Z","buy","maker"
"0.44900","84.85530629","2024-06-20T10:19:05.238Z","sell","maker"
"0.44900","351.40090362","2024-06-20T10:12:01.549Z","buy","maker"
"0.44900","3197.49564335","2024-06-20T10:10:30.188Z","buy","maker"
"0.44900","3186.51408641","2024-06-20T10:09:45.505Z","buy","maker"
"0.44900","3197.05724819","2024-06-20T10:06:18.910Z","buy","maker"
"0.45000","45.63513265","2024-06-20T10:04:47.877Z","sell","maker"
"0.45000","37.46473951","2024-06-20T10:04:47.877Z","sell","maker"
"0.45000","40.20728888","2024-06-20T10:04:47.877Z","sell","maker"
"0.45100","209.63766857","2024-06-20T10:03:04.771Z","sell","maker"
"0.45100","629.66799071","2024-06-20T10:03:04.771Z","sell","maker"
"0.45200","69.18298837","2024-06-20T10:02:27.137Z","sell","maker"
"0.45200","44.24778762","2024-06-20T10:02:27.137Z","sell","maker"
"0.45200","441.29515165","2024-06-20T10:02:27.137Z","sell","maker"
"0.45200","348.40777646","2024-06-20T10:02:27.137Z","sell","maker"
"0.45300","208.71211595","2024-06-20T10:02:27.124Z","sell","maker"
"0.45300","69.03026654","2024-06-20T10:02:27.124Z","sell","maker"
"0.45300","11.16360959","2024-06-20T10:02:27.124Z","sell","maker"
"0.45400","3294.28185005","2024-06-20T10:02:25.517Z","sell","maker"
"0.45500","68.72683680","2024-06-20T10:02:25.394Z","sell","maker"
"0.45500","207.79470006","2024-06-20T10:02:25.394Z","sell","maker"
"0.45500","11.40659340","2024-06-20T10:02:25.394Z","sell","maker"
"0.45600","41.72810929","2024-06-20T09:33:25.673Z","sell","maker"
"0.45600","28.70141941","2024-06-20T09:33:25.673Z","sell","maker"
"0.45700","206.88531406","2024-06-20T09:32:06.699Z","sell","maker"
"0.45700","68.42606290","2024-06-20T09:32:06.699Z","sell","maker"
"0.45800","3274.80060089","2024-06-20T09:27:58.349Z","buy","maker"
"0.46000","2875.26361787","2024-06-20T09:24:00.995Z","sell","maker"
"0.45900","385.41722504","2024-06-20T09:24:00.995Z","sell","maker"
"0.46000","3260.96055885","2024-06-20T09:24:00.932Z","sell","maker"
"0.46000","59.27727272","2024-06-20T09:07:47.095Z","buy","maker"
"0.46000","67.97980597","2024-06-20T09:07:25.029Z","sell","maker"
"0.46300","67.91182770","2024-06-20T08:55:22.575Z","buy","maker"
"0.46100","20.00000000","2024-06-20T08:53:30.500Z","sell","taker"
"0.46200","35.55112000","2024-06-20T08:40:06.712Z","buy","maker"
"0.46000","67.97980597","2024-06-20T08:32:35.488Z","sell","maker"
"0.46200","28.38427947","2024-06-20T08:13:53.880Z","sell","taker"
"0.46300","67.91182770","2024-06-20T08:13:45.114Z","buy","maker"
"0.46300","41.27409425","2024-06-20T08:13:45.114Z","buy","maker"
"0.46000","206.71979983","2024-06-20T08:13:20.588Z","buy","maker"
"0.46000","68.35763839","2024-06-20T08:13:20.588Z","buy","maker"
"0.45700","68.42606290","2024-06-20T07:20:48.102Z","sell","maker"
"0.45700","206.88531406","2024-06-20T07:20:48.102Z","sell","maker"
"0.45900","3267.97385620","2024-06-20T07:08:22.980Z","buy","maker"
"0.45900","2407.53718380","2024-06-20T07:08:22.980Z","buy","maker"
"0.45800","3276.97411438","2024-06-20T06:52:10.376Z","buy","maker"
"0.46100","11.01391572","2024-06-20T06:29:08.280Z","buy","maker"
"0.46000","25185.06473376","2024-06-20T06:29:06.105Z","buy","maker"
"0.46000","180.63284330","2024-06-20T06:29:06.101Z","buy","maker"
"0.46000","68.35763840","2024-06-20T06:29:06.101Z","buy","maker"
"0.46000","94.82549202","2024-06-20T06:29:06.101Z","buy","maker"
"0.46000","4732.18402628","2024-06-20T06:29:06.101Z","buy","maker"
"0.46000","26.08695653","2024-06-20T06:25:09.271Z","buy","maker"
"0.45900","1420.62223352","2024-06-20T06:25:07.124Z","buy","maker"
"0.45900","619.68488848","2024-06-20T06:25:07.121Z","buy","maker"
"0.45900","71.27476740","2024-06-20T06:25:07.121Z","buy","maker"
"0.45900","1847.04034412","2024-06-20T06:25:07.121Z","buy","maker"
"0.45700","3282.00417579","2024-06-20T06:23:02.036Z","buy","maker"
"0.45800","207.62845831","2024-06-20T06:17:54.210Z","buy","maker"
"0.45800","68.65811152","2024-06-20T06:17:54.210Z","buy","maker"
"0.45800","39.60000000","2024-06-20T06:17:54.210Z","buy","maker"
"0.45600","43.79419087","2024-06-20T06:03:23.854Z","buy","maker"
"0.45600","200.00000000","2024-06-20T06:03:15.248Z","sell","maker"
"0.45600","201.32354339","2024-06-20T05:59:59.195Z","sell","maker"
"0.45600","444.09048000","2024-06-20T05:51:34.608Z","sell","maker"
"0.45700","37.05711129","2024-06-20T05:50:13.098Z","buy","maker"
"0.45600","57.94283760","2024-06-20T05:50:10.066Z","buy","maker"
"0.45600","68.96123785","2024-06-20T05:50:10.066Z","buy","maker"
"0.45600","45.13860796","2024-06-20T05:50:10.066Z","buy","maker"
"0.45500","43.98669281","2024-06-20T05:47:26.084Z","buy","maker"
"0.45500","69.11380695","2024-06-20T05:37:24.730Z","buy","maker"
"0.45500","11.40659340","2024-06-20T05:37:24.730Z","buy","maker"
"0.45400","209.46995239","2024-06-20T05:35:35.242Z","buy","maker"
"0.45300","42.57405686","2024-06-20T05:33:34.430Z","buy","maker"
"0.45000","42.60089686","2024-06-20T05:19:21.513Z","sell","maker"
"0.45100","209.63766857","2024-06-20T05:19:00.486Z","sell","maker"
"0.45200","3318.27883840","2024-06-20T05:09:17.231Z","buy","maker"
"0.45400","209.46995239","2024-06-20T04:49:29.990Z","buy","maker"
"0.45400","11.01391572","2024-06-20T04:49:29.990Z","buy","maker"
"0.45200","619.68488848","2024-06-20T04:40:14.116Z","buy","maker"
"0.45100","69.73089452","2024-06-20T04:27:15.826Z","buy","maker"
"0.45100","210.87265296","2024-06-20T04:27:15.826Z","buy","maker"
"0.45100","109.39645252","2024-06-20T04:27:15.826Z","buy","maker"
"0.45000","69.88689204","2024-06-20T04:25:29.914Z","buy","maker"
"0.44900","211.81827023","2024-06-20T04:02:39.190Z","buy","maker"
"0.44800","11.58482142","2024-06-20T04:00:23.105Z","buy","maker"
"0.44600","23.45124314","2024-06-20T03:17:59.209Z","buy","taker"
"0.44500","452.31083333","2024-06-20T02:37:08.549Z","sell","taker"
"0.44700","212.77240659","2024-06-20T02:18:39.291Z","buy","maker"
"0.44400","452.31083333","2024-06-20T02:03:52.409Z","buy","taker"
"0.44400","212.94276695","2024-06-20T02:02:49.823Z","sell","maker"
"0.44400","629.84101259","2024-06-20T02:02:49.823Z","sell","maker"
"0.44600","211.98786665","2024-06-20T01:42:22.939Z","sell","maker"
"0.44700","69.95684730","2024-06-20T01:41:44.047Z","sell","maker"