"price","volume","time","side","orderType"
"105.40000000","1.25200000","2024-05-25T21:04:48.815Z","sell","maker"
"105.40000000","1.97000000","2024-05-25T21:04:48.815Z","sell","maker"
"105.40000000","2.40000000","2024-05-25T21:04:48.815Z","sell","maker"
"105.39000000","1.97000000","2024-05-25T21:04:43.275Z","buy","maker"
"105.39000000","3.02000000","2024-05-25T21:04:43.275Z","buy","maker"
"105.39000000","0.55600000","2024-05-25T21:04:43.275Z","buy","maker"
"105.39000000","0.90700000","2024-05-25T21:04:43.275Z","buy","maker"
"105.41000000","2.40000000","2024-05-25T21:04:43.257Z","buy","maker"
"105.42000000","0.04800000","2024-05-25T21:04:20.648Z","buy","maker"
"105.46000000","2.40000000","2024-05-25T21:03:59.400Z","buy","maker"
"105.46000000","0.90700000","2024-05-25T21:03:59.400Z","buy","maker"
"105.47000000","2.40000000","2024-05-25T21:03:50.999Z","buy","maker"
"105.47000000","1.97000000","2024-05-25T21:03:50.999Z","buy","maker"
"105.47000000","0.55500000","2024-05-25T21:03:50.999Z","buy","maker"
"105.48000000","2.40000000","2024-05-25T21:03:50.999Z","buy","maker"
"105.49000000","1.97000000","2024-05-25T21:03:46.951Z","buy","maker"
"105.50000000","2.40000000","2024-05-25T21:03:46.928Z","buy","maker"
"105.51000000","0.55500000","2024-05-25T21:03:44.607Z","buy","maker"
"105.51000000","2.40000000","2024-05-25T21:03:44.607Z","buy","maker"
"105.53000000","1.97000000","2024-05-25T21:03:44.607Z","buy","maker"
"105.56000000","1.97000000","2024-05-25T21:03:22.748Z","buy","maker"
"105.60000000","1.97000000","2024-05-25T21:03:04.974Z","sell","maker"
"105.59000000","16.75300000","2024-05-25T21:03:04.730Z","sell","maker"
"105.59000000","2.79200000","2024-05-25T21:03:04.729Z","sell","maker"
"105.59000000","1.89600000","2024-05-25T21:03:04.729Z","sell","maker"
"105.59000000","7.26600000","2024-05-25T21:03:04.729Z","sell","maker"
"105.59000000","4.44700000","2024-05-25T21:03:04.727Z","sell","maker"
"105.59000000","2.40000000","2024-05-25T21:03:04.727Z","sell","maker"
"105.59000000","2.40000000","2024-05-25T21:03:04.727Z","sell","maker"
"105.58000000","1.95300000","2024-05-25T21:03:04.727Z","sell","maker"
"105.57000000","2.40000000","2024-05-25T21:03:04.727Z","sell","maker"
"105.58000000","1.20500000","2024-05-25T21:02:37.158Z","sell","maker"
"105.58000000","31.95800000","2024-05-25T21:02:37.157Z","sell","maker"
"105.58000000","1.97000000","2024-05-25T21:02:37.157Z","sell","maker"
"105.58000000","2.40000000","2024-05-25T21:02:37.157Z","sell","maker"
"105.59000000","0.20700000","2024-05-25T21:01:52.757Z","sell","maker"
"105.57000000","1.89100000","2024-05-25T21:01:38.794Z","sell","maker"
"105.61000000","1.00000000","2024-05-25T21:01:02.231Z","sell","maker"
"105.51000000","1.52000000","2024-05-25T21:00:35.994Z","buy","maker"
"105.50000000","0.25600000","2024-05-25T21:00:23.276Z","buy","maker"
"105.51000000","0.05000000","2024-05-25T21:00:23.276Z","buy","maker"
"105.53000000","2.40000000","2024-05-25T20:59:20.101Z","buy","maker"
"105.53000000","2.40000000","2024-05-25T20:59:20.101Z","buy","maker"
"105.53000000","0.05300000","2024-05-25T20:59:20.101Z","buy","maker"
"105.55000000","0.50600000","2024-05-25T20:58:53.297Z","buy","maker"
"105.55000000","1.89400000","2024-05-25T20:58:53.183Z","buy","maker"
"105.59000000","0.61400000","2024-05-25T20:58:28.718Z","buy","maker"
"105.62000000","17.97800000","2024-05-25T20:58:23.169Z","buy","maker"
"105.62000000","9.19300000","2024-05-25T20:58:23.164Z","buy","maker"
"105.64000000","0.01000000","2024-05-25T20:57:31.908Z","sell","maker"
"105.62000000","20.04900000","2024-05-25T20:57:28.608Z","buy","maker"
"105.62000000","0.04800000","2024-05-25T20:57:14.345Z","buy","maker"
"105.68000000","0.01300000","2024-05-25T20:55:54.286Z","buy","maker"
"105.76000000","0.01300000","2024-05-25T20:55:10.597Z","sell","maker"
"105.75000000","0.40000000","2024-05-25T20:53:06.204Z","buy","maker"
"105.75000000","2.00000000","2024-05-25T20:52:14.313Z","buy","maker"
"105.76000000","2.00000000","2024-05-25T20:51:46.170Z","buy","maker"
"105.78000000","0.60000000","2024-05-25T20:51:34.487Z","sell","maker"
"105.77000000","2.40000000","2024-05-25T20:51:34.487Z","sell","maker"
"105.76000000","2.40000000","2024-05-25T20:51:21.748Z","sell","maker"
"105.69000000","0.30200000","2024-05-25T20:50:17.612Z","buy","maker"
"105.69000000","2.40000000","2024-05-25T20:50:17.612Z","buy","maker"
"105.64000000","0.01100000","2024-05-25T20:48:57.061Z","buy","maker"
"105.64000000","2.40000000","2024-05-25T20:48:57.061Z","buy","maker"
"105.66000000","2.40000000","2024-05-25T20:48:51.375Z","buy","maker"
"105.67000000","2.40000000","2024-05-25T20:48:44.569Z","buy","maker"
"105.65000000","1.32400000","2024-05-25T20:47:17.871Z","sell","maker"
"105.65000000","2.36600000","2024-05-25T20:47:17.871Z","sell","maker"
"105.64000000","1.48900000","2024-05-25T20:47:15.797Z","sell","maker"
"105.64000000","2.32300000","2024-05-25T20:47:15.797Z","sell","maker"
"105.70000000","0.69400000","2024-05-25T20:43:14.444Z","buy","maker"
"105.73000000","1.48900000","2024-05-25T20:43:01.245Z","sell","maker"
"105.73000000","2.40000000","2024-05-25T20:43:01.245Z","sell","maker"
"105.71000000","0.06700000","2024-05-25T20:42:36.828Z","sell","maker"
"105.69000000","0.94600000","2024-05-25T20:41:53.432Z","buy","maker"
"105.69000000","0.02400000","2024-05-25T20:41:44.316Z","buy","maker"
"105.72000000","2.40000000","2024-05-25T20:41:42.582Z","sell","maker"
"105.71000000","2.40000000","2024-05-25T20:41:42.485Z","sell","maker"
"105.67000000","0.43200000","2024-05-25T20:40:10.871Z","buy","maker"
"105.73000000","0.34400000","2024-05-25T20:39:33.146Z","sell","maker"
"105.72000000","0.30700000","2024-05-25T20:39:33.146Z","sell","maker"
"105.71000000","2.40000000","2024-05-25T20:39:32.900Z","sell","maker"
"105.71000000","0.25000000","2024-05-25T20:39:19.601Z","sell","maker"
"105.67000000","2.40000000","2024-05-25T20:38:31.959Z","buy","maker"
"105.56000000","2.40000000","2024-05-25T20:38:07.188Z","buy","maker"
"105.64000000","2.40000000","2024-05-25T20:37:43.177Z","buy","maker"
"105.63000000","2.40000000","2024-05-25T20:37:27.418Z","buy","maker"
"105.63000000","2.40000000","2024-05-25T20:37:27.418Z","buy","maker"
"105.69000000","2.40000000","2024-05-25T20:37:17.866Z","buy","maker"
"105.73000000","0.05000000","2024-05-25T20:37:10.688Z","sell","maker"
"105.73000000","0.22700000","2024-05-25T20:37:09.496Z","sell","maker"
"105.72000000","2.40000000","2024-05-25T20:37:04.845Z","buy","maker"
"105.81000000","0.09400000","2024-05-25T20:36:51.814Z","sell","maker"
"105.82000000","0.03200000","2024-05-25T20:35:55.623Z","buy","maker"
"105.89000000","1.48900000","2024-05-25T20:35:25.761Z","buy","maker"
"105.89000000","2.40000000","2024-05-25T20:35:25.761Z","buy","maker"
"106.01000000","1.27500000","2024-05-25T20:34:45.854Z","buy","maker"
"106.02000000","0.90200000","2024-05-25T20:34:45.750Z","buy","maker"
"106.02000000","1.88500000","2024-05-25T20:34:45.750Z","buy","maker"
"106.03000000","0.84200000","2024-05-25T20:34:45.750Z","buy","maker"
"106.03000000","1.48900000","2024-05-25T20:34:45.750Z","buy","maker"
"106.04000000","1.48900000","2024-05-25T20:34:45.666Z","buy","maker"
"106.10000000","1.80000000","2024-05-25T20:34:45.464Z","sell","maker"
"106.10000000","0.31800000","2024-05-25T20:34:45.461Z","sell","maker"
"106.10000000","1.48900000","2024-05-25T20:34:45.461Z","sell","maker"
"106.03000000","0.90200000","2024-05-25T20:34:45.308Z","buy","maker"
"106.03000000","1.88500000","2024-05-25T20:34:45.308Z","buy","maker"
"106.04000000","1.48900000","2024-05-25T20:34:45.308Z","buy","maker"
"106.05000000","1.48900000","2024-05-25T20:34:45.293Z","buy","maker"
"106.05000000","2.00000000","2024-05-25T20:34:45.293Z","buy","maker"
"106.06000000","0.08000000","2024-05-25T20:34:45.185Z","sell","maker"
"106.05000000","0.08900000","2024-05-25T20:34:45.179Z","sell","maker"
"106.05000000","2.40000000","2024-05-25T20:34:45.179Z","sell","maker"
"106.04000000","0.19300000","2024-05-25T20:34:45.177Z","sell","maker"
"106.03000000","0.24000000","2024-05-25T20:34:45.177Z","sell","maker"
"106.03000000","0.15100000","2024-05-25T20:34:45.176Z","sell","maker"
"106.03000000","2.40000000","2024-05-25T20:34:45.176Z","sell","maker"
"106.02000000","0.24000000","2024-05-25T20:34:45.176Z","sell","maker"
"106.01000000","0.02300000","2024-05-25T20:34:45.175Z","sell","maker"
"106.00000000","0.08900000","2024-05-25T20:34:45.058Z","sell","maker"
"105.99000000","1.48900000","2024-05-25T20:34:45.036Z","sell","maker"
"105.99000000","0.22100000","2024-05-25T20:34:45.036Z","sell","maker"
"105.98000000","0.17400000","2024-05-25T20:34:45.027Z","sell","maker"
"105.97000000","1.48900000","2024-05-25T20:34:45.026Z","sell","maker"
"105.97000000","0.04200000","2024-05-25T20:34:45.026Z","sell","maker"
"105.96000000","1.63200000","2024-05-25T20:34:22.294Z","sell","maker"
"105.96000000","0.88700000","2024-05-25T20:34:22.219Z","sell","maker"
"105.96000000","0.15500000","2024-05-25T20:34:22.219Z","sell","maker"
"105.95000000","2.40000000","2024-05-25T20:34:22.165Z","sell","maker"
"105.95000000","0.25900000","2024-05-25T20:34:22.165Z","sell","maker"
"105.94000000","1.48900000","2024-05-25T20:34:22.059Z","sell","maker"
"105.94000000","0.04200000","2024-05-25T20:34:22.059Z","sell","maker"
"105.91000000","1.48800000","2024-05-25T20:34:22.025Z","sell","maker"
"105.91000000","0.96300000","2024-05-25T20:34:22.025Z","sell","maker"
"105.91000000","0.23100000","2024-05-25T20:34:22.025Z","sell","maker"
"105.91000000","2.40000000","2024-05-25T20:34:22.025Z","sell","maker"
"105.90000000","0.02300000","2024-05-25T20:34:22.025Z","sell","maker"
"105.89000000","0.02300000","2024-05-25T20:34:21.998Z","sell","maker"
"105.87000000","2.40000000","2024-05-25T20:34:21.902Z","sell","maker"
"105.85000000","1.48900000","2024-05-25T20:34:21.902Z","sell","maker"
"105.85000000","2.40000000","2024-05-25T20:34:21.902Z","sell","maker"
"105.83000000","1.48900000","2024-05-25T20:34:21.768Z","sell","maker"
"105.81000000","0.23000000","2024-05-25T20:34:21.586Z","sell","maker"
"105.81000000","2.17000000","2024-05-25T20:34:21.583Z","sell","maker"
"105.80000000","1.71000000","2024-05-25T20:34:21.583Z","sell","maker"
"105.79000000","1.48900000","2024-05-25T20:34:21.583Z","sell","maker"
"105.77000000","1.48900000","2024-05-25T20:34:09.404Z","buy","maker"
"105.77000000","2.40000000","2024-05-25T20:34:09.404Z","buy","maker"
"105.77000000","0.90200000","2024-05-25T20:34:09.404Z","buy","maker"
"105.81000000","1.48900000","2024-05-25T20:34:08.435Z","buy","maker"
"105.85000000","2.40000000","2024-05-25T20:34:01.297Z","sell","maker"
"105.85000000","2.40000000","2024-05-25T20:34:01.297Z","sell","maker"
"105.87000000","0.91900000","2024-05-25T20:33:35.072Z","sell","maker"
"105.89000000","0.89500000","2024-05-25T20:33:29.292Z","sell","maker"
"105.88000000","0.29700000","2024-05-25T20:33:29.292Z","sell","maker"
"105.87000000","0.69600000","2024-05-25T20:33:29.292Z","sell","maker"
"105.87000000","1.70400000","2024-05-25T20:33:29.120Z","sell","maker"
"105.87000000","0.18400000","2024-05-25T20:33:29.120Z","sell","maker"
"105.86000000","0.08900000","2024-05-25T20:33:29.082Z","sell","maker"
"105.85000000","2.40000000","2024-05-25T20:33:29.066Z","sell","maker"
"105.85000000","1.00000000","2024-05-25T20:33:19.468Z","sell","maker"
"105.85000000","1.40000000","2024-05-25T20:33:19.337Z","sell","maker"
"105.85000000","0.31600000","2024-05-25T20:33:19.337Z","sell","maker"
"105.84000000","2.04300000","2024-05-25T20:33:19.274Z","sell","maker"
"105.84000000","0.35700000","2024-05-25T20:33:19.271Z","sell","maker"
"105.84000000","0.09900000","2024-05-25T20:33:19.271Z","sell","maker"
"105.83000000","2.04300000","2024-05-25T20:33:19.259Z","sell","maker"
"105.83000000","0.16500000","2024-05-25T20:33:19.259Z","sell","maker"
"105.82000000","2.26300000","2024-05-25T20:33:12.852Z","sell","maker"
"105.82000000","0.31600000","2024-05-25T20:33:12.852Z","sell","maker"
"105.81000000","2.40000000","2024-05-25T20:33:12.768Z","sell","maker"
"105.81000000","0.19300000","2024-05-25T20:33:12.768Z","sell","maker"
"105.80000000","1.29200000","2024-05-25T20:33:10.915Z","sell","maker"
"105.80000000","1.10800000","2024-05-25T20:33:10.908Z","sell","maker"
"105.80000000","0.25000000","2024-05-25T20:33:10.814Z","sell","maker"
"105.79000000","0.26300000","2024-05-25T20:33:10.814Z","sell","maker"
"105.79000000","2.13700000","2024-05-25T20:33:10.811Z","sell","maker"
"105.79000000","1.40300000","2024-05-25T20:33:10.811Z","sell","maker"
"105.78000000","2.40000000","2024-05-25T20:33:10.801Z","sell","maker"
"105.78000000","2.40000000","2024-05-25T20:33:06.270Z","sell","maker"
"105.78000000","2.40000000","2024-05-25T20:33:05.989Z","sell","maker"
"105.78000000","2.40000000","2024-05-25T20:33:05.931Z","sell","maker"
"105.78000000","0.12700000","2024-05-25T20:33:05.931Z","sell","maker"
"105.77000000","2.40000000","2024-05-25T20:33:05.102Z","sell","maker"
"105.77000000","0.16500000","2024-05-25T20:33:05.102Z","sell","maker"
"105.76000000","2.40000000","2024-05-25T20:32:44.878Z","sell","maker"
"105.76000000","0.25000000","2024-05-25T20:32:44.878Z","sell","maker"
"105.75000000","2.40000000","2024-05-25T20:32:35.011Z","sell","maker"
"105.75000000","0.03400000","2024-05-25T20:32:35.011Z","sell","maker"
"105.75000000","0.30100000","2024-05-25T20:32:34.430Z","sell","maker"
"105.74000000","0.34500000","2024-05-25T20:32:34.430Z","sell","maker"
"105.73000000","0.34500000","2024-05-25T20:32:34.430Z","sell","maker"
"105.72000000","0.02300000","2024-05-25T20:32:23.288Z","sell","maker"
"105.71000000","0.08000000","2024-05-25T20:32:23.270Z","sell","maker"
"105.66000000","0.05000000","2024-05-25T20:31:38.047Z","buy","maker"
"105.68000000","0.01700000","2024-05-25T20:31:37.566Z","sell","maker"
"105.70000000","0.11100000","2024-05-25T20:31:25.563Z","sell","maker"
"105.70000000","2.40000000","2024-05-25T20:31:23.129Z","buy","maker"
"105.73000000","2.40000000","2024-05-25T20:31:22.264Z","buy","maker"
"105.74000000","2.40000000","2024-05-25T20:31:22.252Z","buy","maker"
"105.77000000","0.03800000","2024-05-25T20:31:11.088Z","sell","maker"
"105.77000000","2.40000000","2024-05-25T20:31:07.545Z","buy","maker"
"105.77000000","2.40000000","2024-05-25T20:30:12.161Z","buy","maker"
"105.79000000","2.40000000","2024-05-25T20:30:02.194Z","buy","maker"
"105.79000000","2.40000000","2024-05-25T20:30:02.194Z","buy","maker"
"105.83000000","0.04600000","2024-05-25T20:29:10.050Z","sell","maker"
"105.91000000","1.79500000","2024-05-25T20:28:53.604Z","sell","maker"
"105.90000000","2.40000000","2024-05-25T20:28:53.604Z","sell","maker"
"105.90000000","1.65500000","2024-05-25T20:28:53.604Z","sell","maker"
"105.90000000","2.40000000","2024-05-25T20:28:53.604Z","sell","maker"
"105.89000000","2.40000000","2024-05-25T20:28:51.406Z","sell","maker"
"105.89000000","1.93200000","2024-05-25T20:28:51.406Z","sell","maker"
"105.89000000","0.46800000","2024-05-25T20:28:37.459Z","sell","maker"
"105.91000000","0.08600000","2024-05-25T20:27:43.896Z","sell","maker"
"105.91000000","0.38200000","2024-05-25T20:27:43.896Z","sell","maker"
"105.88000000","1.65500000","2024-05-25T20:27:23.067Z","sell","maker"
"105.88000000","2.40000000","2024-05-25T20:27:23.061Z","sell","maker"
"105.86000000","2.40000000","2024-05-25T20:27:23.061Z","sell","maker"
"105.83000000","1.88900000","2024-05-25T20:26:53.655Z","sell","maker"
"105.85000000","2.40000000","2024-05-25T20:25:21.912Z","sell","maker"
"105.80000000","0.00800000","2024-05-25T20:25:16.242Z","buy","maker"
"105.81000000","1.55100000","2024-05-25T20:23:49.397Z","sell","maker"
"105.81000000","0.01900000","2024-05-25T20:23:08.271Z","sell","maker"
"105.86000000","1.88900000","2024-05-25T20:22:15.471Z","sell","maker"
"105.82000000","0.00900000","2024-05-25T20:21:57.704Z","buy","maker"
"105.85000000","0.05000000","2024-05-25T20:21:14.198Z","sell","maker"
"105.82000000","1.65500000","2024-05-25T20:21:10.783Z","buy","maker"
"105.82000000","0.55000000","2024-05-25T20:21:10.783Z","buy","maker"
"105.82000000","0.24700000","2024-05-25T20:21:10.783Z","buy","maker"
"105.84000000","0.61900000","2024-05-25T20:21:10.782Z","buy","maker"
"105.89000000","0.05000000","2024-05-25T20:21:10.727Z","buy","maker"
"105.93000000","0.71100000","2024-05-25T20:20:15.428Z","buy","maker"
"105.93000000","2.17100000","2024-05-25T20:20:15.428Z","buy","maker"
"105.93000000","2.68400000","2024-05-25T20:20:15.428Z","buy","maker"
"105.97000000","1.94700000","2024-05-25T20:19:00.265Z","buy","maker"
"105.92000000","1.65500000","2024-05-25T20:18:27.661Z","buy","maker"
"105.93000000","1.65500000","2024-05-25T20:18:27.661Z","buy","maker"
"105.93000000","2.40000000","2024-05-25T20:18:27.656Z","buy","maker"
"105.94000000","1.65500000","2024-05-25T20:18:27.656Z","buy","maker"
"105.94000000","2.00000000","2024-05-25T20:18:27.656Z","buy","maker"
"105.95000000","1.65500000","2024-05-25T20:18:25.170Z","buy","maker"
"105.95000000","2.40000000","2024-05-25T20:18:25.170Z","buy","maker"
"105.99000000","0.00900000","2024-05-25T20:18:17.938Z","sell","maker"
"105.98000000","0.01500000","2024-05-25T20:18:14.102Z","sell","maker"
"106.00000000","0.50000000","2024-05-25T20:17:51.387Z","buy","maker"
"106.10000000","2.15700000","2024-05-25T20:16:03.965Z","sell","maker"
"106.09000000","1.65500000","2024-05-25T20:16:03.799Z","sell","maker"
"106.09000000","2.40000000","2024-05-25T20:16:03.799Z","sell","maker"
"106.09000000","1.94100000","2024-05-25T20:16:03.799Z","sell","maker"
"106.09000000","1.65500000","2024-05-25T20:15:53.356Z","sell","maker"
"106.06000000","1.65500000","2024-05-25T20:15:48.320Z","sell","maker"
"106.05000000","1.65500000","2024-05-25T20:15:48.320Z","sell","maker"
"106.03000000","0.31400000","2024-05-25T20:15:45.762Z","buy","maker"
"106.03000000","1.87000000","2024-05-25T20:15:45.758Z","buy","maker"
"106.04000000","2.40000000","2024-05-25T20:15:45.590Z","buy","maker"
"106.04000000","1.65500000","2024-05-25T20:15:45.502Z","buy","maker"
"106.04000000","1.88500000","2024-05-25T20:15:45.493Z","buy","maker"
"106.05000000","0.90200000","2024-05-25T20:15:45.493Z","buy","maker"
"106.05000000","2.40000000","2024-05-25T20:15:45.493Z","buy","maker"
"106.07000000","1.65500000","2024-05-25T20:15:45.493Z","buy","maker"
"106.07000000","2.40000000","2024-05-25T20:15:45.493Z","buy","maker"
"106.07000000","2.40000000","2024-05-25T20:15:45.493Z","buy","maker"
"106.08000000","2.40000000","2024-05-25T20:15:45.492Z","buy","maker"
"106.18000000","0.08300000","2024-05-25T20:14:19.318Z","sell","maker"
"106.15000000","2.40000000","2024-05-25T20:14:16.445Z","buy","maker"
"106.16000000","1.65500000","2024-05-25T20:14:16.445Z","buy","maker"
"106.16000000","2.40000000","2024-05-25T20:14:16.445Z","buy","maker"
"106.20000000","1.65500000","2024-05-25T20:13:53.300Z","sell","maker"
"106.20000000","1.90400000","2024-05-25T20:13:53.300Z","sell","maker"
"106.21000000","2.40000000","2024-05-25T20:13:19.590Z","buy","maker"
"106.23000000","2.40000000","2024-05-25T20:13:19.495Z","buy","maker"
"106.24000000","2.40000000","2024-05-25T20:13:14.391Z","buy","maker"
"106.24000000","2.00000000","2024-05-25T20:13:14.391Z","buy","maker"
"106.24000000","2.00000000","2024-05-25T20:12:45.134Z","buy","maker"
"106.26000000","2.40000000","2024-05-25T20:12:17.907Z","buy","maker"
"106.27000000","2.00000000","2024-05-25T20:12:17.907Z","buy","maker"
"106.28000000","19.74300000","2024-05-25T20:11:37.287Z","buy","maker"
"106.29000000","2.00000000","2024-05-25T20:11:37.221Z","buy","maker"
"106.28000000","0.51700000","2024-05-25T20:11:27.231Z","buy","maker"
"106.32000000","0.60700000","2024-05-25T20:11:01.489Z","buy","maker"
"106.30000000","0.26100000","2024-05-25T20:10:28.985Z","sell","maker"
"106.25000000","5.15100000","2024-05-25T20:10:16.821Z","sell","maker"
"106.25000000","10.81500000","2024-05-25T20:10:16.820Z","sell","maker"
"106.25000000","21.85600000","2024-05-25T20:10:16.753Z","sell","maker"
"106.25000000","1.80000000","2024-05-25T20:10:12.923Z","sell","maker"
"106.25000000","2.50000000","2024-05-25T20:10:12.873Z","sell","maker"
"106.25000000","2.20000000","2024-05-25T20:10:11.773Z","sell","maker"
"106.25000000","1.88200000","2024-05-25T20:10:09.433Z","sell","maker"
"106.25000000","1.88200000","2024-05-25T20:10:08.405Z","sell","maker"
"106.25000000","1.88200000","2024-05-25T20:10:07.660Z","sell","maker"
"106.25000000","1.88200000","2024-05-25T20:10:07.434Z","sell","maker"
"106.25000000","9.50000000","2024-05-25T20:10:07.372Z","sell","maker"
"106.25000000","18.78700000","2024-05-25T20:10:07.367Z","sell","maker"
"106.25000000","1.80000000","2024-05-25T20:09:51.404Z","sell","maker"
"106.25000000","1.80000000","2024-05-25T20:09:51.395Z","sell","maker"
"106.25000000","1.88200000","2024-05-25T20:09:51.222Z","sell","maker"
"106.25000000","1.88200000","2024-05-25T20:09:49.647Z","sell","maker"
"106.25000000","1.80000000","2024-05-25T20:09:49.647Z","sell","maker"
"106.25000000","1.88200000","2024-05-25T20:09:49.150Z","sell","maker"
"106.25000000","1.80000000","2024-05-25T20:09:49.147Z","sell","maker"
"106.25000000","1.88200000","2024-05-25T20:09:48.650Z","sell","maker"
"106.25000000","1.80000000","2024-05-25T20:09:48.647Z","sell","maker"
"106.25000000","1.88200000","2024-05-25T20:09:48.150Z","sell","maker"
"106.25000000","1.75000000","2024-05-25T20:09:48.146Z","sell","maker"
"106.25000000","2.40000000","2024-05-25T20:09:47.974Z","buy","maker"
"106.25000000","2.40000000","2024-05-25T20:09:47.974Z","buy","maker"
"106.26000000","0.00400000","2024-05-25T20:09:17.189Z","sell","maker"
"106.25000000","0.00900000","2024-05-25T20:09:04.455Z","sell","maker"
"106.23000000","2.40000000","2024-05-25T20:08:20.865Z","buy","maker"
"106.29000000","0.14300000","2024-05-25T20:07:31.453Z","buy","maker"
"106.30000000","9.56300000","2024-05-25T20:07:17.568Z","buy","maker"
"106.30000000","3.50500000","2024-05-25T20:07:17.568Z","buy","maker"
"106.31000000","0.79100000","2024-05-25T20:07:09.263Z","sell","maker"
"106.34000000","2.00000000","2024-05-25T20:06:23.492Z","buy","maker"
"106.36000000","1.87900000","2024-05-25T20:06:19.062Z","sell","maker"
"106.36000000","2.40000000","2024-05-25T20:06:19.062Z","sell","maker"
"106.35000000","2.00000000","2024-05-25T20:06:18.378Z","buy","maker"
"106.32000000","2.40000000","2024-05-25T20:06:02.681Z","sell","maker"
"106.31000000","2.40000000","2024-05-25T20:05:26.168Z","sell","maker"
"106.30000000","2.40000000","2024-05-25T20:05:08.820Z","sell","maker"
"106.30000000","0.24800000","2024-05-25T20:05:08.820Z","sell","maker"
"106.30000000","2.15200000","2024-05-25T20:05:08.817Z","sell","maker"
"106.29000000","2.40000000","2024-05-25T20:05:08.750Z","sell","maker"
"106.28000000","2.40000000","2024-05-25T20:05:07.401Z","sell","maker"
"106.26000000","2.40000000","2024-05-25T20:05:03.972Z","sell","maker"
"106.24000000","2.40000000","2024-05-25T20:04:24.950Z","buy","maker"
"106.31000000","0.07900000","2024-05-25T20:03:56.861Z","sell","maker"
"106.29000000","1.23800000","2024-05-25T20:03:15.037Z","sell","maker"
"106.29000000","2.40000000","2024-05-25T20:03:15.037Z","sell","maker"
"106.26000000","0.28500000","2024-05-25T20:03:01.262Z","buy","maker"
"106.29000000","2.40000000","2024-05-25T20:02:28.129Z","sell","maker"
"106.29000000","2.40000000","2024-05-25T20:02:28.124Z","sell","maker"
"106.30000000","2.40000000","2024-05-25T20:02:14.859Z","sell","maker"
"106.30000000","2.40000000","2024-05-25T20:02:14.859Z","sell","maker"
"106.30000000","0.26800000","2024-05-25T20:02:14.859Z","sell","maker"
"106.29000000","2.40000000","2024-05-25T20:02:14.727Z","sell","maker"
"106.29000000","0.25800000","2024-05-25T20:02:14.727Z","sell","maker"
"106.28000000","2.40000000","2024-05-25T20:02:02.370Z","sell","maker"
"106.28000000","0.29600000","2024-05-25T20:02:02.370Z","sell","maker"
"106.27000000","0.00400000","2024-05-25T20:01:42.479Z","sell","maker"
"106.23000000","0.04300000","2024-05-25T20:01:13.693Z","buy","maker"
"106.20000000","0.45600000","2024-05-25T20:01:01.308Z","buy","maker"
"106.20000000","2.34400000","2024-05-25T20:01:01.308Z","buy","maker"
"106.21000000","2.00000000","2024-05-25T20:01:01.308Z","buy","maker"
"106.22000000","2.40000000","2024-05-25T20:00:50.293Z","sell","maker"
"106.18000000","2.40000000","2024-05-25T20:00:42.259Z","sell","maker"
"106.17000000","0.37800000","2024-05-25T19:59:27.595Z","buy","maker"
"106.17000000","1.37500000","2024-05-25T19:59:27.595Z","buy","maker"
"106.22000000","1.37500000","2024-05-25T19:59:20.903Z","sell","maker"
"106.22000000","2.40000000","2024-05-25T19:59:20.903Z","sell","maker"
"106.14000000","2.40000000","2024-05-25T19:58:23.891Z","sell","maker"
"106.13000000","1.37500000","2024-05-25T19:58:23.890Z","sell","maker"
"106.12000000","1.37500000","2024-05-25T19:58:23.859Z","sell","maker"
"106.05000000","2.40000000","2024-05-25T19:58:23.826Z","buy","maker"
"106.06000000","0.43300000","2024-05-25T19:58:23.825Z","buy","maker"
"106.07000000","0.13300000","2024-05-25T19:58:23.825Z","buy","maker"
"106.07000000","2.26700000","2024-05-25T19:58:23.823Z","buy","maker"
"106.08000000","0.13400000","2024-05-25T19:58:23.823Z","buy","maker"
"106.09000000","2.40000000","2024-05-25T19:58:23.819Z","buy","maker"
"106.11000000","2.40000000","2024-05-25T19:58:23.811Z","buy","maker"
"106.11000000","0.54700000","2024-05-25T19:58:23.811Z","buy","maker"
"106.12000000","1.37500000","2024-05-25T19:58:23.805Z","buy","maker"
"106.14000000","1.37500000","2024-05-25T19:58:23.794Z","buy","maker"
"106.15000000","2.40000000","2024-05-25T19:58:23.794Z","buy","maker"
"106.13000000","2.40000000","2024-05-25T19:58:23.789Z","buy","maker"
"106.14000000","1.37500000","2024-05-25T19:58:23.789Z","buy","maker"
"106.15000000","2.40000000","2024-05-25T19:58:23.789Z","buy","maker"
"106.15000000","2.40000000","2024-05-25T19:58:23.789Z","buy","maker"
"106.17000000","2.40000000","2024-05-25T19:58:23.530Z","buy","maker"
"106.18000000","5.78600000","2024-05-25T19:58:23.530Z","buy","maker"
"106.18000000","2.40000000","2024-05-25T19:58:23.530Z","buy","maker"
"106.18000000","1.37500000","2024-05-25T19:58:23.530Z","buy","maker"
"106.18000000","2.40000000","2024-05-25T19:58:23.530Z","buy","maker"
"106.23000000","0.61500000","2024-05-25T19:57:05.117Z","buy","maker"
"106.23000000","1.78500000","2024-05-25T19:57:05.112Z","buy","maker"
"106.25000000","2.40000000","2024-05-25T19:57:04.624Z","buy","maker"
"106.25000000","2.40000000","2024-05-25T19:57:04.624Z","buy","maker"
"106.27000000","2.40000000","2024-05-25T19:57:04.551Z","buy","maker"
"106.31000000","0.02300000","2024-05-25T19:56:54.887Z","sell","maker"
"106.28000000","0.00500000","2024-05-25T19:56:12.061Z","buy","maker"
"106.34000000","1.37500000","2024-05-25T19:53:53.485Z","buy","maker"
"106.34000000","0.67900000","2024-05-25T19:53:28.654Z","sell","maker"
"106.31000000","1.37500000","2024-05-25T19:53:28.356Z","sell","maker"
"106.36000000","2.00000000","2024-05-25T19:52:53.010Z","buy","maker"
"106.39000000","0.07200000","2024-05-25T19:50:31.350Z","sell","maker"
"106.38000000","2.40000000","2024-05-25T19:50:31.296Z","sell","maker"
"106.36000000","2.40000000","2024-05-25T19:50:31.107Z","sell","maker"
"106.36000000","2.40000000","2024-05-25T19:50:31.107Z","sell","maker"
"106.35000000","1.37500000","2024-05-25T19:50:31.107Z","sell","maker"
"106.35000000","2.44000000","2024-05-25T19:50:31.107Z","sell","maker"
"106.34000000","2.40000000","2024-05-25T19:50:31.107Z","sell","maker"
"106.30000000","2.40000000","2024-05-25T19:49:01.421Z","buy","maker"
"106.31000000","0.10800000","2024-05-25T19:48:49.858Z","buy","maker"
"106.36000000","0.00800000","2024-05-25T19:47:59.321Z","buy","maker"
"106.35000000","2.40000000","2024-05-25T19:46:44.653Z","sell","maker"
"106.31000000","1.52200000","2024-05-25T19:45:59.384Z","buy","maker"
"106.32000000","2.40000000","2024-05-25T19:45:59.384Z","buy","maker"
"106.32000000","1.98900000","2024-05-25T19:45:59.384Z","buy","maker"
"106.32000000","0.05900000","2024-05-25T19:45:48.153Z","buy","maker"
"106.35000000","2.40000000","2024-05-25T19:45:05.455Z","buy","maker"
"106.32000000","0.09700000","2024-05-25T19:43:26.463Z","buy","maker"
"106.35000000","1.37500000","2024-05-25T19:42:55.424Z","buy","maker"
"106.39000000","2.40000000","2024-05-25T19:42:02.687Z","sell","maker"
"106.39000000","0.02500000","2024-05-25T19:42:02.687Z","sell","maker"
"106.35000000","1.39100000","2024-05-25T19:41:00.745Z","buy","maker"
"106.35000000","2.07800000","2024-05-25T19:41:00.745Z","buy","maker"
"106.36000000","0.06400000","2024-05-25T19:40:34.313Z","sell","maker"
"106.30000000","1.47400000","2024-05-25T19:38:09.321Z","buy","maker"
"106.41000000","0.69800000","2024-05-25T19:37:21.617Z","sell","maker"
"106.43000000","0.16400000","2024-05-25T19:36:28.475Z","sell","maker"
"106.38000000","0.45800000","2024-05-25T19:36:18.831Z","buy","maker"
"106.39000000","2.00000000","2024-05-25T19:36:18.831Z","buy","maker"
"106.37000000","0.16300000","2024-05-25T19:36:01.148Z","buy","maker"
"106.37000000","2.40000000","2024-05-25T19:36:01.134Z","buy","maker"
"106.37000000","2.25500000","2024-05-25T19:36:01.134Z","buy","maker"
"106.40000000","1.36100000","2024-05-25T19:35:50.563Z","sell","maker"
"106.40000000","0.15900000","2024-05-25T19:35:39.923Z","sell","maker"
"106.37000000","1.37500000","2024-05-25T19:35:38.825Z","buy","maker"
"106.37000000","3.00400000","2024-05-25T19:35:38.825Z","buy","maker"
"106.38000000","2.00000000","2024-05-25T19:35:38.815Z","buy","maker"
"106.38000000","1.98600000","2024-05-25T19:35:31.985Z","buy","maker"
"106.38000000","2.00000000","2024-05-25T19:35:31.985Z","buy","maker"
"106.43000000","0.24800000","2024-05-25T19:35:26.493Z","sell","maker"
"106.43000000","0.38000000","2024-05-25T19:35:26.493Z","sell","maker"
"106.36000000","0.04600000","2024-05-25T19:34:51.646Z","sell","maker"
"106.35000000","0.04600000","2024-05-25T19:34:49.439Z","sell","maker"
"106.35000000","0.04600000","2024-05-25T19:34:47.200Z","sell","maker"
"106.36000000","0.22800000","2024-05-25T19:34:26.848Z","sell","maker"
"106.36000000","0.88200000","2024-05-25T19:34:25.591Z","sell","maker"
"106.38000000","0.27200000","2024-05-25T19:34:07.864Z","sell","maker"
"106.38000000","2.61500000","2024-05-25T19:34:07.864Z","sell","maker"
"106.37000000","2.40000000","2024-05-25T19:34:07.864Z","sell","maker"
"106.36000000","3.00900000","2024-05-25T19:34:07.864Z","sell","maker"
"106.36000000","1.63500000","2024-05-25T19:34:07.864Z","sell","maker"
"106.36000000","1.37500000","2024-05-25T19:34:07.864Z","sell","maker"
"106.35000000","2.40000000","2024-05-25T19:34:07.864Z","sell","maker"
"106.34000000","2.40000000","2024-05-25T19:33:52.202Z","sell","maker"
"106.34000000","2.00000000","2024-05-25T19:33:49.724Z","sell","maker"
"106.34000000","2.40000000","2024-05-25T19:33:45.668Z","sell","maker"
"106.33000000","2.00000000","2024-05-25T19:33:45.668Z","sell","maker"
"106.30000000","1.76000000","2024-05-25T19:33:36.035Z","buy","maker"
"106.35000000","2.16800000","2024-05-25T19:33:07.760Z","sell","maker"
"106.35000000","1.37500000","2024-05-25T19:33:07.760Z","sell","maker"
"106.33000000","2.44000000","2024-05-25T19:33:07.471Z","sell","maker"
"106.34000000","2.40000000","2024-05-25T19:32:41.263Z","sell","maker"
"106.31000000","0.01900000","2024-05-25T19:32:11.481Z","sell","maker"
"106.31000000","0.18800000","2024-05-25T19:31:42.100Z","buy","maker"
"106.40000000","2.01300000","2024-05-25T19:31:24.463Z","buy","maker"
"106.40000000","5.00000000","2024-05-25T19:31:24.463Z","buy","maker"
"106.40000000","15.00000000","2024-05-25T19:31:24.399Z","buy","maker"
"106.40000000","5.80300000","2024-05-25T19:31:23.928Z","buy","maker"
"106.55000000","0.04600000","2024-05-25T19:30:04.267Z","sell","maker"
"106.52000000","0.93800000","2024-05-25T19:29:47.589Z","buy","maker"
"106.58000000","0.00900000","2024-05-25T19:27:59.877Z","sell","maker"
"106.55000000","1.37500000","2024-05-25T19:27:29.194Z","buy","maker"
"106.55000000","2.40000000","2024-05-25T19:27:29.194Z","buy","maker"
"106.56000000","2.40000000","2024-05-25T19:27:29.194Z","buy","maker"
"106.63000000","1.46300000","2024-05-25T19:25:31.212Z","buy","maker"
"106.63000000","0.93700000","2024-05-25T19:25:27.126Z","buy","maker"
"106.67000000","1.30300000","2024-05-25T19:24:38.364Z","sell","maker"
"106.66000000","2.34400000","2024-05-25T19:24:38.364Z","sell","maker"
"106.65000000","2.40000000","2024-05-25T19:24:10.524Z","buy","maker"
"106.73000000","0.23600000","2024-05-25T19:23:22.052Z","sell","maker"
"106.70000000","2.40000000","2024-05-25T19:22:51.058Z","buy","maker"
"106.69000000","2.40000000","2024-05-25T19:22:32.239Z","buy","maker"
"106.70000000","2.40000000","2024-05-25T19:22:32.112Z","buy","maker"
"106.76000000","1.37500000","2024-05-25T19:21:44.030Z","buy","maker"
"106.78000000","0.40000000","2024-05-25T19:21:39.103Z","buy","maker"
"106.79000000","2.00000000","2024-05-25T19:21:39.103Z","buy","maker"
"106.77000000","2.00000000","2024-05-25T19:20:12.267Z","buy","maker"
"106.77000000","0.40000000","2024-05-25T19:20:12.266Z","buy","maker"
"106.77000000","2.00000000","2024-05-25T19:20:12.266Z","buy","maker"
"106.79000000","2.40000000","2024-05-25T19:20:12.253Z","buy","maker"
"106.83000000","2.40000000","2024-05-25T19:19:18.927Z","sell","maker"
"106.83000000","1.37500000","2024-05-25T19:19:18.927Z","sell","maker"
"106.74000000","1.87300000","2024-05-25T19:19:01.782Z","sell","maker"
"106.73000000","2.40000000","2024-05-25T19:19:00.973Z","buy","maker"
"106.75000000","1.05800000","2024-05-25T19:19:00.308Z","buy","maker"
"106.84000000","0.62300000","2024-05-25T19:18:42.822Z","sell","maker"
"106.83000000","4.76300000","2024-05-25T19:18:42.822Z","sell","maker"
"106.83000000","2.00000000","2024-05-25T19:18:42.822Z","sell","maker"
"106.83000000","3.00400000","2024-05-25T19:18:42.822Z","sell","maker"
"106.82000000","2.00000000","2024-05-25T19:18:42.822Z","sell","maker"
"106.82000000","3.41000000","2024-05-25T19:18:42.822Z","sell","maker"
"106.82000000","8.12600000","2024-05-25T19:18:42.822Z","sell","maker"
"106.82000000","2.40000000","2024-05-25T19:18:42.822Z","sell","maker"
"106.81000000","2.00000000","2024-05-25T19:18:42.822Z","sell","maker"
"106.81000000","0.54300000","2024-05-25T19:18:42.822Z","sell","maker"
"106.81000000","0.89900000","2024-05-25T19:18:42.822Z","sell","maker"
"106.81000000","6.09800000","2024-05-25T19:18:42.822Z","sell","maker"
"106.81000000","1.91000000","2024-05-25T19:18:42.822Z","sell","maker"
"106.80000000","2.00000000","2024-05-25T19:18:42.822Z","sell","maker"
"106.80000000","5.26200000","2024-05-25T19:18:42.822Z","sell","maker"
"106.80000000","2.40000000","2024-05-25T19:18:42.822Z","sell","maker"
"106.79000000","2.00000000","2024-05-25T19:18:42.822Z","sell","maker"
"106.79000000","1.91600000","2024-05-25T19:18:42.822Z","sell","maker"
"106.79000000","2.02700000","2024-05-25T19:18:42.822Z","sell","maker"
"106.78000000","2.40000000","2024-05-25T19:18:42.822Z","sell","maker"
"106.77000000","3.00900000","2024-05-25T19:18:42.822Z","sell","maker"
"106.77000000","0.40200000","2024-05-25T19:18:42.822Z","sell","maker"
"106.76000000","2.34200000","2024-05-25T19:18:42.822Z","sell","maker"
"106.76000000","1.37500000","2024-05-25T19:18:42.822Z","sell","maker"
"106.76000000","2.40000000","2024-05-25T19:18:42.822Z","sell","maker"
"106.76000000","1.98800000","2024-05-25T19:18:42.822Z","sell","maker"
"106.75000000","2.40000000","2024-05-25T19:18:42.822Z","sell","maker"
"106.73000000","2.40000000","2024-05-25T19:18:41.204Z","buy","maker"
"106.73000000","2.00000000","2024-05-25T19:18:41.204Z","buy","maker"
"106.72000000","1.17800000","2024-05-25T19:18:07.211Z","buy","maker"
"106.73000000","1.87300000","2024-05-25T19:17:41.048Z","buy","maker"
"106.73000000","3.74700000","2024-05-25T19:17:41.048Z","buy","maker"
"106.73000000","1.37500000","2024-05-25T19:17:41.048Z","buy","maker"
"106.74000000","14.28000000","2024-05-25T19:17:41.030Z","buy","maker"
"106.74000000","2.00000000","2024-05-25T19:17:41.030Z","buy","maker"
"106.76000000","2.40000000","2024-05-25T19:17:19.763Z","sell","maker"
"106.78000000","1.00000000","2024-05-25T19:17:04.667Z","sell","maker"
"106.73000000","0.03700000","2024-05-25T19:16:49.212Z","buy","maker"
"106.74000000","2.40000000","2024-05-25T19:16:45.831Z","sell","maker"
"106.77000000","2.00000000","2024-05-25T19:15:57.408Z","buy","maker"
"106.76000000","2.00000000","2024-05-25T19:15:28.478Z","buy","maker"
"106.76000000","2.40000000","2024-05-25T19:15:17.017Z","sell","maker"
"106.74000000","1.00000000","2024-05-25T19:15:14.908Z","sell","maker"
"106.72000000","2.40000000","2024-05-25T19:15:14.848Z","sell","maker"
"106.71000000","1.51600000","2024-05-25T19:15:04.967Z","sell","maker"
"106.67000000","2.40000000","2024-05-25T19:15:04.611Z","sell","maker"
"106.64000000","2.40000000","2024-05-25T19:15:01.820Z","sell","maker"
"106.62000000","1.26900000","2024-05-25T19:14:50.311Z","sell","maker"
"106.62000000","0.52500000","2024-05-25T19:14:50.311Z","sell","maker"
"106.58000000","1.64800000","2024-05-25T19:14:43.141Z","buy","maker"
"106.59000000","2.40000000","2024-05-25T19:14:43.141Z","buy","maker"
"106.59000000","1.87500000","2024-05-25T19:14:43.141Z","buy","maker"
"106.59000000","2.00000000","2024-05-25T19:14:43.141Z","buy","maker"
"106.60000000","14.28000000","2024-05-25T19:14:43.141Z","buy","maker"
"106.62000000","1.87500000","2024-05-25T19:14:42.223Z","sell","maker"
"106.59000000","0.93500000","2024-05-25T19:14:32.246Z","sell","maker"
"106.61000000","0.93400000","2024-05-25T19:14:31.699Z","sell","maker"
"106.60000000","0.86600000","2024-05-25T19:14:31.699Z","sell","maker"
"106.60000000","1.53400000","2024-05-25T19:14:31.648Z","sell","maker"
"106.62000000","2.00000000","2024-05-25T19:14:31.022Z","buy","maker"
"106.51000000","1.35400000","2024-05-25T19:14:05.216Z","buy","maker"
"106.52000000","25.43900000","2024-05-25T19:14:05.216Z","buy","maker"
"106.53000000","4.72200000","2024-05-25T19:14:05.216Z","buy","maker"
"106.53000000","0.43800000","2024-05-25T19:14:05.216Z","buy","maker"
"106.53000000","2.40000000","2024-05-25T19:14:05.216Z","buy","maker"
"106.54000000","3.55500000","2024-05-25T19:14:05.216Z","buy","maker"
"106.56000000","7.23800000","2024-05-25T19:14:05.216Z","buy","maker"
"106.56000000","4.76300000","2024-05-25T19:14:05.216Z","buy","maker"
"106.56000000","3.13000000","2024-05-25T19:14:05.216Z","buy","maker"
"106.56000000","2.40000000","2024-05-25T19:14:05.216Z","buy","maker"
"106.57000000","0.47000000","2024-05-25T19:14:05.216Z","buy","maker"
"106.57000000","2.63300000","2024-05-25T19:14:05.216Z","buy","maker"
"106.58000000","2.40000000","2024-05-25T19:14:05.216Z","buy","maker"
"106.59000000","1.89500000","2024-05-25T19:14:05.216Z","buy","maker"
"106.60000000","0.54400000","2024-05-25T19:14:05.216Z","buy","maker"
"106.60000000","16.66900000","2024-05-25T19:14:05.216Z","buy","maker"
"106.61000000","5.63700000","2024-05-25T19:14:05.216Z","buy","maker"
"106.61000000","3.75100000","2024-05-25T19:14:05.216Z","buy","maker"
"106.61000000","2.40000000","2024-05-25T19:14:05.216Z","buy","maker"
"106.62000000","3.00900000","2024-05-25T19:14:05.216Z","buy","maker"
"106.63000000","0.89900000","2024-05-25T19:14:05.216Z","buy","maker"
"106.63000000","2.40000000","2024-05-25T19:14:05.216Z","buy","maker"
"106.63000000","1.87500000","2024-05-25T19:14:05.216Z","buy","maker"
"106.63000000","2.40000000","2024-05-25T19:14:05.216Z","buy","maker"
"106.63000000","2.00000000","2024-05-25T19:14:05.216Z","buy","maker"
"106.64000000","5.74500000","2024-05-25T19:14:05.216Z","buy","maker"
"106.64000000","1.37500000","2024-05-25T19:14:05.216Z","buy","maker"
"106.64000000","2.40000000","2024-05-25T19:14:05.216Z","buy","maker"
"106.66000000","2.40000000","2024-05-25T19:14:04.586Z","sell","maker"
"106.66000000","0.11100000","2024-05-25T19:13:15.650Z","sell","maker"
"106.66000000","0.50600000","2024-05-25T19:13:15.628Z","sell","maker"
"106.66000000","1.78300000","2024-05-25T19:13:15.552Z","sell","maker"
"106.63000000","1.37500000","2024-05-25T19:13:15.367Z","sell","maker"
"106.63000000","0.54500000","2024-05-25T19:13:15.367Z","sell","maker"
"106.60000000","2.40000000","2024-05-25T19:13:15.354Z","sell","maker"
"106.55000000","1.38800000","2024-05-25T19:11:14.703Z","sell","maker"
"106.53000000","2.40000000","2024-05-25T19:10:14.334Z","buy","maker"
"106.61000000","2.40000000","2024-05-25T19:10:00.822Z","buy","maker"
"106.68000000","2.00000000","2024-05-25T19:09:26.640Z","buy","maker"
"106.57000000","2.40000000","2024-05-25T19:08:25.958Z","buy","maker"
"106.60000000","0.00900000","2024-05-25T19:08:06.657Z","sell","maker"
"106.57000000","2.40000000","2024-05-25T19:07:57.204Z","buy","maker"
"106.56000000","2.00000000","2024-05-25T19:07:38.050Z","buy","maker"
"106.56000000","2.40000000","2024-05-25T19:07:02.585Z","sell","maker"
"106.57000000","0.57400000","2024-05-25T19:07:02.268Z","sell","maker"
"106.56000000","2.40000000","2024-05-25T19:07:02.268Z","sell","maker"
"106.56000000","1.90900000","2024-05-25T19:06:57.819Z","sell","maker"
"106.54000000","2.20600000","2024-05-25T19:06:56.576Z","sell","maker"
"106.53000000","1.37500000","2024-05-25T19:06:56.324Z","sell","maker"
"106.49000000","1.37500000","2024-05-25T19:06:56.311Z","sell","maker"
"106.49000000","2.44000000","2024-05-25T19:06:56.311Z","sell","maker"
"106.47000000","1.15000000","2024-05-25T19:06:43.349Z","sell","maker"
"106.47000000","2.40000000","2024-05-25T19:06:43.349Z","sell","maker"
"106.42000000","0.14200000","2024-05-25T19:06:17.165Z","buy","maker"
"106.42000000","1.37500000","2024-05-25T19:06:17.165Z","buy","maker"
"106.41000000","0.21700000","2024-05-25T19:06:15.664Z","buy","maker"
"106.41000000","1.33000000","2024-05-25T19:06:15.664Z","buy","maker"
"106.41000000","0.04500000","2024-05-25T19:06:15.635Z","buy","maker"
"106.42000000","0.85700000","2024-05-25T19:06:15.635Z","buy","maker"
"106.42000000","1.22600000","2024-05-25T19:06:15.146Z","buy","maker"
"106.42000000","1.29300000","2024-05-25T19:06:12.448Z","buy","maker"
"106.41000000","0.17100000","2024-05-25T19:06:10.873Z","buy","maker"
"106.41000000","0.52200000","2024-05-25T19:06:10.325Z","buy","maker"
"106.41000000","0.12300000","2024-05-25T19:06:07.496Z","buy","maker"
"106.41000000","0.50300000","2024-05-25T19:06:00.065Z","buy","maker"
"106.42000000","0.34900000","2024-05-25T19:05:57.905Z","buy","maker"
"106.43000000","0.45300000","2024-05-25T19:05:57.905Z","buy","maker"
"106.43000000","0.92200000","2024-05-25T19:05:56.432Z","buy","maker"
"106.41000000","0.41900000","2024-05-25T19:05:51.598Z","buy","maker"
"106.40000000","0.32300000","2024-05-25T19:05:50.878Z","buy","maker"
"106.41000000","0.84300000","2024-05-25T19:05:50.878Z","buy","maker"
"106.41000000","0.19900000","2024-05-25T19:05:46.673Z","buy","maker"
"106.41000000","0.33300000","2024-05-25T19:05:46.489Z","buy","maker"
"106.47000000","0.26600000","2024-05-25T19:05:40.271Z","buy","maker"
"106.47000000","0.09500000","2024-05-25T19:05:38.008Z","buy","maker"
"106.47000000","0.09500000","2024-05-25T19:05:37.936Z","buy","maker"
"106.47000000","0.02800000","2024-05-25T19:05:37.795Z","buy","maker"
"106.50000000","0.95700000","2024-05-25T19:05:37.524Z","buy","maker"
"106.50000000","0.32300000","2024-05-25T19:05:37.441Z","buy","maker"
"106.50000000","0.09500000","2024-05-25T19:05:37.278Z","buy","maker"
"106.58000000","1.37500000","2024-05-25T19:05:34.343Z","sell","maker"
"106.59000000","3.28000000","2024-05-25T19:05:34.340Z","sell","maker"
"106.58000000","1.37500000","2024-05-25T19:05:34.338Z","sell","maker"
"106.54000000","0.00100000","2024-05-25T19:05:34.336Z","sell","maker"
"106.54000000","2.43900000","2024-05-25T19:05:34.329Z","sell","maker"
"106.53000000","2.00000000","2024-05-25T19:05:34.329Z","sell","maker"
"106.55000000","2.40000000","2024-05-25T19:05:32.625Z","buy","maker"
"106.63000000","0.19000000","2024-05-25T19:05:14.551Z","buy","maker"
"106.64000000","1.19000000","2024-05-25T19:05:11.041Z","buy","maker"
"106.66000000","2.40000000","2024-05-25T19:05:10.668Z","sell","maker"
"106.59000000","0.14200000","2024-05-25T19:04:59.067Z","buy","maker"
"106.73000000","1.37500000","2024-05-25T19:04:27.122Z","sell","maker"
"106.72000000","1.37500000","2024-05-25T19:04:27.120Z","sell","maker"
"106.72000000","1.37500000","2024-05-25T19:04:27.112Z","sell","maker"
"106.72000000","14.28000000","2024-05-25T19:04:27.112Z","sell","maker"
"106.70000000","2.44000000","2024-05-25T19:04:27.111Z","sell","maker"
"106.67000000","1.37500000","2024-05-25T19:04:21.061Z","sell","maker"
"106.72000000","2.40000000","2024-05-25T19:04:11.582Z","buy","maker"
"106.74000000","2.40000000","2024-05-25T19:04:11.517Z","buy","maker"
"106.76000000","2.40000000","2024-05-25T19:04:11.373Z","buy","maker"
"106.78000000","2.40000000","2024-05-25T19:04:11.191Z","buy","maker"
"106.79000000","2.40000000","2024-05-25T19:04:11.052Z","buy","maker"
"106.79000000","2.40000000","2024-05-25T19:04:09.760Z","buy","maker"
"106.81000000","2.40000000","2024-05-25T19:04:07.728Z","buy","maker"
"106.82000000","2.40000000","2024-05-25T19:04:07.192Z","buy","maker"
"107.06000000","2.40000000","2024-05-25T19:03:12.133Z","sell","maker"
"107.05000000","2.40000000","2024-05-25T19:03:10.348Z","sell","maker"
"107.04000000","2.40000000","2024-05-25T19:03:10.284Z","sell","maker"
"107.02000000","2.40000000","2024-05-25T19:03:10.208Z","sell","maker"
"106.98000000","2.40000000","2024-05-25T19:03:04.508Z","sell","maker"
"106.97000000","2.40000000","2024-05-25T19:03:03.802Z","sell","maker"
"106.96000000","0.86600000","2024-05-25T19:03:03.802Z","sell","maker"
"106.94000000","2.40000000","2024-05-25T19:03:03.802Z","sell","maker"
"106.91000000","0.86600000","2024-05-25T19:03:00.104Z","sell","maker"
"106.90000000","1.32700000","2024-05-25T19:02:59.630Z","sell","maker"
"106.90000000","1.37500000","2024-05-25T19:02:59.630Z","sell","maker"
"106.86000000","1.69500000","2024-05-25T19:02:40.902Z","sell","maker"
"106.85000000","2.40000000","2024-05-25T19:02:37.975Z","buy","maker"
"106.85000000","2.40000000","2024-05-25T19:02:37.614Z","buy","maker"
"106.87000000","2.40000000","2024-05-25T19:02:36.990Z","buy","maker"
"106.89000000","2.40000000","2024-05-25T19:02:36.320Z","buy","maker"
"106.92000000","2.40000000","2024-05-25T19:02:35.825Z","buy","maker"
"106.91000000","1.40000000","2024-05-25T19:02:35.819Z","buy","maker"
"106.91000000","1.00000000","2024-05-25T19:02:35.819Z","buy","maker"
"106.92000000","2.40000000","2024-05-25T19:02:33.654Z","buy","maker"
"106.91000000","1.37500000","2024-05-25T19:02:31.738Z","sell","maker"
"106.90000000","0.54200000","2024-05-25T19:02:31.688Z","sell","maker"
"106.91000000","1.35700000","2024-05-25T19:02:31.633Z","sell","maker"
"106.91000000","1.37500000","2024-05-25T19:02:31.633Z","sell","maker"
"106.90000000","2.44000000","2024-05-25T19:02:31.585Z","sell","maker"
"106.89000000","2.44000000","2024-05-25T19:02:31.124Z","sell","maker"
"106.87000000","1.67800000","2024-05-25T19:02:31.022Z","buy","maker"
"106.87000000","0.72200000","2024-05-25T19:02:31.022Z","buy","maker"
"106.87000000","1.05400000","2024-05-25T19:02:30.940Z","buy","maker"
"106.87000000","0.62400000","2024-05-25T19:02:30.938Z","buy","maker"
"106.87000000","1.25100000","2024-05-25T19:02:30.912Z","buy","maker"
"106.87000000","1.14900000","2024-05-25T19:02:30.912Z","buy","maker"
"106.89000000","2.40000000","2024-05-25T19:02:30.871Z","buy","maker"
"106.91000000","0.93500000","2024-05-25T19:02:30.826Z","sell","maker"
"106.91000000","2.44000000","2024-05-25T19:02:30.826Z","sell","maker"
"106.94000000","1.37500000","2024-05-25T19:02:30.727Z","sell","maker"
"106.94000000","2.44000000","2024-05-25T19:02:30.727Z","sell","maker"
"106.89000000","1.86900000","2024-05-25T19:02:30.692Z","buy","maker"
"106.92000000","1.37500000","2024-05-25T19:02:30.687Z","buy","maker"
"106.92000000","2.40000000","2024-05-25T19:02:30.687Z","buy","maker"
"106.88000000","3.62500000","2024-05-25T19:02:30.683Z","buy","maker"
"106.89000000","1.37500000","2024-05-25T19:02:30.683Z","buy","maker"
"106.89000000","1.02500000","2024-05-25T19:02:30.683Z","buy","maker"
"106.93000000","1.37500000","2024-05-25T19:02:30.683Z","buy","maker"
"106.91000000","3.28000000","2024-05-25T19:02:30.682Z","buy","maker"
"106.94000000","1.37500000","2024-05-25T19:02:30.682Z","buy","maker"
"106.92000000","0.90200000","2024-05-25T19:02:30.682Z","buy","maker"
"106.92000000","8.63300000","2024-05-25T19:02:30.682Z","buy","maker"
"106.96000000","2.40000000","2024-05-25T19:02:30.680Z","buy","maker"
"106.93000000","4.66400000","2024-05-25T19:02:30.678Z","buy","maker"
"106.93000000","0.89900000","2024-05-25T19:02:30.678Z","buy","maker"
"106.93000000","2.40000000","2024-05-25T19:02:30.678Z","buy","maker"
"106.94000000","0.45100000","2024-05-25T19:02:30.678Z","buy","maker"
"106.95000000","51.45800000","2024-05-25T19:02:30.677Z","buy","maker"
"106.96000000","0.83400000","2024-05-25T19:02:30.677Z","buy","maker"
"106.96000000","0.54100000","2024-05-25T19:02:30.677Z","buy","maker"
"106.95000000","17.10100000","2024-05-25T19:02:30.676Z","buy","maker"
"106.95000000","20.00000000","2024-05-25T19:02:30.676Z","buy","maker"
"106.95000000","5.00000000","2024-05-25T19:02:30.676Z","buy","maker"
"106.95000000","25.00000000","2024-05-25T19:02:30.675Z","buy","maker"
"106.95000000","19.41900000","2024-05-25T19:02:30.672Z","buy","maker"
"106.95000000","0.86400000","2024-05-25T19:02:30.672Z","buy","maker"
"106.95000000","2.40000000","2024-05-25T19:02:30.672Z","buy","maker"
"106.96000000","0.62600000","2024-05-25T19:02:30.671Z","buy","maker"
"106.97000000","2.40000000","2024-05-25T19:02:30.671Z","buy","maker"
"106.99000000","2.40000000","2024-05-25T19:02:30.671Z","buy","maker"
"106.99000000","2.40000000","2024-05-25T19:02:30.671Z","buy","maker"
"107.01000000","2.40000000","2024-05-25T19:02:17.356Z","buy","maker"
"107.10000000","0.17600000","2024-05-25T19:01:43.983Z","sell","maker"
"107.10000000","2.40000000","2024-05-25T19:01:18.004Z","sell","maker"
"107.09000000","2.40000000","2024-05-25T19:01:13.351Z","sell","maker"
"107.09000000","1.86700000","2024-05-25T19:01:12.809Z","buy","maker"
"107.11000000","0.96400000","2024-05-25T19:01:11.176Z","sell","maker"
"107.10000000","1.37500000","2024-05-25T19:01:09.400Z","sell","maker"
"107.10000000","2.40000000","2024-05-25T19:01:09.400Z","sell","maker"
"107.02000000","2.40000000","2024-05-25T19:00:50.009Z","buy","maker"
"107.06000000","0.45400000","2024-05-25T19:00:49.910Z","sell","maker"
"107.06000000","2.40000000","2024-05-25T19:00:44.168Z","buy","maker"
"107.07000000","1.37500000","2024-05-25T19:00:38.796Z","buy","maker"
"107.08000000","2.40000000","2024-05-25T19:00:38.791Z","buy","maker"
"107.11000000","1.64100000","2024-05-25T19:00:27.342Z","sell","maker"
"107.11000000","2.00000000","2024-05-25T19:00:26.327Z","buy","maker"
"107.15000000","2.40000000","2024-05-25T19:00:11.168Z","buy","maker"
"107.09000000","2.40000000","2024-05-25T18:59:32.664Z","buy","maker"
"107.11000000","2.40000000","2024-05-25T18:59:18.545Z","buy","maker"
"107.13000000","0.46500000","2024-05-25T18:59:17.339Z","buy","maker"
"107.13000000","0.86200000","2024-05-25T18:59:17.339Z","buy","maker"
"107.13000000","0.93000000","2024-05-25T18:59:17.339Z","buy","maker"
"107.14000000","1.37500000","2024-05-25T18:59:17.334Z","buy","maker"
"107.14000000","2.40000000","2024-05-25T18:59:17.332Z","buy","maker"
"107.15000000","1.37500000","2024-05-25T18:59:17.329Z","buy","maker"
"107.15000000","2.40000000","2024-05-25T18:59:17.329Z","buy","maker"
"107.20000000","0.47000000","2024-05-25T18:59:02.412Z","buy","maker"
"107.21000000","1.52800000","2024-05-25T18:59:02.373Z","buy","maker"
"107.21000000","2.40000000","2024-05-25T18:58:46.871Z","sell","maker"
"107.17000000","1.52800000","2024-05-25T18:58:30.885Z","sell","maker"
"107.15000000","0.99600000","2024-05-25T18:58:22.792Z","sell","maker"
"107.11000000","2.40000000","2024-05-25T18:58:21.816Z","buy","maker"
"107.12000000","2.40000000","2024-05-25T18:58:21.794Z","buy","maker"
"107.14000000","2.40000000","2024-05-25T18:58:21.772Z","buy","maker"
"107.15000000","0.47400000","2024-05-25T18:58:01.128Z","buy","maker"
"107.18000000","2.40000000","2024-05-25T18:57:35.489Z","sell","maker"
"107.16000000","2.40000000","2024-05-25T18:57:22.670Z","buy","maker"
"107.15000000","0.01900000","2024-05-25T18:57:18.180Z","buy","maker"
"107.15000000","0.14200000","2024-05-25T18:57:17.345Z","buy","maker"
"107.18000000","0.03800000","2024-05-25T18:57:17.099Z","sell","maker"
"107.18000000","2.40000000","2024-05-25T18:57:17.099Z","sell","maker"
"107.17000000","3.00600000","2024-05-25T18:57:17.099Z","sell","maker"
"107.16000000","2.44000000","2024-05-25T18:57:17.099Z","sell","maker"
"107.15000000","0.52100000","2024-05-25T18:57:16.947Z","buy","maker"
"107.15000000","0.47900000","2024-05-25T18:57:16.947Z","buy","maker"
"107.16000000","0.77400000","2024-05-25T18:57:16.921Z","buy","maker"
"107.16000000","1.62600000","2024-05-25T18:57:16.920Z","buy","maker"
"107.16000000","1.25300000","2024-05-25T18:57:16.920Z","buy","maker"
"107.17000000","1.52800000","2024-05-25T18:57:16.846Z","buy","maker"
"107.18000000","2.40000000","2024-05-25T18:57:16.839Z","buy","maker"
"107.19000000","1.52800000","2024-05-25T18:57:16.402Z","buy","maker"
"107.20000000","1.52800000","2024-05-25T18:57:16.363Z","buy","maker"
"107.26000000","2.49000000","2024-05-25T18:57:16.105Z","sell","maker"
"107.26000000","2.40000000","2024-05-25T18:57:16.105Z","sell","maker"
"107.25000000","3.00300000","2024-05-25T18:57:16.105Z","sell","maker"
"107.24000000","1.52800000","2024-05-25T18:57:16.105Z","sell","maker"
"107.24000000","2.40000000","2024-05-25T18:57:16.105Z","sell","maker"
"107.23000000","2.49300000","2024-05-25T18:57:16.105Z","sell","maker"
"107.22000000","2.40000000","2024-05-25T18:57:15.822Z","sell","maker"
"107.22000000","2.40000000","2024-05-25T18:57:15.822Z","sell","maker"
"107.20000000","2.40000000","2024-05-25T18:57:15.808Z","sell","maker"
"107.21000000","0.87800000","2024-05-25T18:57:15.785Z","sell","maker"
"107.20000000","1.22200000","2024-05-25T18:57:15.785Z","sell","maker"
"107.20000000","0.48200000","2024-05-25T18:57:15.784Z","sell","maker"
"107.18000000","1.42400000","2024-05-25T18:57:15.784Z","sell","maker"
"107.18000000","0.97600000","2024-05-25T18:57:15.769Z","sell","maker"
"107.20000000","0.60300000","2024-05-25T18:57:15.758Z","sell","maker"
"107.19000000","2.40000000","2024-05-25T18:57:15.758Z","sell","maker"
"107.20000000","0.09300000","2024-05-25T18:57:15.752Z","sell","maker"
"107.20000000","2.40000000","2024-05-25T18:57:15.752Z","sell","maker"
"107.20000000","2.40000000","2024-05-25T18:57:15.736Z","sell","maker"
"107.20000000","0.92300000","2024-05-25T18:57:15.736Z","sell","maker"
"107.20000000","0.77400000","2024-05-25T18:57:15.736Z","sell","maker"
"107.20000000","0.70300000","2024-05-25T18:57:15.735Z","sell","maker"
"107.19000000","0.81500000","2024-05-25T18:57:15.735Z","sell","maker"
"107.19000000","2.20200000","2024-05-25T18:57:15.735Z","sell","maker"
"107.18000000","0.18900000","2024-05-25T18:57:15.735Z","sell","maker"
"107.18000000","0.72300000","2024-05-25T18:57:15.732Z","sell","maker"
"107.17000000","2.40000000","2024-05-25T18:57:15.732Z","sell","maker"
"107.18000000","1.48800000","2024-05-25T18:57:15.728Z","sell","maker"
"107.18000000","0.87200000","2024-05-25T18:57:15.728Z","sell","maker"
"107.18000000","1.52800000","2024-05-25T18:57:15.723Z","sell","maker"
"107.14000000","12.62300000","2024-05-25T18:57:15.561Z","buy","maker"
"107.13000000","2.40000000","2024-05-25T18:57:15.547Z","buy","maker"
"107.14000000","0.65600000","2024-05-25T18:57:15.547Z","buy","maker"
"107.14000000","0.87200000","2024-05-25T18:57:15.493Z","buy","maker"
"107.16000000","1.52800000","2024-05-25T18:57:15.493Z","buy","maker"
"107.15000000","2.40000000","2024-05-25T18:57:15.487Z","buy","maker"
"107.15000000","2.40000000","2024-05-25T18:57:15.487Z","buy","maker"
"107.16000000","1.52800000","2024-05-25T18:57:15.487Z","buy","maker"
"107.17000000","2.40000000","2024-05-25T18:57:15.482Z","buy","maker"
"107.17000000","2.40000000","2024-05-25T18:57:15.480Z","buy","maker"
"107.19000000","0.89500000","2024-05-25T18:57:15.458Z","sell","maker"
"107.19000000","1.84800000","2024-05-25T18:57:15.458Z","sell","maker"
"107.19000000","0.24700000","2024-05-25T18:57:15.458Z","sell","maker"
"107.17000000","0.44800000","2024-05-25T18:57:15.458Z","sell","maker"
"107.15000000","6.23200000","2024-05-25T18:57:15.436Z","sell","maker"
"107.17000000","2.06300000","2024-05-25T18:57:15.423Z","buy","maker"
"107.11000000","0.96400000","2024-05-25T18:57:15.406Z","sell","maker"
"107.09000000","0.48200000","2024-05-25T18:57:15.406Z","sell","maker"
"107.09000000","0.31200000","2024-05-25T18:57:15.406Z","sell","maker"
"107.09000000","3.60000000","2024-05-25T18:57:15.406Z","sell","maker"
"107.15000000","26.61900000","2024-05-25T18:57:15.401Z","sell","maker"
"107.15000000","7.51000000","2024-05-25T18:57:15.400Z","sell","maker"
"107.14000000","5.86000000","2024-05-25T18:57:15.400Z","sell","maker"
"107.15000000","3.64400000","2024-05-25T18:57:15.392Z","sell","maker"
"107.15000000","6.36700000","2024-05-25T18:57:15.389Z","sell","maker"
"107.14000000","1.98700000","2024-05-25T18:57:15.386Z","sell","maker"
"107.07000000","1.62400000","2024-05-25T18:57:15.382Z","sell","maker"
"107.11000000","11.16700000","2024-05-25T18:57:15.380Z","sell","maker"
"107.11000000","0.99400000","2024-05-25T18:57:15.380Z","sell","maker"
"107.10000000","5.70300000","2024-05-25T18:57:15.380Z","sell","maker"
"107.10000000","2.25900000","2024-05-25T18:57:15.380Z","sell","maker"
"107.05000000","1.52800000","2024-05-25T18:57:15.380Z","sell","maker"
"107.09000000","4.58000000","2024-05-25T18:57:15.377Z","sell","maker"
"107.09000000","0.49700000","2024-05-25T18:57:15.377Z","sell","maker"
"107.08000000","2.60000000","2024-05-25T18:57:15.377Z","sell","maker"
"107.07000000","0.89900000","2024-05-25T18:57:15.377Z","sell","maker"
"107.06000000","2.26400000","2024-05-25T18:57:15.377Z","sell","maker"
"107.06000000","2.50700000","2024-05-25T18:57:15.377Z","sell","maker"
"107.06000000","7.58900000","2024-05-25T18:57:15.377Z","sell","maker"
"107.01000000","1.52800000","2024-05-25T18:57:15.375Z","sell","maker"
"107.00000000","1.52800000","2024-05-25T18:57:15.375Z","sell","maker"
"107.04000000","0.86800000","2024-05-25T18:57:15.372Z","sell","maker"
"107.04000000","2.40000000","2024-05-25T18:57:15.372Z","sell","maker"
"106.99000000","1.52800000","2024-05-25T18:57:15.372Z","sell","maker"
"107.03000000","3.73700000","2024-05-25T18:57:15.371Z","sell","maker"
"107.02000000","2.40000000","2024-05-25T18:57:15.371Z","sell","maker"
"107.01000000","0.83500000","2024-05-25T18:57:15.370Z","sell","maker"
"107.00000000","2.40000000","2024-05-25T18:57:15.370Z","sell","maker"
"106.98000000","1.52800000","2024-05-25T18:57:15.367Z","sell","maker"
"106.98000000","2.40000000","2024-05-25T18:57:15.367Z","sell","maker"
"106.93000000","2.40000000","2024-05-25T18:56:26.037Z","buy","maker"
"106.94000000","2.40000000","2024-05-25T18:56:24.654Z","buy","maker"
"106.97000000","0.00400000","2024-05-25T18:56:16.863Z","buy","maker"
"106.89000000","0.06600000","2024-05-25T18:55:48.225Z","buy","maker"
"106.88000000","2.40000000","2024-05-25T18:55:30.858Z","buy","maker"
"106.90000000","2.40000000","2024-05-25T18:55:30.664Z","buy","maker"
"106.91000000","1.52800000","2024-05-25T18:55:28.984Z","buy","maker"
"107.00000000","0.44400000","2024-05-25T18:55:04.147Z","sell","maker"
"106.95000000","0.32100000","2024-05-25T18:55:03.968Z","buy","maker"
"106.97000000","1.52800000","2024-05-25T18:54:10.149Z","sell","maker"
"106.92000000","1.52800000","2024-05-25T18:54:01.019Z","buy","maker"
"106.92000000","1.67000000","2024-05-25T18:54:01.006Z","buy","maker"
"106.93000000","1.52800000","2024-05-25T18:54:01.005Z","buy","maker"
"106.95000000","1.52800000","2024-05-25T18:54:00.997Z","buy","maker"
"106.96000000","2.40000000","2024-05-25T18:53:20.628Z","sell","maker"
"106.97000000","2.40000000","2024-05-25T18:53:18.142Z","sell","maker"
"106.99000000","2.40000000","2024-05-25T18:53:14.503Z","sell","maker"
"106.99000000","2.40000000","2024-05-25T18:53:14.503Z","sell","maker"
"106.99000000","2.40000000","2024-05-25T18:53:14.439Z","sell","maker"
"107.00000000","2.40000000","2024-05-25T18:53:14.430Z","sell","maker"
"107.00000000","0.60500000","2024-05-25T18:53:14.430Z","sell","maker"
"107.00000000","1.79500000","2024-05-25T18:53:14.323Z","sell","maker"
"106.98000000","1.33400000","2024-05-25T18:53:14.118Z","sell","maker"
"106.98000000","0.28500000","2024-05-25T18:53:14.118Z","sell","maker"
"106.97000000","2.40000000","2024-05-25T18:53:14.118Z","sell","maker"
"106.97000000","1.04900000","2024-05-25T18:53:14.104Z","sell","maker"
"106.97000000","1.35100000","2024-05-25T18:53:14.099Z","sell","maker"
"106.96000000","2.40000000","2024-05-25T18:53:14.046Z","sell","maker"
"106.96000000","0.60000000","2024-05-25T18:53:14.046Z","sell","maker"
"106.96000000","1.80000000","2024-05-25T18:53:14.041Z","sell","maker"
"106.94000000","1.94700000","2024-05-25T18:53:13.969Z","sell","maker"
"106.93000000","2.40000000","2024-05-25T18:53:13.950Z","sell","maker"
"106.92000000","1.52800000","2024-05-25T18:53:13.881Z","sell","maker"
"106.92000000","1.79800000","2024-05-25T18:53:13.872Z","sell","maker"
"106.92000000","2.40000000","2024-05-25T18:53:13.872Z","sell","maker"
"106.92000000","35.22000000","2024-05-25T18:53:13.872Z","sell","maker"
"106.92000000","70.00000000","2024-05-25T18:53:13.872Z","sell","maker"
"106.92000000","18.61300000","2024-05-25T18:53:13.870Z","sell","maker"
"106.91000000","0.52700000","2024-05-25T18:53:13.870Z","sell","maker"
"106.91000000","1.00100000","2024-05-25T18:53:13.868Z","sell","maker"
"106.92000000","5.00000000","2024-05-25T18:53:13.867Z","sell","maker"
"106.92000000","0.52400000","2024-05-25T18:53:13.867Z","sell","maker"
"106.92000000","1.05600000","2024-05-25T18:53:13.867Z","sell","maker"
"106.92000000","3.55400000","2024-05-25T18:53:13.865Z","sell","maker"
"106.92000000","2.40000000","2024-05-25T18:53:13.865Z","sell","maker"
"106.91000000","1.05600000","2024-05-25T18:53:13.865Z","sell","maker"
"106.91000000","0.26600000","2024-05-25T18:53:13.864Z","sell","maker"
"106.90000000","0.86800000","2024-05-25T18:53:13.862Z","sell","maker"
"106.90000000","2.40000000","2024-05-25T18:53:13.862Z","sell","maker"
"106.90000000","0.67400000","2024-05-25T18:53:13.862Z","sell","maker"
"106.89000000","1.32200000","2024-05-25T18:53:13.862Z","sell","maker"
"106.89000000","1.87200000","2024-05-25T18:53:13.862Z","sell","maker"
"106.88000000","0.89900000","2024-05-25T18:53:13.862Z","sell","maker"
"106.88000000","2.40000000","2024-05-25T18:53:13.862Z","sell","maker"
"106.85000000","2.40000000","2024-05-25T18:53:13.857Z","sell","maker"
"106.85000000","2.40000000","2024-05-25T18:53:13.857Z","sell","maker"
"106.81000000","2.40000000","2024-05-25T18:51:52.502Z","sell","maker"
"106.81000000","0.54300000","2024-05-25T18:51:52.502Z","sell","maker"
"106.79000000","0.90900000","2024-05-25T18:51:52.497Z","sell","maker"
"106.79000000","2.40000000","2024-05-25T18:51:52.497Z","sell","maker"
"106.70000000","1.74400000","2024-05-25T18:51:48.011Z","buy","maker"
"106.71000000","3.74800000","2024-05-25T18:51:48.011Z","buy","maker"
"106.71000000","0.72500000","2024-05-25T18:51:48.011Z","buy","maker"
"106.71000000","2.40000000","2024-05-25T18:51:48.011Z","buy","maker"
"106.72000000","6.12400000","2024-05-25T18:51:48.011Z","buy","maker"
"106.72000000","1.18900000","2024-05-25T18:51:48.011Z","buy","maker"
"106.73000000","5.85200000","2024-05-25T18:51:48.011Z","buy","maker"
"106.73000000","2.40000000","2024-05-25T18:51:48.011Z","buy","maker"
"106.74000000","1.87200000","2024-05-25T18:51:48.011Z","buy","maker"
"106.74000000","4.49200000","2024-05-25T18:51:48.011Z","buy","maker"
"106.74000000","2.31900000","2024-05-25T18:51:48.011Z","buy","maker"
"106.75000000","1.52800000","2024-05-25T18:51:48.011Z","buy","maker"
"106.75000000","2.40000000","2024-05-25T18:51:48.011Z","buy","maker"
"106.75000000","2.40000000","2024-05-25T18:51:48.011Z","buy","maker"
"106.76000000","2.60700000","2024-05-25T18:51:48.011Z","buy","maker"
"106.76000000","2.44000000","2024-05-25T18:51:48.011Z","buy","maker"
"106.77000000","2.40000000","2024-05-25T18:51:48.011Z","buy","maker"
"106.77000000","2.40000000","2024-05-25T18:51:48.011Z","buy","maker"
"106.79000000","0.98100000","2024-05-25T18:50:49.959Z","sell","maker"
"106.79000000","0.54700000","2024-05-25T18:50:49.958Z","sell","maker"
"106.79000000","2.40000000","2024-05-25T18:50:49.958Z","sell","maker"
"106.77000000","2.40000000","2024-05-25T18:50:00.501Z","buy","maker"
"106.80000000","0.00400000","2024-05-25T18:49:43.917Z","sell","maker"
"106.77000000","0.00600000","2024-05-25T18:49:28.223Z","buy","maker"
"106.72000000","0.85100000","2024-05-25T18:49:25.030Z","buy","maker"
"106.73000000","2.40000000","2024-05-25T18:49:25.030Z","buy","maker"
"106.74000000","1.95200000","2024-05-25T18:49:25.030Z","buy","maker"
"106.75000000","2.40000000","2024-05-25T18:49:25.030Z","buy","maker"
"106.75000000","2.40000000","2024-05-25T18:49:25.030Z","buy","maker"
"106.73000000","2.40000000","2024-05-25T18:48:09.721Z","buy","maker"
"106.77000000","0.68600000","2024-05-25T18:47:28.027Z","sell","maker"
"106.77000000","0.90900000","2024-05-25T18:47:12.991Z","sell","maker"
"106.80000000","2.40000000","2024-05-25T18:45:59.286Z","sell","maker"
"106.76000000","0.00300000","2024-05-25T18:45:16.882Z","buy","maker"
"106.74000000","0.02500000","2024-05-25T18:43:27.501Z","sell","maker"
"106.74000000","2.00000000","2024-05-25T18:43:22.252Z","sell","maker"
"106.71000000","0.00600000","2024-05-25T18:43:18.320Z","buy","maker"
"106.74000000","2.00000000","2024-05-25T18:43:14.605Z","sell","maker"
"106.74000000","1.69800000","2024-05-25T18:43:12.565Z","sell","maker"
"106.73000000","2.00000000","2024-05-25T18:43:12.565Z","sell","maker"
"106.75000000","0.00600000","2024-05-25T18:41:45.914Z","buy","maker"
"106.76000000","0.15300000","2024-05-25T18:41:16.113Z","sell","maker"
"106.76000000","1.13400000","2024-05-25T18:41:16.113Z","sell","maker"
"106.76000000","0.86600000","2024-05-25T18:41:16.102Z","sell","maker"
"106.75000000","0.01800000","2024-05-25T18:41:15.903Z","sell","maker"
"106.71000000","0.05300000","2024-05-25T18:41:12.263Z","buy","maker"
"106.73000000","2.40000000","2024-05-25T18:40:23.986Z","buy","maker"
"106.70000000","1.40000000","2024-05-25T18:40:18.831Z","buy","maker"
"106.70000000","1.00000000","2024-05-25T18:40:18.831Z","buy","maker"
"106.74000000","2.40000000","2024-05-25T18:40:16.548Z","buy","maker"
"106.75000000","2.40000000","2024-05-25T18:40:13.413Z","buy","maker"
"106.75000000","1.17400000","2024-05-25T18:40:13.374Z","buy","maker"
"106.76000000","0.84700000","2024-05-25T18:40:13.370Z","buy","maker"
"106.78000000","2.40000000","2024-05-25T18:40:13.366Z","buy","maker"
"106.76000000","1.69800000","2024-05-25T18:40:07.645Z","buy","maker"
"106.77000000","2.40000000","2024-05-25T18:40:07.645Z","buy","maker"
"106.80000000","1.69800000","2024-05-25T18:40:02.135Z","buy","maker"
"106.81000000","1.69800000","2024-05-25T18:40:02.131Z","buy","maker"
"106.83000000","2.00000000","2024-05-25T18:39:57.873Z","sell","maker"
"106.83000000","0.18600000","2024-05-25T18:39:50.783Z","sell","maker"
"106.83000000","3.00500000","2024-05-25T18:39:50.783Z","sell","maker"
"106.82000000","2.40000000","2024-05-25T18:39:50.783Z","sell","maker"
"106.79000000","2.40000000","2024-05-25T18:39:12.872Z","buy","maker"
"106.82000000","0.95900000","2024-05-25T18:38:42.524Z","sell","maker"
"106.80000000","1.86500000","2024-05-25T18:38:39.663Z","sell","maker"
"106.75000000","2.44000000","2024-05-25T18:38:24.725Z","buy","maker"
"106.76000000","1.67700000","2024-05-25T18:38:02.779Z","buy","maker"
"106.76000000","0.02100000","2024-05-25T18:38:01.034Z","buy","maker"
"106.76000000","2.40000000","2024-05-25T18:37:33.257Z","sell","maker"
"106.78000000","2.40000000","2024-05-25T18:37:09.298Z","sell","maker"
"106.76000000","1.30900000","2024-05-25T18:37:02.988Z","sell","maker"
"106.76000000","2.40000000","2024-05-25T18:37:02.988Z","sell","maker"
"106.75000000","3.02200000","2024-05-25T18:37:02.988Z","sell","maker"
"106.74000000","2.40000000","2024-05-25T18:37:02.988Z","sell","maker"
"106.75000000","0.46400000","2024-05-25T18:36:34.565Z","sell","maker"
"106.77000000","0.91000000","2024-05-25T18:36:32.499Z","sell","maker"
"106.74000000","2.40000000","2024-05-25T18:36:21.903Z","sell","maker"
"106.74000000","2.40000000","2024-05-25T18:36:21.903Z","sell","maker"
"106.73000000","0.46400000","2024-05-25T18:36:15.974Z","sell","maker"
"106.65000000","8.89500000","2024-05-25T18:36:09.698Z","sell","maker"
"106.65000000","1.83200000","2024-05-25T18:36:09.698Z","sell","maker"
"106.64000000","1.00300000","2024-05-25T18:35:51.225Z","sell","maker"
"106.62000000","2.40000000","2024-05-25T18:35:34.130Z","buy","maker"
"106.65000000","2.40000000","2024-05-25T18:35:04.188Z","buy","maker"
"106.73000000","1.00100000","2024-05-25T18:34:39.161Z","sell","maker"
"106.73000000","1.07100000","2024-05-25T18:34:33.771Z","sell","maker"
"106.69000000","0.42800000","2024-05-25T18:34:32.726Z","buy","maker"
"106.73000000","1.32900000","2024-05-25T18:34:32.384Z","sell","maker"
"106.72000000","1.69800000","2024-05-25T18:34:32.122Z","sell","maker"
"106.72000000","2.40000000","2024-05-25T18:34:32.122Z","sell","maker"
"106.70000000","1.69800000","2024-05-25T18:34:30.075Z","sell","maker"
"106.69000000","2.40000000","2024-05-25T18:34:30.062Z","sell","maker"
"106.68000000","1.69800000","2024-05-25T18:34:29.090Z","sell","maker"
"106.68000000","0.90300000","2024-05-25T18:34:29.073Z","sell","maker"
"106.67000000","1.69800000","2024-05-25T18:34:29.073Z","sell","maker"
"106.67000000","1.69800000","2024-05-25T18:34:29.061Z","sell","maker"
"106.67000000","2.40000000","2024-05-25T18:34:29.061Z","sell","maker"
"106.66000000","0.00800000","2024-05-25T18:34:23.259Z","sell","maker"
"106.69000000","1.00200000","2024-05-25T18:34:09.269Z","sell","maker"