"price","volume","timestamp","type"
"105.39","3.962","2024-05-25T21:05:02.974Z","ask"
"105.4","5.374","2024-05-25T21:05:02.974Z","ask"
"105.41","9.659","2024-05-25T21:05:02.974Z","ask"
"105.42","11.787","2024-05-25T21:05:02.974Z","ask"
"105.43","35.607","2024-05-25T21:05:02.974Z","ask"
"105.44","7.66","2024-05-25T21:05:02.974Z","ask"
"105.45","57.84","2024-05-25T21:05:02.974Z","ask"
"105.46","4.951","2024-05-25T21:05:02.974Z","ask"
"105.47","3.291","2024-05-25T21:05:02.974Z","ask"
"105.48","4.881","2024-05-25T21:05:02.974Z","ask"
"105.49","2.4","2024-05-25T21:05:02.974Z","ask"
"105.5","9.838","2024-05-25T21:05:02.974Z","ask"
"105.51","32.425","2024-05-25T21:05:02.974Z","ask"
"105.53","5.66","2024-05-25T21:05:02.974Z","ask"
"105.55","2.866","2024-05-25T21:05:02.974Z","ask"
"105.56","0.932","2024-05-25T21:05:02.974Z","ask"
"105.57","2.66","2024-05-25T21:05:02.974Z","ask"
"105.58","10.867","2024-05-25T21:05:02.974Z","ask"
"105.59","3.44","2024-05-25T21:05:02.974Z","ask"
"105.6","3.119","2024-05-25T21:05:02.974Z","ask"
"105.61","90.397","2024-05-25T21:05:02.974Z","ask"
"105.62","0.118","2024-05-25T21:05:02.974Z","ask"
"105.63","5.767","2024-05-25T21:05:02.974Z","ask"
"105.64","0.156","2024-05-25T21:05:02.974Z","ask"
"105.65","0.118","2024-05-25T21:05:02.974Z","ask"
"105.66","21.343","2024-05-25T21:05:02.974Z","ask"
"105.67","54.263","2024-05-25T21:05:02.974Z","ask"
"105.68","24.824","2024-05-25T21:05:02.974Z","ask"
"105.71","2.4","2024-05-25T21:05:02.974Z","ask"
"105.72","0.661","2024-05-25T21:05:02.974Z","ask"
"105.73","11.349","2024-05-25T21:05:02.974Z","ask"
"105.77","2.4","2024-05-25T21:05:02.974Z","ask"
"105.78","50.534","2024-05-25T21:05:02.974Z","ask"
"105.79","2.4","2024-05-25T21:05:02.974Z","ask"
"105.8","4.661","2024-05-25T21:05:02.974Z","ask"
"105.82","2.4","2024-05-25T21:05:02.974Z","ask"
"105.86","2.4","2024-05-25T21:05:02.974Z","ask"
"105.87","76.254","2024-05-25T21:05:02.974Z","ask"
"105.88","2.4","2024-05-25T21:05:02.974Z","ask"
"105.9","26.441","2024-05-25T21:05:02.974Z","ask"
"105.96","2.4","2024-05-25T21:05:02.974Z","ask"
"105.98","2.4","2024-05-25T21:05:02.974Z","ask"
"105.99","9.322","2024-05-25T21:05:02.974Z","ask"
"106","129.16","2024-05-25T21:05:02.974Z","ask"
"106.07","2.4","2024-05-25T21:05:02.974Z","ask"
"106.11","77.796","2024-05-25T21:05:02.974Z","ask"
"106.24","11.652","2024-05-25T21:05:02.974Z","ask"
"106.32","50.534","2024-05-25T21:05:02.974Z","ask"
"106.55","13.982","2024-05-25T21:05:02.974Z","ask"
"106.74","3.723","2024-05-25T21:05:02.974Z","ask"
"106.75","25.366","2024-05-25T21:05:02.974Z","ask"
"107.09","1.346","2024-05-25T21:05:02.974Z","ask"
"107.19","0.247","2024-05-25T21:05:02.974Z","ask"
"107.27","0.03","2024-05-25T21:05:02.974Z","ask"
"107.6","7.631","2024-05-25T21:05:02.974Z","ask"
"107.69","0.077","2024-05-25T21:05:02.974Z","ask"
"107.74","0.245","2024-05-25T21:05:02.974Z","ask"
"107.76","1.161","2024-05-25T21:05:02.974Z","ask"
"107.84","19.29","2024-05-25T21:05:02.974Z","ask"
"107.85","0.233","2024-05-25T21:05:02.974Z","ask"
"107.88","13.608","2024-05-25T21:05:02.974Z","ask"
"107.91","0.138","2024-05-25T21:05:02.974Z","ask"
"108.06","0.953","2024-05-25T21:05:02.974Z","ask"
"108.19","0.564","2024-05-25T21:05:02.974Z","ask"
"108.2","98.2","2024-05-25T21:05:02.974Z","ask"
"108.27","0.244","2024-05-25T21:05:02.974Z","ask"
"108.33","0.261","2024-05-25T21:05:02.974Z","ask"
"108.35","1.447","2024-05-25T21:05:02.974Z","ask"
"108.47","0.561","2024-05-25T21:05:02.974Z","ask"
"108.48","0.03","2024-05-25T21:05:02.974Z","ask"
"108.55","0.353","2024-05-25T21:05:02.974Z","ask"
"108.58","0.288","2024-05-25T21:05:02.974Z","ask"
"108.7","0.464","2024-05-25T21:05:02.974Z","ask"
"108.82","0.243","2024-05-25T21:05:02.974Z","ask"
"108.86","0.044","2024-05-25T21:05:02.974Z","ask"
"108.88","0.21","2024-05-25T21:05:02.974Z","ask"
"109","8.207","2024-05-25T21:05:02.974Z","ask"
"109.21","2.777","2024-05-25T21:05:02.974Z","ask"
"109.28","1.504","2024-05-25T21:05:02.974Z","ask"
"109.31","0.44","2024-05-25T21:05:02.974Z","ask"
"109.32","121.484","2024-05-25T21:05:02.974Z","ask"
"109.33","0.056","2024-05-25T21:05:02.974Z","ask"
"109.36","0.26","2024-05-25T21:05:02.974Z","ask"
"109.37","0.242","2024-05-25T21:05:02.974Z","ask"
"109.56","0.131","2024-05-25T21:05:02.974Z","ask"
"109.58","0.373","2024-05-25T21:05:02.974Z","ask"
"109.68","0.471","2024-05-25T21:05:02.974Z","ask"
"109.7","0.03","2024-05-25T21:05:02.974Z","ask"
"109.92","0.241","2024-05-25T21:05:02.974Z","ask"
"109.97","1.425","2024-05-25T21:05:02.974Z","ask"
"110","7.899","2024-05-25T21:05:02.974Z","ask"
"110.03","11.235","2024-05-25T21:05:02.974Z","ask"
"110.04","10.6","2024-05-25T21:05:02.974Z","ask"
"110.1","3.865","2024-05-25T21:05:02.974Z","ask"
"110.11","0.654","2024-05-25T21:05:02.974Z","ask"
"110.18","0.188","2024-05-25T21:05:02.974Z","ask"
"110.25","3.06","2024-05-25T21:05:02.974Z","ask"
"110.27","0.277","2024-05-25T21:05:02.974Z","ask"
"110.29","7.741","2024-05-25T21:05:02.974Z","ask"
"110.46","0.239","2024-05-25T21:05:02.974Z","ask"
"110.51","4.358","2024-05-25T21:05:02.974Z","ask"
"110.56","0.227","2024-05-25T21:05:02.974Z","ask"
"110.82","13.01","2024-05-25T21:05:02.974Z","ask"
"110.91","0.03","2024-05-25T21:05:02.974Z","ask"
"111","19.416","2024-05-25T21:05:02.974Z","ask"
"111.02","2.723","2024-05-25T21:05:02.974Z","ask"
"111.11","2","2024-05-25T21:05:02.974Z","ask"
"111.2","0.547","2024-05-25T21:05:02.974Z","ask"
"111.27","9.126","2024-05-25T21:05:02.974Z","ask"
"111.28","50","2024-05-25T21:05:02.974Z","ask"
"111.31","1.287","2024-05-25T21:05:02.974Z","ask"
"111.39","0.274","2024-05-25T21:05:02.974Z","ask"
"111.42","11.09","2024-05-25T21:05:02.974Z","ask"
"111.5","9.008","2024-05-25T21:05:02.974Z","ask"
"111.51","0.883","2024-05-25T21:05:02.974Z","ask"
"111.58","0.237","2024-05-25T21:05:02.975Z","ask"
"111.6","1.684","2024-05-25T21:05:02.975Z","ask"
"111.65","0.26","2024-05-25T21:05:02.975Z","ask"
"111.66","64.7","2024-05-25T21:05:02.975Z","ask"
"111.88","0.253","2024-05-25T21:05:02.975Z","ask"
"112","0.814","2024-05-25T21:05:02.975Z","ask"
"112.12","0.03","2024-05-25T21:05:02.975Z","ask"
"112.13","0.236","2024-05-25T21:05:02.975Z","ask"
"112.17","0.6","2024-05-25T21:05:02.975Z","ask"
"112.33","0.047","2024-05-25T21:05:02.975Z","ask"
"112.49","0.446","2024-05-25T21:05:02.975Z","ask"
"112.5","36.117","2024-05-25T21:05:02.975Z","ask"
"112.52","0.271","2024-05-25T21:05:02.975Z","ask"
"112.57","0.264","2024-05-25T21:05:02.975Z","ask"
"112.7","0.235","2024-05-25T21:05:02.975Z","ask"
"113.1","0.25","2024-05-25T21:05:02.975Z","ask"
"113.14","0.21","2024-05-25T21:05:02.975Z","ask"
"113.2","0.094","2024-05-25T21:05:02.975Z","ask"
"113.27","0.233","2024-05-25T21:05:02.975Z","ask"
"113.34","0.221","2024-05-25T21:05:02.975Z","ask"
"113.42","0.635","2024-05-25T21:05:02.975Z","ask"
"113.43","0.07","2024-05-25T21:05:02.975Z","ask"
"113.61","0.595","2024-05-25T21:05:02.975Z","ask"
"113.62","2067.47","2024-05-25T21:05:02.975Z","ask"
"113.67","0.269","2024-05-25T21:05:02.975Z","ask"
"113.84","0.232","2024-05-25T21:05:02.975Z","ask"
"113.96","0.3","2024-05-25T21:05:02.975Z","ask"
"113.98","0.883","2024-05-25T21:05:02.975Z","ask"
"114","0.595","2024-05-25T21:05:02.975Z","ask"
"114.33","0.284","2024-05-25T21:05:02.975Z","ask"
"114.4","0.231","2024-05-25T21:05:02.975Z","ask"
"114.65","0.898","2024-05-25T21:05:02.975Z","ask"
"114.71","0.272","2024-05-25T21:05:02.975Z","ask"
"114.78","0.06","2024-05-25T21:05:02.975Z","ask"
"114.82","0.266","2024-05-25T21:05:02.975Z","ask"
"114.86","0.172","2024-05-25T21:05:02.975Z","ask"
"114.87","11.07","2024-05-25T21:05:02.975Z","ask"
"114.98","0.23","2024-05-25T21:05:02.975Z","ask"
"115","34.187","2024-05-25T21:05:02.975Z","ask"
"115.44","9.734","2024-05-25T21:05:02.975Z","ask"
"115.52","0.765","2024-05-25T21:05:02.975Z","ask"
"115.56","0.474","2024-05-25T21:05:02.975Z","ask"
"115.79","0.178","2024-05-25T21:05:02.975Z","ask"
"115.98","0.263","2024-05-25T21:05:02.975Z","ask"
"115.99","1.417","2024-05-25T21:05:02.975Z","ask"
"116","73.563","2024-05-25T21:05:02.975Z","ask"
"116.14","0.228","2024-05-25T21:05:02.975Z","ask"
"116.19","0.216","2024-05-25T21:05:02.975Z","ask"
"116.28","4.831","2024-05-25T21:05:02.975Z","ask"
"116.29","1.615","2024-05-25T21:05:02.975Z","ask"
"116.45","0.883","2024-05-25T21:05:02.975Z","ask"
"116.51","5.46","2024-05-25T21:05:02.975Z","ask"
"116.59","13.581","2024-05-25T21:05:02.975Z","ask"
"116.72","5.868","2024-05-25T21:05:02.975Z","ask"
"116.73","111","2024-05-25T21:05:02.975Z","ask"
"116.81","0.242","2024-05-25T21:05:02.975Z","ask"
"116.83","0.617","2024-05-25T21:05:02.975Z","ask"
"116.84","0.175","2024-05-25T21:05:02.975Z","ask"
"116.85","4.851","2024-05-25T21:05:02.975Z","ask"
"116.86","1.404","2024-05-25T21:05:02.975Z","ask"
"116.87","0.623","2024-05-25T21:05:02.975Z","ask"
"117.15","2.022","2024-05-25T21:05:02.975Z","ask"
"117.17","11.6","2024-05-25T21:05:02.975Z","ask"
"117.27","1.5","2024-05-25T21:05:02.975Z","ask"
"117.29","10","2024-05-25T21:05:02.975Z","ask"
"117.3","0.225","2024-05-25T21:05:02.975Z","ask"
"117.41","0.175","2024-05-25T21:05:02.975Z","ask"
"117.42","6.255","2024-05-25T21:05:02.975Z","ask"
"117.44","0.1","2024-05-25T21:05:02.975Z","ask"
"117.51","0.427","2024-05-25T21:05:02.975Z","ask"
"117.56","6.233","2024-05-25T21:05:02.975Z","ask"
"117.57","0.5","2024-05-25T21:05:02.975Z","ask"
"117.72","1.761","2024-05-25T21:05:02.975Z","ask"
"117.77","9.668","2024-05-25T21:05:02.975Z","ask"
"117.88","6.3","2024-05-25T21:05:02.975Z","ask"
"117.9","1.989","2024-05-25T21:05:02.975Z","ask"
"117.98","0.949","2024-05-25T21:05:02.975Z","ask"
"117.99","5.481","2024-05-25T21:05:02.975Z","ask"
"118","78.809","2024-05-25T21:05:02.975Z","ask"
"118.01","0.1","2024-05-25T21:05:02.975Z","ask"
"118.08","0.24","2024-05-25T21:05:02.975Z","ask"
"118.09","0.872","2024-05-25T21:05:02.975Z","ask"
"118.13","1.621","2024-05-25T21:05:02.975Z","ask"
"118.16","0.191","2024-05-25T21:05:02.975Z","ask"
"118.17","1","2024-05-25T21:05:02.975Z","ask"
"118.28","1.761","2024-05-25T21:05:02.975Z","ask"
"118.34","0.258","2024-05-25T21:05:02.975Z","ask"
"118.35","13.52","2024-05-25T21:05:02.975Z","ask"
"118.47","0.424","2024-05-25T21:05:02.975Z","ask"
"118.49","0.223","2024-05-25T21:05:02.975Z","ask"
"118.55","5.026","2024-05-25T21:05:02.975Z","ask"
"118.56","1.404","2024-05-25T21:05:02.975Z","ask"
"118.58","0.1","2024-05-25T21:05:02.975Z","ask"
"118.78","15.684","2024-05-25T21:05:02.975Z","ask"
"118.8","10.71","2024-05-25T21:05:02.975Z","ask"
"118.85","1.761","2024-05-25T21:05:02.975Z","ask"
"118.88","0.27","2024-05-25T21:05:02.975Z","ask"
"118.92","0.883","2024-05-25T21:05:02.975Z","ask"
"119","117.625","2024-05-25T21:05:02.975Z","ask"
"119.08","0.222","2024-05-25T21:05:02.975Z","ask"
"119.11","0.211","2024-05-25T21:05:02.975Z","ask"
"119.15","0.1","2024-05-25T21:05:02.975Z","ask"
"119.2","60.012","2024-05-25T21:05:02.975Z","ask"
"119.36","0.237","2024-05-25T21:05:02.975Z","ask"
"119.54","0.255","2024-05-25T21:05:02.975Z","ask"
"119.68","0.221","2024-05-25T21:05:02.975Z","ask"
"119.81","0.508","2024-05-25T21:05:02.975Z","ask"
"119.82","1.943","2024-05-25T21:05:02.975Z","ask"
"119.89","2","2024-05-25T21:05:02.975Z","ask"
"120","62.319","2024-05-25T21:05:02.975Z","ask"
"120.01","0.172","2024-05-25T21:05:02.975Z","ask"
"120.09","0.048","2024-05-25T21:05:02.975Z","ask"
"120.12","2.743","2024-05-25T21:05:02.975Z","ask"
"120.13","0.081","2024-05-25T21:05:02.975Z","ask"
"120.26","1.366","2024-05-25T21:05:02.975Z","ask"
"120.28","0.22","2024-05-25T21:05:02.975Z","ask"
"120.34","0.599","2024-05-25T21:05:02.975Z","ask"
"120.43","0.426","2024-05-25T21:05:02.975Z","ask"
"120.44","1.284","2024-05-25T21:05:02.975Z","ask"
"120.45","1.028","2024-05-25T21:05:02.975Z","ask"
"120.46","0.479","2024-05-25T21:05:02.975Z","ask"
"120.48","0.34","2024-05-25T21:05:02.975Z","ask"
"120.49","0.426","2024-05-25T21:05:02.975Z","ask"
"120.5","0.17","2024-05-25T21:05:02.975Z","ask"
"120.54","0.085","2024-05-25T21:05:02.975Z","ask"
"120.56","0.191","2024-05-25T21:05:02.975Z","ask"
"120.57","10.635","2024-05-25T21:05:02.975Z","ask"
"120.59","1.704","2024-05-25T21:05:02.975Z","ask"
"120.65","0.05","2024-05-25T21:05:02.975Z","ask"
"120.66","0.235","2024-05-25T21:05:02.975Z","ask"
"120.67","0.04","2024-05-25T21:05:02.975Z","ask"
"120.7","1.031","2024-05-25T21:05:02.975Z","ask"
"120.71","1.785","2024-05-25T21:05:02.975Z","ask"
"120.72","57.7","2024-05-25T21:05:02.975Z","ask"
"120.75","0.253","2024-05-25T21:05:02.975Z","ask"
"120.89","0.219","2024-05-25T21:05:02.975Z","ask"
"120.95","0.065","2024-05-25T21:05:02.975Z","ask"
"121","15.683","2024-05-25T21:05:02.975Z","ask"
"121.01","0.426","2024-05-25T21:05:02.975Z","ask"
"121.02","1.276","2024-05-25T21:05:02.975Z","ask"
"121.03","0.17","2024-05-25T21:05:02.975Z","ask"
"121.04","1.155","2024-05-25T21:05:02.975Z","ask"
"121.05","0.17","2024-05-25T21:05:02.975Z","ask"
"121.06","0.34","2024-05-25T21:05:02.975Z","ask"
"121.07","0.426","2024-05-25T21:05:02.975Z","ask"
"121.08","0.17","2024-05-25T21:05:02.975Z","ask"
"121.12","0.085","2024-05-25T21:05:02.975Z","ask"
"121.15","0.849","2024-05-25T21:05:02.975Z","ask"
"121.17","1.704","2024-05-25T21:05:02.975Z","ask"
"121.18","0.258","2024-05-25T21:05:02.975Z","ask"
"121.23","0.05","2024-05-25T21:05:02.975Z","ask"
"121.25","0.04","2024-05-25T21:05:02.975Z","ask"
"121.29","3.586","2024-05-25T21:05:02.975Z","ask"
"121.3","0.081","2024-05-25T21:05:02.975Z","ask"
"121.49","0.218","2024-05-25T21:05:02.975Z","ask"
"121.59","0.426","2024-05-25T21:05:02.975Z","ask"
"121.6","5.516","2024-05-25T21:05:02.975Z","ask"
"121.61","1.276","2024-05-25T21:05:02.975Z","ask"
"121.62","1.02","2024-05-25T21:05:02.975Z","ask"
"121.63","0.475","2024-05-25T21:05:02.975Z","ask"
"121.64","0.846","2024-05-25T21:05:02.975Z","ask"
"121.65","0.34","2024-05-25T21:05:02.975Z","ask"
"121.66","0.426","2024-05-25T21:05:02.975Z","ask"
"121.67","0.17","2024-05-25T21:05:02.975Z","ask"
"121.7","0.085","2024-05-25T21:05:02.975Z","ask"
"121.71","3.578","2024-05-25T21:05:02.975Z","ask"
"121.75","1.704","2024-05-25T21:05:02.975Z","ask"
"121.8","40","2024-05-25T21:05:02.975Z","ask"
"121.81","0.411","2024-05-25T21:05:02.975Z","ask"
"121.82","0.05","2024-05-25T21:05:02.975Z","ask"
"121.84","0.04","2024-05-25T21:05:02.975Z","ask"
"121.85","0.017","2024-05-25T21:05:02.975Z","ask"
"121.87","3.586","2024-05-25T21:05:02.975Z","ask"
"121.88","1.273","2024-05-25T21:05:02.975Z","ask"
"121.95","0.071","2024-05-25T21:05:02.975Z","ask"
"121.96","0.232","2024-05-25T21:05:02.975Z","ask"
"121.97","0.25","2024-05-25T21:05:02.975Z","ask"
"122","5","2024-05-25T21:05:02.975Z","ask"
"122.1","0.217","2024-05-25T21:05:02.975Z","ask"
"122.11","0.205","2024-05-25T21:05:02.975Z","ask"
"122.18","0.426","2024-05-25T21:05:02.975Z","ask"
"122.19","1.276","2024-05-25T21:05:02.975Z","ask"
"122.2","0.17","2024-05-25T21:05:02.975Z","ask"
"122.21","0.305","2024-05-25T21:05:02.975Z","ask"
"122.23","0.17","2024-05-25T21:05:02.975Z","ask"
"122.24","0.426","2024-05-25T21:05:02.975Z","ask"
"122.25","0.17","2024-05-25T21:05:02.975Z","ask"
"122.28","1","2024-05-25T21:05:02.975Z","ask"
"122.37","0.414","2024-05-25T21:05:02.975Z","ask"
"122.5","104.34","2024-05-25T21:05:02.975Z","ask"
"122.71","0.215","2024-05-25T21:05:02.975Z","ask"
"122.77","0.191","2024-05-25T21:05:02.975Z","ask"
"122.78","3.701","2024-05-25T21:05:02.975Z","ask"
"122.82","0.495","2024-05-25T21:05:02.975Z","ask"
"122.95","1861.68","2024-05-25T21:05:02.975Z","ask"
"123","4","2024-05-25T21:05:02.975Z","ask"
"123.2","0.248","2024-05-25T21:05:02.975Z","ask"
"123.28","0.23","2024-05-25T21:05:02.975Z","ask"
"123.33","0.214","2024-05-25T21:05:02.975Z","ask"
"123.34","0.121","2024-05-25T21:05:02.975Z","ask"
"123.45","6.019","2024-05-25T21:05:02.975Z","ask"
"123.8","13.454","2024-05-25T21:05:02.975Z","ask"
"123.95","0.213","2024-05-25T21:05:02.975Z","ask"
"123.96","0.581","2024-05-25T21:05:02.975Z","ask"
"123.99","0.017","2024-05-25T21:05:02.975Z","ask"
"124","1.102","2024-05-25T21:05:02.975Z","ask"
"124.12","9.065","2024-05-25T21:05:02.975Z","ask"
"124.17","0.191","2024-05-25T21:05:02.975Z","ask"
"124.26","4.6","2024-05-25T21:05:02.975Z","ask"
"124.46","0.245","2024-05-25T21:05:02.975Z","ask"
"124.47","4.6","2024-05-25T21:05:02.975Z","ask"
"124.56","0.251","2024-05-25T21:05:02.975Z","ask"
"124.57","0.212","2024-05-25T21:05:02.975Z","ask"
"124.62","0.227","2024-05-25T21:05:02.975Z","ask"
"124.91","0.21","2024-05-25T21:05:02.975Z","ask"
"125","13.844","2024-05-25T21:05:02.975Z","ask"
"125.17","0.2","2024-05-25T21:05:02.975Z","ask"
"125.19","0.211","2024-05-25T21:05:02.975Z","ask"
"125.29","0.822","2024-05-25T21:05:02.975Z","ask"
"125.32","0.192","2024-05-25T21:05:02.975Z","ask"
"125.6","4.55","2024-05-25T21:05:02.975Z","ask"
"125.67","0.164","2024-05-25T21:05:02.975Z","ask"
"125.7","4","2024-05-25T21:05:02.975Z","ask"
"125.72","0.243","2024-05-25T21:05:02.975Z","ask"
"125.8","23.717","2024-05-25T21:05:02.975Z","ask"
"125.82","0.21","2024-05-25T21:05:02.975Z","ask"
"125.92","0.483","2024-05-25T21:05:02.975Z","ask"
"125.97","0.225","2024-05-25T21:05:02.975Z","ask"
"126","34.29","2024-05-25T21:05:02.975Z","ask"
"126.19","13.454","2024-05-25T21:05:02.975Z","ask"
"126.21","11.84","2024-05-25T21:05:02.975Z","ask"
"126.46","0.209","2024-05-25T21:05:02.975Z","ask"
"126.7","9.03","2024-05-25T21:05:02.975Z","ask"
"126.99","0.24","2024-05-25T21:05:02.975Z","ask"
"127","7.874","2024-05-25T21:05:02.975Z","ask"
"127.09","0.208","2024-05-25T21:05:02.975Z","ask"
"127.34","0.222","2024-05-25T21:05:02.975Z","ask"
"127.47","118.3","2024-05-25T21:05:02.975Z","ask"
"127.5","0.916","2024-05-25T21:05:02.975Z","ask"
"127.68","0.564","2024-05-25T21:05:02.975Z","ask"
"127.72","0.207","2024-05-25T21:05:02.975Z","ask"
"127.8","3.858","2024-05-25T21:05:02.975Z","ask"
"128","0.118","2024-05-25T21:05:02.975Z","ask"
"128.03","0.244","2024-05-25T21:05:02.975Z","ask"
"128.27","0.238","2024-05-25T21:05:02.975Z","ask"
"128.32","0.195","2024-05-25T21:05:02.975Z","ask"
"128.35","0.43","2024-05-25T21:05:02.975Z","ask"
"128.37","0.206","2024-05-25T21:05:02.975Z","ask"
"128.47","0.384","2024-05-25T21:05:02.975Z","ask"
"128.48","789","2024-05-25T21:05:02.975Z","ask"
"128.72","0.22","2024-05-25T21:05:02.975Z","ask"
"128.75","15.652","2024-05-25T21:05:02.975Z","ask"
"128.84","0.05","2024-05-25T21:05:02.975Z","ask"
"128.97","0.061","2024-05-25T21:05:02.975Z","ask"
"129","5.316","2024-05-25T21:05:02.975Z","ask"
"129.01","0.205","2024-05-25T21:05:02.975Z","ask"
"129.05","0.798","2024-05-25T21:05:02.975Z","ask"
"129.07","3.993","2024-05-25T21:05:02.975Z","ask"
"129.09","0.471","2024-05-25T21:05:02.975Z","ask"
"129.22","0.193","2024-05-25T21:05:02.975Z","ask"
"129.29","10","2024-05-25T21:05:02.975Z","ask"
"129.56","16.469","2024-05-25T21:05:02.975Z","ask"
"129.58","0.235","2024-05-25T21:05:02.975Z","ask"
"129.66","0.204","2024-05-25T21:05:02.975Z","ask"
"129.76","9.64","2024-05-25T21:05:02.975Z","ask"
"129.9","12.426","2024-05-25T21:05:02.975Z","ask"
"130","984.18","2024-05-25T21:05:02.975Z","ask"
"130.01","0.162","2024-05-25T21:05:02.975Z","ask"
"130.12","0.218","2024-05-25T21:05:02.975Z","ask"
"130.31","0.203","2024-05-25T21:05:02.975Z","ask"
"130.63","2.453","2024-05-25T21:05:02.975Z","ask"
"130.89","0.233","2024-05-25T21:05:02.975Z","ask"
"130.92","3.93","2024-05-25T21:05:02.975Z","ask"
"130.97","0.202","2024-05-25T21:05:02.975Z","ask"
"131","2.572","2024-05-25T21:05:02.975Z","ask"
"131.14","3.93","2024-05-25T21:05:02.975Z","ask"
"131.16","0.001","2024-05-25T21:05:02.975Z","ask"
"131.18","0.001","2024-05-25T21:05:02.975Z","ask"
"131.25","0.21","2024-05-25T21:05:02.975Z","ask"
"131.52","0.548","2024-05-25T21:05:02.975Z","ask"
"131.54","0.215","2024-05-25T21:05:02.975Z","ask"
"131.55","0.191","2024-05-25T21:05:02.975Z","ask"
"131.59","0.237","2024-05-25T21:05:02.975Z","ask"
"131.62","0.201","2024-05-25T21:05:02.975Z","ask"
"132","0.726","2024-05-25T21:05:02.975Z","ask"
"132.11","0.008","2024-05-25T21:05:02.975Z","ask"
"132.19","0.008","2024-05-25T21:05:02.975Z","ask"
"132.21","0.231","2024-05-25T21:05:02.975Z","ask"
"132.26","0.008","2024-05-25T21:05:02.975Z","ask"
"132.28","0.2","2024-05-25T21:05:02.975Z","ask"
"132.31","0.008","2024-05-25T21:05:02.975Z","ask"
"132.33","4.319","2024-05-25T21:05:02.975Z","ask"
"132.4","0.008","2024-05-25T21:05:02.975Z","ask"
"132.72","7.996","2024-05-25T21:05:02.975Z","ask"
"132.88","48","2024-05-25T21:05:02.975Z","ask"
"132.93","0.774","2024-05-25T21:05:02.975Z","ask"
"132.95","0.199","2024-05-25T21:05:02.975Z","ask"
"132.97","10.46","2024-05-25T21:05:02.975Z","ask"
"133","21","2024-05-25T21:05:02.975Z","ask"
"133.07","0.279","2024-05-25T21:05:02.975Z","ask"
"133.25","0.141","2024-05-25T21:05:02.975Z","ask"
"133.29","0.044","2024-05-25T21:05:02.975Z","ask"
"133.49","7.72","2024-05-25T21:05:02.975Z","ask"
"133.61","0.198","2024-05-25T21:05:02.975Z","ask"
"133.81","0.023","2024-05-25T21:05:02.975Z","ask"
"134","120.699","2024-05-25T21:05:02.975Z","ask"
"134.29","0.197","2024-05-25T21:05:02.975Z","ask"
"134.3","0.523","2024-05-25T21:05:02.975Z","ask"
"134.4","22.999","2024-05-25T21:05:02.975Z","ask"
"134.41","0.494","2024-05-25T21:05:02.975Z","ask"
"134.44","4","2024-05-25T21:05:02.975Z","ask"
"134.66","0.404","2024-05-25T21:05:02.975Z","ask"
"134.69","0.771","2024-05-25T21:05:02.975Z","ask"
"134.7","0.02","2024-05-25T21:05:02.975Z","ask"
"134.78","0.156","2024-05-25T21:05:02.975Z","ask"
"134.85","0.186","2024-05-25T21:05:02.975Z","ask"
"134.87","0.016","2024-05-25T21:05:02.975Z","ask"
"134.91","0.226","2024-05-25T21:05:02.975Z","ask"
"134.96","0.196","2024-05-25T21:05:02.975Z","ask"
"135","113.14","2024-05-25T21:05:02.975Z","ask"
"135.26","0.231","2024-05-25T21:05:02.975Z","ask"
"135.34","1599.75","2024-05-25T21:05:02.975Z","ask"
"135.35","0.37","2024-05-25T21:05:02.975Z","ask"
"135.4","2.207","2024-05-25T21:05:02.975Z","ask"
"135.47","0.532","2024-05-25T21:05:02.975Z","ask"
"135.49","0.281","2024-05-25T21:05:02.975Z","ask"
"135.64","0.195","2024-05-25T21:05:02.975Z","ask"
"135.67","0.448","2024-05-25T21:05:02.975Z","ask"
"135.74","0.016","2024-05-25T21:05:02.975Z","ask"
"135.82","2.151","2024-05-25T21:05:02.975Z","ask"
"135.87","0.208","2024-05-25T21:05:02.975Z","ask"
"136.04","3.675","2024-05-25T21:05:02.975Z","ask"
"136.1","8.297","2024-05-25T21:05:02.975Z","ask"
"136.28","0.224","2024-05-25T21:05:02.975Z","ask"
"136.31","0.194","2024-05-25T21:05:02.975Z","ask"
"136.32","1.014","2024-05-25T21:05:02.975Z","ask"
"136.58","2.278","2024-05-25T21:05:02.975Z","ask"
"136.92","0.752","2024-05-25T21:05:02.975Z","ask"
"137","15.11","2024-05-25T21:05:02.975Z","ask"
"137.02","73","2024-05-25T21:05:02.975Z","ask"
"137.13","0.182","2024-05-25T21:05:02.975Z","ask"
"137.34","0.206","2024-05-25T21:05:02.975Z","ask"
"137.55","0.058","2024-05-25T21:05:02.975Z","ask"
"137.66","0.498","2024-05-25T21:05:02.975Z","ask"
"137.69","0.192","2024-05-25T21:05:02.975Z","ask"
"137.87","0.364","2024-05-25T21:05:02.975Z","ask"
"137.92","0.21","2024-05-25T21:05:02.975Z","ask"
"137.95","10","2024-05-25T21:05:02.975Z","ask"
"138","50.727","2024-05-25T21:05:02.975Z","ask"
"138.2","0.05","2024-05-25T21:05:02.975Z","ask"
"138.24","0.181","2024-05-25T21:05:02.975Z","ask"
"138.38","0.191","2024-05-25T21:05:02.975Z","ask"
"138.56","101.21","2024-05-25T21:05:02.975Z","ask"
"138.76","0.274","2024-05-25T21:05:02.975Z","ask"
"138.84","0.204","2024-05-25T21:05:02.975Z","ask"
"139","10.412","2024-05-25T21:05:02.975Z","ask"
"139.02","0.224","2024-05-25T21:05:02.975Z","ask"
"139.04","7.447","2024-05-25T21:05:02.975Z","ask"
"139.06","0.219","2024-05-25T21:05:02.975Z","ask"
"139.07","0.19","2024-05-25T21:05:02.975Z","ask"
"139.08","0.437","2024-05-25T21:05:02.975Z","ask"
"139.11","9.4","2024-05-25T21:05:02.975Z","ask"
"139.13","0.179","2024-05-25T21:05:02.975Z","ask"
"139.19","0.383","2024-05-25T21:05:02.975Z","ask"
"139.43","0.226","2024-05-25T21:05:02.975Z","ask"
"139.44","5","2024-05-25T21:05:02.975Z","ask"
"139.6","0.784","2024-05-25T21:05:02.975Z","ask"
"140","78.422","2024-05-25T21:05:02.975Z","ask"
"140.35","0.202","2024-05-25T21:05:02.975Z","ask"
"140.46","0.217","2024-05-25T21:05:02.975Z","ask"
"140.6","5.001","2024-05-25T21:05:02.975Z","ask"
"140.77","8.13","2024-05-25T21:05:02.975Z","ask"
"141","14.247","2024-05-25T21:05:02.975Z","ask"
"141.03","0.73","2024-05-25T21:05:02.975Z","ask"
"141.12","7.458","2024-05-25T21:05:02.975Z","ask"
"141.47","2","2024-05-25T21:05:02.975Z","ask"
"141.53","6.61","2024-05-25T21:05:02.975Z","ask"
"141.62","3.559","2024-05-25T21:05:02.975Z","ask"
"141.71","40.5","2024-05-25T21:05:02.975Z","ask"
"141.72","0.177","2024-05-25T21:05:02.975Z","ask"
"141.88","0.199","2024-05-25T21:05:02.975Z","ask"
"141.89","0.215","2024-05-25T21:05:02.975Z","ask"
"141.93","2.422","2024-05-25T21:05:02.975Z","ask"
"142","7.035","2024-05-25T21:05:02.975Z","ask"
"142.14","5.835","2024-05-25T21:05:02.975Z","ask"
"142.58","0.426","2024-05-25T21:05:02.975Z","ask"
"142.64","0.145","2024-05-25T21:05:02.975Z","ask"
"142.8","1","2024-05-25T21:05:02.975Z","ask"
"142.89","0.218","2024-05-25T21:05:02.975Z","ask"
"143","14.6","2024-05-25T21:05:02.975Z","ask"
"143.1","74.302","2024-05-25T21:05:02.975Z","ask"
"143.32","0.213","2024-05-25T21:05:02.975Z","ask"
"143.42","0.197","2024-05-25T21:05:02.975Z","ask"
"143.43","11","2024-05-25T21:05:02.975Z","ask"
"143.83","4.012","2024-05-25T21:05:02.975Z","ask"
"144","2.312","2024-05-25T21:05:02.975Z","ask"
"144.16","4.298","2024-05-25T21:05:02.975Z","ask"
"144.33","1296.617","2024-05-25T21:05:02.975Z","ask"
"144.36","58","2024-05-25T21:05:02.975Z","ask"
"144.44","5","2024-05-25T21:05:02.975Z","ask"
"144.49","1","2024-05-25T21:05:02.975Z","ask"
"144.78","0.211","2024-05-25T21:05:02.975Z","ask"
"144.92","0.21","2024-05-25T21:05:02.975Z","ask"
"144.97","0.195","2024-05-25T21:05:02.975Z","ask"
"144.98","0.1","2024-05-25T21:05:02.975Z","ask"
"145","32.167","2024-05-25T21:05:02.975Z","ask"
"145.08","4.269","2024-05-25T21:05:02.975Z","ask"
"145.16","2.422","2024-05-25T21:05:02.975Z","ask"
"145.23","0.5","2024-05-25T21:05:02.975Z","ask"
"145.27","0.709","2024-05-25T21:05:02.975Z","ask"
"145.29","0.173","2024-05-25T21:05:02.975Z","ask"
"145.45","0.405","2024-05-25T21:05:02.975Z","ask"
"145.47","0.346","2024-05-25T21:05:02.975Z","ask"
"145.5","31.86","2024-05-25T21:05:02.975Z","ask"
"145.75","0.042","2024-05-25T21:05:02.975Z","ask"
"146.14","4.238","2024-05-25T21:05:02.975Z","ask"
"146.17","0.416","2024-05-25T21:05:02.975Z","ask"
"146.2","3","2024-05-25T21:05:02.975Z","ask"
"146.24","0.209","2024-05-25T21:05:02.975Z","ask"
"146.32","4.232","2024-05-25T21:05:02.975Z","ask"
"146.55","0.193","2024-05-25T21:05:02.975Z","ask"
"146.57","14.1","2024-05-25T21:05:02.975Z","ask"
"146.65","0.054","2024-05-25T21:05:02.975Z","ask"
"146.87","0.212","2024-05-25T21:05:02.975Z","ask"
"147","14.194","2024-05-25T21:05:02.975Z","ask"
"147.39","0.394","2024-05-25T21:05:02.975Z","ask"
"147.4","88.1","2024-05-25T21:05:02.975Z","ask"
"147.44","5","2024-05-25T21:05:02.975Z","ask"
"147.5","35","2024-05-25T21:05:02.975Z","ask"
"147.69","0.116","2024-05-25T21:05:02.975Z","ask"
"147.72","0.207","2024-05-25T21:05:02.975Z","ask"
"147.82","2.5","2024-05-25T21:05:02.975Z","ask"
"147.99","4.184","2024-05-25T21:05:02.975Z","ask"
"148","4.03","2024-05-25T21:05:02.975Z","ask"
"148.14","0.191","2024-05-25T21:05:02.975Z","ask"
"148.22","1","2024-05-25T21:05:02.975Z","ask"
"148.32","6.95","2024-05-25T21:05:02.975Z","ask"
"148.38","2.421","2024-05-25T21:05:02.975Z","ask"
"148.85","10","2024-05-25T21:05:02.975Z","ask"
"148.94","0.168","2024-05-25T21:05:02.975Z","ask"
"148.99","1","2024-05-25T21:05:02.975Z","ask"
"149","85.963","2024-05-25T21:05:02.975Z","ask"
"149.1","0.5","2024-05-25T21:05:02.975Z","ask"
"149.12","5.53","2024-05-25T21:05:02.975Z","ask"
"149.22","0.204","2024-05-25T21:05:02.975Z","ask"
"149.31","36","2024-05-25T21:05:02.975Z","ask"
"149.4","1.9","2024-05-25T21:05:02.975Z","ask"
"149.44","5","2024-05-25T21:05:02.975Z","ask"
"149.49","35.569","2024-05-25T21:05:02.975Z","ask"
"149.5","1","2024-05-25T21:05:02.975Z","ask"
"149.53","0.5","2024-05-25T21:05:02.975Z","ask"
"149.63","0.688","2024-05-25T21:05:02.975Z","ask"
"149.75","0.189","2024-05-25T21:05:02.975Z","ask"
"149.85","0.406","2024-05-25T21:05:02.975Z","ask"
"149.98","0.1","2024-05-25T21:05:02.975Z","ask"
"149.99","0.883","2024-05-25T21:05:02.975Z","ask"
"150","333.966","2024-05-25T21:05:02.975Z","ask"
"150.01","3.156","2024-05-25T21:05:02.975Z","ask"
"150.32","0.054","2024-05-25T21:05:02.975Z","ask"
"150.39","0.333","2024-05-25T21:05:02.975Z","ask"
"150.72","0.202","2024-05-25T21:05:02.975Z","ask"
"150.96","0.207","2024-05-25T21:05:02.975Z","ask"
"151","17.076","2024-05-25T21:05:02.975Z","ask"
"151.25","0.2","2024-05-25T21:05:02.975Z","ask"
"151.38","0.187","2024-05-25T21:05:02.975Z","ask"
"151.44","5","2024-05-25T21:05:02.975Z","ask"
"151.5","0.02","2024-05-25T21:05:02.975Z","ask"
"151.67","0.122","2024-05-25T21:05:02.975Z","ask"
"151.68","0.5","2024-05-25T21:05:02.975Z","ask"
"151.97","0.33","2024-05-25T21:05:02.975Z","ask"
"152","371.169","2024-05-25T21:05:02.975Z","ask"
"152.07","1178.403","2024-05-25T21:05:02.975Z","ask"
"152.2","32.032","2024-05-25T21:05:02.975Z","ask"
"152.25","0.2","2024-05-25T21:05:02.975Z","ask"
"152.27","0.21","2024-05-25T21:05:02.975Z","ask"
"152.5","4.271","2024-05-25T21:05:02.975Z","ask"
"152.68","0.164","2024-05-25T21:05:02.975Z","ask"
"152.87","0.656","2024-05-25T21:05:02.975Z","ask"
"153","52.376","2024-05-25T21:05:02.975Z","ask"
"153.02","0.185","2024-05-25T21:05:02.975Z","ask"
"153.09","23.517","2024-05-25T21:05:02.975Z","ask"
"153.5","1","2024-05-25T21:05:02.975Z","ask"
"153.62","0.396","2024-05-25T21:05:02.975Z","ask"
"153.69","50.648","2024-05-25T21:05:02.975Z","ask"
"153.79","5.011","2024-05-25T21:05:02.975Z","ask"
"153.88","0.5","2024-05-25T21:05:02.975Z","ask"
"153.91","0.02","2024-05-25T21:05:02.975Z","ask"
"154","6.572","2024-05-25T21:05:02.975Z","ask"
"154.1","244.77","2024-05-25T21:05:02.975Z","ask"
"154.44","5","2024-05-25T21:05:02.976Z","ask"
"154.68","0.183","2024-05-25T21:05:02.976Z","ask"
"154.74","35.382","2024-05-25T21:05:02.976Z","ask"
"154.97","0.15","2024-05-25T21:05:02.976Z","ask"
"154.98","0.1","2024-05-25T21:05:02.976Z","ask"
"155","435.794","2024-05-25T21:05:02.976Z","ask"
"155.02","2.486","2024-05-25T21:05:02.976Z","ask"
"155.17","0.201","2024-05-25T21:05:02.976Z","ask"
"155.21","1.042","2024-05-25T21:05:02.976Z","ask"
"155.35","0.196","2024-05-25T21:05:02.976Z","ask"
"155.55","1.555","2024-05-25T21:05:02.976Z","ask"
"155.62","1","2024-05-25T21:05:02.976Z","ask"
"155.7","30","2024-05-25T21:05:02.976Z","ask"
"155.9","0.064","2024-05-25T21:05:02.976Z","ask"
"155.96","0.051","2024-05-25T21:05:02.976Z","ask"
"156","13.02","2024-05-25T21:05:02.976Z","ask"
"156.3","30","2024-05-25T21:05:02.976Z","ask"
"156.37","0.18","2024-05-25T21:05:02.976Z","ask"
"156.5","10.4","2024-05-25T21:05:02.976Z","ask"
"156.53","0.16","2024-05-25T21:05:02.976Z","ask"
"156.55","0.195","2024-05-25T21:05:02.976Z","ask"
"156.92","0.194","2024-05-25T21:05:02.976Z","ask"
"157","0.393","2024-05-25T21:05:02.976Z","ask"
"157.04","400","2024-05-25T21:05:02.976Z","ask"
"157.5","1.386","2024-05-25T21:05:02.976Z","ask"
"157.71","0.105","2024-05-25T21:05:02.976Z","ask"
"157.85","0.2","2024-05-25T21:05:02.976Z","ask"
"158","5.92","2024-05-25T21:05:02.976Z","ask"
"158.44","5","2024-05-25T21:05:02.976Z","ask"
"158.6","0.635","2024-05-25T21:05:02.976Z","ask"
"158.64","0.149","2024-05-25T21:05:02.976Z","ask"
"158.98","0.317","2024-05-25T21:05:02.976Z","ask"
"159","32.702","2024-05-25T21:05:02.976Z","ask"
"159.49","0.195","2024-05-25T21:05:02.976Z","ask"
"159.53","2.313","2024-05-25T21:05:02.976Z","ask"
"159.94","0.1","2024-05-25T21:05:02.976Z","ask"
"160","166.632","2024-05-25T21:05:02.976Z","ask"
"160.46","0.156","2024-05-25T21:05:02.976Z","ask"
"160.5","10","2024-05-25T21:05:02.976Z","ask"
"161","15.77","2024-05-25T21:05:02.976Z","ask"
"161.1","1.247","2024-05-25T21:05:02.976Z","ask"
"161.2","200","2024-05-25T21:05:02.976Z","ask"
"161.44","5","2024-05-25T21:05:02.976Z","ask"
"161.46","0.376","2024-05-25T21:05:02.976Z","ask"
"162","5.2","2024-05-25T21:05:02.976Z","ask"
"162.2","1.553","2024-05-25T21:05:02.976Z","ask"
"162.4","3.078","2024-05-25T21:05:02.976Z","ask"
"162.42","4.429","2024-05-25T21:05:02.976Z","ask"
"162.88","0.15","2024-05-25T21:05:02.976Z","ask"
"163.2","0.02","2024-05-25T21:05:02.976Z","ask"
"163.37","1.843","2024-05-25T21:05:02.976Z","ask"
"164","38.914","2024-05-25T21:05:02.976Z","ask"
"164.44","10","2024-05-25T21:05:02.976Z","ask"
"164.49","0.152","2024-05-25T21:05:02.976Z","ask"
"164.5","9.157","2024-05-25T21:05:02.976Z","ask"
"164.94","0.1","2024-05-25T21:05:02.976Z","ask"
"164.99","0.049","2024-05-25T21:05:02.976Z","ask"
"165","156.441","2024-05-25T21:05:02.976Z","ask"
"165.2","0.606","2024-05-25T21:05:02.976Z","ask"
"165.52","0.367","2024-05-25T21:05:02.976Z","ask"
"165.86","0.048","2024-05-25T21:05:02.976Z","ask"
"166","0.546","2024-05-25T21:05:02.976Z","ask"
"166.32","1","2024-05-25T21:05:02.976Z","ask"
"166.4","0.147","2024-05-25T21:05:02.976Z","ask"
"166.55","0.496","2024-05-25T21:05:02.976Z","ask"
"166.66","8.666","2024-05-25T21:05:02.976Z","ask"
"167","101.615","2024-05-25T21:05:02.976Z","ask"
"167.07","0.075","2024-05-25T21:05:02.976Z","ask"
"167.41","0.299","2024-05-25T21:05:02.976Z","ask"
"167.5","0.02","2024-05-25T21:05:02.976Z","ask"
"168","3.983","2024-05-25T21:05:02.976Z","ask"
"168.44","10","2024-05-25T21:05:02.976Z","ask"
"168.63","0.149","2024-05-25T21:05:02.976Z","ask"
"168.8","1.248","2024-05-25T21:05:02.976Z","ask"
"169","7","2024-05-25T21:05:02.976Z","ask"
"169.13","70","2024-05-25T21:05:02.976Z","ask"
"169.26","725","2024-05-25T21:05:02.976Z","ask"
"169.47","0.593","2024-05-25T21:05:02.976Z","ask"
"169.48","1","2024-05-25T21:05:02.976Z","ask"
"169.69","0.398","2024-05-25T21:05:02.976Z","ask"
"169.88","12.051","2024-05-25T21:05:02.976Z","ask"
"169.94","0.1","2024-05-25T21:05:02.976Z","ask"
"170","18.743","2024-05-25T21:05:02.976Z","ask"
"170.33","0.304","2024-05-25T21:05:02.976Z","ask"
"170.64","0.5","2024-05-25T21:05:02.976Z","ask"
"171.44","10","2024-05-25T21:05:02.976Z","ask"
"172","15.401","2024-05-25T21:05:02.976Z","ask"
"172.5","0.02","2024-05-25T21:05:02.976Z","ask"
"172.61","0.913","2024-05-25T21:05:02.976Z","ask"
"172.87","0.145","2024-05-25T21:05:02.976Z","ask"
"173","2","2024-05-25T21:05:02.976Z","ask"
"173.34","0.091","2024-05-25T21:05:02.976Z","ask"
"173.56","0.021","2024-05-25T21:05:02.976Z","ask"
"173.96","0.349","2024-05-25T21:05:02.976Z","ask"
"174","15.986","2024-05-25T21:05:02.976Z","ask"
"174.44","10","2024-05-25T21:05:02.976Z","ask"
"174.47","1.8","2024-05-25T21:05:02.976Z","ask"
"174.89","16.586","2024-05-25T21:05:02.976Z","ask"
"175","64.912","2024-05-25T21:05:02.976Z","ask"
"175.05","0.357","2024-05-25T21:05:02.976Z","ask"
"175.13","5","2024-05-25T21:05:02.976Z","ask"
"176","0.395","2024-05-25T21:05:02.976Z","ask"
"176.38","0.045","2024-05-25T21:05:02.976Z","ask"
"177","44","2024-05-25T21:05:02.976Z","ask"
"177.21","140","2024-05-25T21:05:02.976Z","ask"
"177.22","0.141","2024-05-25T21:05:02.976Z","ask"
"177.33","3","2024-05-25T21:05:02.976Z","ask"
"177.97","5","2024-05-25T21:05:02.976Z","ask"
"178","86.869","2024-05-25T21:05:02.976Z","ask"
"178.28","5","2024-05-25T21:05:02.976Z","ask"
"178.34","0.341","2024-05-25T21:05:02.976Z","ask"
"178.46","0.025","2024-05-25T21:05:02.976Z","ask"
"178.89","0.6","2024-05-25T21:05:02.976Z","ask"
"179","38.5","2024-05-25T21:05:02.976Z","ask"
"179.44","10","2024-05-25T21:05:02.976Z","ask"
"179.5","0.02","2024-05-25T21:05:02.976Z","ask"
"180","148.675","2024-05-25T21:05:02.976Z","ask"
"180.01","3.156","2024-05-25T21:05:02.976Z","ask"
"181","4.19","2024-05-25T21:05:02.976Z","ask"
"181.67","0.138","2024-05-25T21:05:02.976Z","ask"
"182","20","2024-05-25T21:05:02.976Z","ask"
"182.5","0.02","2024-05-25T21:05:02.976Z","ask"
"182.84","0.332","2024-05-25T21:05:02.976Z","ask"
"183","17.96","2024-05-25T21:05:02.976Z","ask"
"183.33","3.741","2024-05-25T21:05:02.976Z","ask"
"183.67","0.043","2024-05-25T21:05:02.976Z","ask"
"184","15.956","2024-05-25T21:05:02.976Z","ask"
"184.44","10.005","2024-05-25T21:05:02.976Z","ask"
"184.64","10.155","2024-05-25T21:05:02.976Z","ask"
"184.84","0.088","2024-05-25T21:05:02.976Z","ask"
"184.89","0.6","2024-05-25T21:05:02.976Z","ask"
"185","9.566","2024-05-25T21:05:02.976Z","ask"
"185.99","0.055","2024-05-25T21:05:02.976Z","ask"
"186.02","0.269","2024-05-25T21:05:02.976Z","ask"
"186.24","0.135","2024-05-25T21:05:02.976Z","ask"
"186.59","1","2024-05-25T21:05:02.976Z","ask"
"187","2.39","2024-05-25T21:05:02.976Z","ask"
"187.43","0.324","2024-05-25T21:05:02.976Z","ask"
"187.6","0.5","2024-05-25T21:05:02.976Z","ask"
"188","14.171","2024-05-25T21:05:02.976Z","ask"
"188.89","1","2024-05-25T21:05:02.976Z","ask"
"188.9","129.46","2024-05-25T21:05:02.976Z","ask"
"189","34.32","2024-05-25T21:05:02.976Z","ask"
"189.48","1","2024-05-25T21:05:02.976Z","ask"
"190","220.119","2024-05-25T21:05:02.976Z","ask"
"190.71","3.026","2024-05-25T21:05:02.976Z","ask"
"191","10","2024-05-25T21:05:02.976Z","ask"
"191.31","0.2","2024-05-25T21:05:02.976Z","ask"
"192","10.539","2024-05-25T21:05:02.976Z","ask"
"192.03","0.18","2024-05-25T21:05:02.976Z","ask"
"192.15","0.316","2024-05-25T21:05:02.976Z","ask"
"192.34","0.7","2024-05-25T21:05:02.976Z","ask"
"192.4","19.856","2024-05-25T21:05:02.976Z","ask"
"193","0.02","2024-05-25T21:05:02.976Z","ask"
"193.39","7.264","2024-05-25T21:05:02.976Z","ask"
"193.89","1","2024-05-25T21:05:02.976Z","ask"
"194","20.945","2024-05-25T21:05:02.976Z","ask"
"194.44","11","2024-05-25T21:05:02.976Z","ask"
"194.86","0.25","2024-05-25T21:05:02.976Z","ask"
"194.88","0.04","2024-05-25T21:05:02.976Z","ask"
"194.89","1","2024-05-25T21:05:02.976Z","ask"
"194.91","0.414","2024-05-25T21:05:02.976Z","ask"
"195","18.5","2024-05-25T21:05:02.976Z","ask"
"196","2","2024-05-25T21:05:02.976Z","ask"
"196.5","24","2024-05-25T21:05:02.976Z","ask"
"196.53","2.06","2024-05-25T21:05:02.976Z","ask"
"196.99","0.308","2024-05-25T21:05:02.976Z","ask"
"197","4.735","2024-05-25T21:05:02.976Z","ask"
"197.13","5","2024-05-25T21:05:02.976Z","ask"
"197.47","1.8","2024-05-25T21:05:02.976Z","ask"
"197.48","1","2024-05-25T21:05:02.976Z","ask"
"197.61","6.727","2024-05-25T21:05:02.976Z","ask"
"197.7","1.781","2024-05-25T21:05:02.976Z","ask"
"197.77","3.938","2024-05-25T21:05:02.976Z","ask"
"198","13.392","2024-05-25T21:05:02.976Z","ask"
"198.42","10.15","2024-05-25T21:05:02.976Z","ask"
"198.75","20","2024-05-25T21:05:02.976Z","ask"
"198.89","1","2024-05-25T21:05:02.976Z","ask"
"199","45.921","2024-05-25T21:05:02.976Z","ask"
"199.1","1.238","2024-05-25T21:05:02.976Z","ask"
"199.38","0.086","2024-05-25T21:05:02.976Z","ask"
"199.48","1","2024-05-25T21:05:02.976Z","ask"
"199.8","0.5","2024-05-25T21:05:02.976Z","ask"
"199.81","8.035","2024-05-25T21:05:02.976Z","ask"
"200","105.553","2024-05-25T21:05:02.976Z","ask"
"200.66","1.866","2024-05-25T21:05:02.976Z","ask"
"201.95","0.301","2024-05-25T21:05:02.976Z","ask"
"202","2.074","2024-05-25T21:05:02.976Z","ask"
"202.25","2","2024-05-25T21:05:02.976Z","ask"
"204","50","2024-05-25T21:05:02.976Z","ask"
"204.44","10","2024-05-25T21:05:02.976Z","ask"
"204.99","0.059","2024-05-25T21:05:02.976Z","ask"
"205","1.875","2024-05-25T21:05:02.976Z","ask"
"205.5","9.79","2024-05-25T21:05:02.976Z","ask"
"205.96","4.883","2024-05-25T21:05:02.976Z","ask"
"206.68","0.242","2024-05-25T21:05:02.976Z","ask"
"206.71","0.038","2024-05-25T21:05:02.976Z","ask"
"207.03","0.294","2024-05-25T21:05:02.976Z","ask"
"208.75","0.145","2024-05-25T21:05:02.976Z","ask"
"209","1.5","2024-05-25T21:05:02.976Z","ask"
"210","17.779","2024-05-25T21:05:02.976Z","ask"
"210.02","3.156","2024-05-25T21:05:02.976Z","ask"
"210.25","6.183","2024-05-25T21:05:02.976Z","ask"
"210.5","2","2024-05-25T21:05:02.976Z","ask"
"210.52","2.5","2024-05-25T21:05:02.976Z","ask"
"211","15.096","2024-05-25T21:05:02.976Z","ask"
"211.11","21.5","2024-05-25T21:05:02.976Z","ask"
"212","31","2024-05-25T21:05:02.976Z","ask"
"212.25","0.286","2024-05-25T21:05:02.976Z","ask"
"214","4.883","2024-05-25T21:05:02.976Z","ask"
"214.09","0.025","2024-05-25T21:05:02.976Z","ask"
"214.44","10","2024-05-25T21:05:02.976Z","ask"
"214.47","1.8","2024-05-25T21:05:02.976Z","ask"
"215","0.34","2024-05-25T21:05:02.976Z","ask"
"217","3","2024-05-25T21:05:02.976Z","ask"
"217.59","0.279","2024-05-25T21:05:02.976Z","ask"
"218.47","2.546","2024-05-25T21:05:02.976Z","ask"
"219","19.283","2024-05-25T21:05:02.976Z","ask"
"219.25","0.036","2024-05-25T21:05:02.976Z","ask"
"220","64.688","2024-05-25T21:05:02.976Z","ask"
"220.9","0.518","2024-05-25T21:05:02.976Z","ask"
"221.57","7.616","2024-05-25T21:05:02.976Z","ask"
"222","10.967","2024-05-25T21:05:02.976Z","ask"
"222.55","1","2024-05-25T21:05:02.976Z","ask"
"223.06","0.272","2024-05-25T21:05:02.976Z","ask"
"223.55","0.364","2024-05-25T21:05:02.976Z","ask"
"224","2.918","2024-05-25T21:05:02.976Z","ask"
"224.1","4.576","2024-05-25T21:05:02.976Z","ask"
"225","20.783","2024-05-25T21:05:02.976Z","ask"
"227.47","1.8","2024-05-25T21:05:02.976Z","ask"
"227.55","0.357","2024-05-25T21:05:02.976Z","ask"
"227.76","0.168","2024-05-25T21:05:02.976Z","ask"
"228","1","2024-05-25T21:05:02.976Z","ask"
"228.68","0.266","2024-05-25T21:05:02.976Z","ask"
"228.99","0.058","2024-05-25T21:05:02.976Z","ask"
"229","1.8","2024-05-25T21:05:02.976Z","ask"
"229.29","55","2024-05-25T21:05:02.976Z","ask"
"229.65","0.218","2024-05-25T21:05:02.976Z","ask"
"230","22.722","2024-05-25T21:05:02.976Z","ask"
"230.84","8","2024-05-25T21:05:02.976Z","ask"
"231","0.927","2024-05-25T21:05:02.976Z","ask"
"232","0.65","2024-05-25T21:05:02.976Z","ask"
"232.56","0.034","2024-05-25T21:05:02.976Z","ask"
"234","8.748","2024-05-25T21:05:02.976Z","ask"
"234.43","0.259","2024-05-25T21:05:02.976Z","ask"
"235","5.191","2024-05-25T21:05:02.976Z","ask"
"236","1","2024-05-25T21:05:02.976Z","ask"
"237.13","5","2024-05-25T21:05:02.976Z","ask"
"238","2.472","2024-05-25T21:05:02.976Z","ask"
"238.73","1","2024-05-25T21:05:02.976Z","ask"
"238.9","2","2024-05-25T21:05:02.976Z","ask"
"239","18.821","2024-05-25T21:05:02.976Z","ask"
"239.28","0.544","2024-05-25T21:05:02.976Z","ask"
"240","64.431","2024-05-25T21:05:02.976Z","ask"
"240.34","0.253","2024-05-25T21:05:02.976Z","ask"
"241","4","2024-05-25T21:05:02.976Z","ask"
"241.23","1.06","2024-05-25T21:05:02.976Z","ask"
"242","4.791","2024-05-25T21:05:02.976Z","ask"
"243","0.147","2024-05-25T21:05:02.976Z","ask"
"243.2","4.487","2024-05-25T21:05:02.976Z","ask"
"244","11.62","2024-05-25T21:05:02.976Z","ask"
"244.11","21.5","2024-05-25T21:05:02.976Z","ask"
"244.2","200","2024-05-25T21:05:02.976Z","ask"
"244.56","0.14","2024-05-25T21:05:02.976Z","ask"
"244.65","17","2024-05-25T21:05:02.976Z","ask"
"245","9.4","2024-05-25T21:05:02.976Z","ask"
"245.36","2.271","2024-05-25T21:05:02.976Z","ask"
"245.85","0.099","2024-05-25T21:05:02.976Z","ask"
"246.35","1.027","2024-05-25T21:05:02.976Z","ask"
"246.39","0.247","2024-05-25T21:05:02.976Z","ask"
"246.67","0.035","2024-05-25T21:05:02.976Z","ask"
"247.17","0.419","2024-05-25T21:05:02.976Z","ask"
"247.44","8.082","2024-05-25T21:05:02.976Z","ask"
"247.48","0.5","2024-05-25T21:05:02.976Z","ask"
"248","1.6","2024-05-25T21:05:02.976Z","ask"
"248.89","0.7","2024-05-25T21:05:02.976Z","ask"
"249","78.753","2024-05-25T21:05:02.976Z","ask"
"249.48","0.8","2024-05-25T21:05:02.976Z","ask"
"249.87","0.2","2024-05-25T21:05:02.976Z","ask"
"249.99","0.057","2024-05-25T21:05:02.976Z","ask"
"250","194.882","2024-05-25T21:05:02.976Z","ask"
"250.87","0.2","2024-05-25T21:05:02.976Z","ask"
"251","1","2024-05-25T21:05:02.976Z","ask"
"252","57.625","2024-05-25T21:05:02.976Z","ask"
"252.59","0.24","2024-05-25T21:05:02.976Z","ask"
"252.8","4.074","2024-05-25T21:05:02.976Z","ask"
"253.06","0.794","2024-05-25T21:05:02.976Z","ask"
"254.87","0.25","2024-05-25T21:05:02.976Z","ask"
"255.17","0.196","2024-05-25T21:05:02.976Z","ask"
"256.42","0.547","2024-05-25T21:05:02.976Z","ask"
"257","5","2024-05-25T21:05:02.976Z","ask"
"257.2","1.559","2024-05-25T21:05:02.976Z","ask"
"257.5","10","2024-05-25T21:05:02.976Z","ask"
"258","0.5","2024-05-25T21:05:02.976Z","ask"
"258.79","0.724","2024-05-25T21:05:02.976Z","ask"
"258.95","0.235","2024-05-25T21:05:02.976Z","ask"
"259.48","0.6","2024-05-25T21:05:02.976Z","ask"
"259.84","0.051","2024-05-25T21:05:02.976Z","ask"
"260","46.446","2024-05-25T21:05:02.976Z","ask"
"261","32.06","2024-05-25T21:05:02.976Z","ask"
"262","4.277","2024-05-25T21:05:02.976Z","ask"
"263","5","2024-05-25T21:05:02.976Z","ask"
"263.49","0.731","2024-05-25T21:05:02.976Z","ask"
"264","7.171","2024-05-25T21:05:02.976Z","ask"
"264.89","0.5","2024-05-25T21:05:02.976Z","ask"
"265","2","2024-05-25T21:05:02.976Z","ask"
"265.47","0.229","2024-05-25T21:05:02.976Z","ask"
"266.95","20","2024-05-25T21:05:02.976Z","ask"
"269","2.851","2024-05-25T21:05:02.976Z","ask"
"269.16","0.064","2024-05-25T21:05:02.976Z","ask"
"269.48","1","2024-05-25T21:05:02.976Z","ask"
"270","26.143","2024-05-25T21:05:02.976Z","ask"
"271.78","0.05","2024-05-25T21:05:02.976Z","ask"
"272.15","0.223","2024-05-25T21:05:02.976Z","ask"
"272.22","1.29","2024-05-25T21:05:02.976Z","ask"
"272.24","0.16","2024-05-25T21:05:02.976Z","ask"
"274","10.5","2024-05-25T21:05:02.976Z","ask"
"274.5","27.946","2024-05-25T21:05:02.976Z","ask"
"274.89","0.7","2024-05-25T21:05:02.976Z","ask"
"275","11.03","2024-05-25T21:05:02.976Z","ask"
"275.49","0.171","2024-05-25T21:05:02.976Z","ask"
"277","1","2024-05-25T21:05:02.976Z","ask"
"278","0.5","2024-05-25T21:05:02.976Z","ask"
"278.89","0.4","2024-05-25T21:05:02.976Z","ask"
"279","3.081","2024-05-25T21:05:02.976Z","ask"
"279.01","0.218","2024-05-25T21:05:02.976Z","ask"
"280","25.83","2024-05-25T21:05:02.976Z","ask"
"280.05","0.357","2024-05-25T21:05:02.976Z","ask"
"283","2.362","2024-05-25T21:05:02.976Z","ask"
"283.52","0.177","2024-05-25T21:05:02.976Z","ask"
"284","4.6","2024-05-25T21:05:02.976Z","ask"
"284.33","0.5","2024-05-25T21:05:02.976Z","ask"
"284.89","0.5","2024-05-25T21:05:02.976Z","ask"
"286.03","0.212","2024-05-25T21:05:02.976Z","ask"
"286.83","20","2024-05-25T21:05:02.976Z","ask"
"287","2","2024-05-25T21:05:02.976Z","ask"
"288","0.75","2024-05-25T21:05:02.976Z","ask"
"288.4","4.026","2024-05-25T21:05:02.976Z","ask"
"288.8","0.4","2024-05-25T21:05:02.976Z","ask"
"288.89","1","2024-05-25T21:05:02.976Z","ask"
"289","4","2024-05-25T21:05:02.976Z","ask"
"290","13.42","2024-05-25T21:05:02.976Z","ask"
"291","3.8","2024-05-25T21:05:02.976Z","ask"
"291.24","0.2","2024-05-25T21:05:02.976Z","ask"
"292","0.62","2024-05-25T21:05:02.976Z","ask"
"293","11.261","2024-05-25T21:05:02.976Z","ask"
"294","1.416","2024-05-25T21:05:02.976Z","ask"
"294.12","551.836","2024-05-25T21:05:02.976Z","ask"
"295","5.936","2024-05-25T21:05:02.976Z","ask"
"295.42","22.847","2024-05-25T21:05:02.976Z","ask"
"295.78","2.858","2024-05-25T21:05:02.976Z","ask"
"297","0.04","2024-05-25T21:05:02.976Z","ask"
"297.21","0.058","2024-05-25T21:05:02.976Z","ask"
"297.31","0.873","2024-05-25T21:05:02.976Z","ask"
"297.48","1","2024-05-25T21:05:02.976Z","ask"
"298","2.5","2024-05-25T21:05:02.976Z","ask"
"298.87","2","2024-05-25T21:05:02.976Z","ask"
"298.89","1","2024-05-25T21:05:02.976Z","ask"
"299","18.923","2024-05-25T21:05:02.976Z","ask"
"299.48","1","2024-05-25T21:05:02.976Z","ask"
"299.9","1","2024-05-25T21:05:02.976Z","ask"
"299.99","8.7","2024-05-25T21:05:02.976Z","ask"
"300","95.24","2024-05-25T21:05:02.976Z","ask"
"300.6","0.16","2024-05-25T21:05:02.976Z","ask"
"301","10","2024-05-25T21:05:02.976Z","ask"
"301.66","0.162","2024-05-25T21:05:02.976Z","ask"
"303.45","0.756","2024-05-25T21:05:02.976Z","ask"
"304","8.5","2024-05-25T21:05:02.976Z","ask"
"305","6.28","2024-05-25T21:05:02.976Z","ask"
"309","0.3","2024-05-25T21:05:02.976Z","ask"
"310","22.096","2024-05-25T21:05:02.976Z","ask"
"311","15.018","2024-05-25T21:05:02.976Z","ask"
"312","1.754","2024-05-25T21:05:02.976Z","ask"
"314.89","0.3","2024-05-25T21:05:02.976Z","ask"
"315.02","0.159","2024-05-25T21:05:02.976Z","ask"
"317.2","200","2024-05-25T21:05:02.976Z","ask"
"318","1","2024-05-25T21:05:02.976Z","ask"
"319","1.278","2024-05-25T21:05:02.976Z","ask"
"320","12.518","2024-05-25T21:05:02.976Z","ask"
"324","25.4","2024-05-25T21:05:02.976Z","ask"
"325","38.02","2024-05-25T21:05:02.976Z","ask"
"327","2","2024-05-25T21:05:02.976Z","ask"
"327.35","1","2024-05-25T21:05:02.976Z","ask"
"328.5","0.32","2024-05-25T21:05:02.976Z","ask"
"328.89","0.4","2024-05-25T21:05:02.976Z","ask"
"329","50.3","2024-05-25T21:05:02.976Z","ask"
"329.99","0.032","2024-05-25T21:05:02.976Z","ask"
"330","26.135","2024-05-25T21:05:02.976Z","ask"
"330.84","0.5","2024-05-25T21:05:02.976Z","ask"
"332.55","0.357","2024-05-25T21:05:02.976Z","ask"
"333","30.75","2024-05-25T21:05:02.976Z","ask"
"333.33","0.22","2024-05-25T21:05:02.976Z","ask"
"333.83","0.17","2024-05-25T21:05:02.976Z","ask"
"334","0.3","2024-05-25T21:05:02.976Z","ask"
"334.92","0.7","2024-05-25T21:05:02.976Z","ask"
"338.16","0.15","2024-05-25T21:05:02.976Z","ask"
"338.94","7","2024-05-25T21:05:02.976Z","ask"
"339","5.719","2024-05-25T21:05:02.976Z","ask"
"339.8","14.892","2024-05-25T21:05:02.976Z","ask"
"340","68.663","2024-05-25T21:05:02.976Z","ask"
"342.12","1","2024-05-25T21:05:02.976Z","ask"
"343.69","0.05","2024-05-25T21:05:02.976Z","ask"
"344","0.84","2024-05-25T21:05:02.976Z","ask"
"345","0.03","2024-05-25T21:05:02.976Z","ask"
"346.64","0.874","2024-05-25T21:05:02.976Z","ask"
"347.48","0.5","2024-05-25T21:05:02.976Z","ask"
"348","0.762","2024-05-25T21:05:02.976Z","ask"
"348.87","2","2024-05-25T21:05:02.976Z","ask"
"349","1.873","2024-05-25T21:05:02.976Z","ask"
"349.49","1.25","2024-05-25T21:05:02.976Z","ask"
"350","106.214","2024-05-25T21:05:02.976Z","ask"
"350.02","0.143","2024-05-25T21:05:02.976Z","ask"
"351","20","2024-05-25T21:05:02.976Z","ask"
"352","0.058","2024-05-25T21:05:02.976Z","ask"
"357","0.09","2024-05-25T21:05:02.976Z","ask"
"358.92","0.278","2024-05-25T21:05:02.976Z","ask"
"359","3.107","2024-05-25T21:05:02.976Z","ask"
"365","30","2024-05-25T21:05:02.976Z","ask"
"366","3.115","2024-05-25T21:05:02.976Z","ask"
"367.71","0.05","2024-05-25T21:05:02.976Z","ask"
"367.98","7","2024-05-25T21:05:02.976Z","ask"
"368","1.7","2024-05-25T21:05:02.976Z","ask"
"369","6","2024-05-25T21:05:02.976Z","ask"
"372","2.25","2024-05-25T21:05:02.976Z","ask"
"373","2","2024-05-25T21:05:02.976Z","ask"
"374","323.211","2024-05-25T21:05:02.976Z","ask"
"375","4.044","2024-05-25T21:05:02.976Z","ask"
"377.77","2","2024-05-25T21:05:02.976Z","ask"
"378.89","1","2024-05-25T21:05:02.976Z","ask"
"378.99","0.642","2024-05-25T21:05:02.976Z","ask"
"379","0.6","2024-05-25T21:05:02.976Z","ask"
"380","5.268","2024-05-25T21:05:02.976Z","ask"
"382","1.5","2024-05-25T21:05:02.976Z","ask"
"383","0.2","2024-05-25T21:05:02.976Z","ask"
"384","0.5","2024-05-25T21:05:02.976Z","ask"
"384.17","0.5","2024-05-25T21:05:02.976Z","ask"
"385","1","2024-05-25T21:05:02.976Z","ask"
"385.05","0.357","2024-05-25T21:05:02.976Z","ask"
"386","1","2024-05-25T21:05:02.976Z","ask"
"387","2.651","2024-05-25T21:05:02.976Z","ask"
"388","38.267","2024-05-25T21:05:02.976Z","ask"
"388.44","1.612","2024-05-25T21:05:02.976Z","ask"
"388.91","0.129","2024-05-25T21:05:02.976Z","ask"
"389","1","2024-05-25T21:05:02.976Z","ask"
"389.14","0.02","2024-05-25T21:05:02.976Z","ask"
"389.2","219.977","2024-05-25T21:05:02.976Z","ask"
"390","25.42","2024-05-25T21:05:02.976Z","ask"
"391.01","0.456","2024-05-25T21:05:02.976Z","ask"
"394","1.515","2024-05-25T21:05:02.976Z","ask"
"394.12","0.5","2024-05-25T21:05:02.976Z","ask"
"394.89","1","2024-05-25T21:05:02.976Z","ask"
"395","2","2024-05-25T21:05:02.976Z","ask"
"395.55","0.014","2024-05-25T21:05:02.976Z","ask"
"396","2","2024-05-25T21:05:02.976Z","ask"
"397.03","7","2024-05-25T21:05:02.976Z","ask"
"397.48","1","2024-05-25T21:05:02.976Z","ask"
"398","2.775","2024-05-25T21:05:02.976Z","ask"
"398.87","2","2024-05-25T21:05:02.976Z","ask"
"398.9","98.885","2024-05-25T21:05:02.976Z","ask"
"399","48.567","2024-05-25T21:05:02.976Z","ask"
"399.99","2.26","2024-05-25T21:05:02.976Z","ask"
"400","126","2024-05-25T21:05:02.976Z","ask"
"400.32","0.19","2024-05-25T21:05:02.976Z","ask"
"400.54","20","2024-05-25T21:05:02.976Z","ask"
"403","60.5","2024-05-25T21:05:02.976Z","ask"
"406","1","2024-05-25T21:05:02.976Z","ask"
"408","0.03","2024-05-25T21:05:02.976Z","ask"
"409","0.2","2024-05-25T21:05:02.976Z","ask"
"410","6","2024-05-25T21:05:02.976Z","ask"
"414","2.2","2024-05-25T21:05:02.976Z","ask"
"415.6","0.05","2024-05-25T21:05:02.976Z","ask"
"417","0.3","2024-05-25T21:05:02.976Z","ask"
"419","0.4","2024-05-25T21:05:02.976Z","ask"
"420","128.972","2024-05-25T21:05:02.976Z","ask"
"423.34","0.8","2024-05-25T21:05:02.976Z","ask"
"424","1.7","2024-05-25T21:05:02.976Z","ask"
"426.09","7","2024-05-25T21:05:02.976Z","ask"
"426.59","2","2024-05-25T21:05:02.976Z","ask"
"427","2","2024-05-25T21:05:02.976Z","ask"
"429","1.4","2024-05-25T21:05:02.976Z","ask"
"430","1.079","2024-05-25T21:05:02.976Z","ask"
"431","42.948","2024-05-25T21:05:02.976Z","ask"
"432","0.023","2024-05-25T21:05:02.976Z","ask"
"432.13","0.116","2024-05-25T21:05:02.977Z","ask"
"434","0.3","2024-05-25T21:05:02.977Z","ask"
"435.35","0.3","2024-05-25T21:05:02.977Z","ask"
"436","0.552","2024-05-25T21:05:02.977Z","ask"
"436.46","0.375","2024-05-25T21:05:02.977Z","ask"
"437","1.347","2024-05-25T21:05:02.977Z","ask"
"437.55","0.357","2024-05-25T21:05:02.977Z","ask"
"439","0.797","2024-05-25T21:05:02.977Z","ask"
"440","2.029","2024-05-25T21:05:02.977Z","ask"
"444","10.5","2024-05-25T21:05:02.977Z","ask"
"446","0.493","2024-05-25T21:05:02.977Z","ask"
"448","1.5","2024-05-25T21:05:02.977Z","ask"
"448.87","2","2024-05-25T21:05:02.977Z","ask"
"449","0.9","2024-05-25T21:05:02.977Z","ask"
"449.5","3","2024-05-25T21:05:02.977Z","ask"
"450","29.576","2024-05-25T21:05:02.977Z","ask"
"452.49","0.163","2024-05-25T21:05:02.977Z","ask"
"454","0.666","2024-05-25T21:05:02.977Z","ask"
"455","0.103","2024-05-25T21:05:02.977Z","ask"
"455.13","7","2024-05-25T21:05:02.977Z","ask"
"458","3.018","2024-05-25T21:05:02.977Z","ask"
"458.75","5","2024-05-25T21:05:02.977Z","ask"
"459","3.528","2024-05-25T21:05:02.977Z","ask"
"460","0.12","2024-05-25T21:05:02.977Z","ask"
"461","1","2024-05-25T21:05:02.977Z","ask"
"464.55","2.435","2024-05-25T21:05:02.977Z","ask"
"466","0.212","2024-05-25T21:05:02.977Z","ask"
"467","3","2024-05-25T21:05:02.977Z","ask"
"469","7.7","2024-05-25T21:05:02.977Z","ask"
"470","1","2024-05-25T21:05:02.977Z","ask"
"473","1.055","2024-05-25T21:05:02.977Z","ask"
"474","1","2024-05-25T21:05:02.977Z","ask"
"475","15.15","2024-05-25T21:05:02.977Z","ask"
"475.69","1","2024-05-25T21:05:02.977Z","ask"
"480","8.8","2024-05-25T21:05:02.977Z","ask"
"480.14","0.104","2024-05-25T21:05:02.977Z","ask"
"482","0.083","2024-05-25T21:05:02.977Z","ask"
"483","3.181","2024-05-25T21:05:02.977Z","ask"
"484.17","0.5","2024-05-25T21:05:02.977Z","ask"
"485","0.03","2024-05-25T21:05:02.977Z","ask"
"487","2","2024-05-25T21:05:02.977Z","ask"
"488.88","10","2024-05-25T21:05:02.977Z","ask"
"489","1.592","2024-05-25T21:05:02.977Z","ask"
"490","27.021","2024-05-25T21:05:02.977Z","ask"
"490.05","0.357","2024-05-25T21:05:02.977Z","ask"
"492.76","0.25","2024-05-25T21:05:02.977Z","ask"
"494","1","2024-05-25T21:05:02.977Z","ask"
"494.89","4.041","2024-05-25T21:05:02.977Z","ask"
"495","5.839","2024-05-25T21:05:02.977Z","ask"
"495.44","10.153","2024-05-25T21:05:02.977Z","ask"
"496","0.28","2024-05-25T21:05:02.977Z","ask"
"497","0.5","2024-05-25T21:05:02.977Z","ask"
"498","6.022","2024-05-25T21:05:02.977Z","ask"
"498.87","2","2024-05-25T21:05:02.977Z","ask"
"499","43.994","2024-05-25T21:05:02.977Z","ask"
"499.97","0.391","2024-05-25T21:05:02.977Z","ask"
"499.99","25.296","2024-05-25T21:05:02.977Z","ask"
"500","144.589","2024-05-25T21:05:02.977Z","ask"
"500.5","0.028","2024-05-25T21:05:02.977Z","ask"
"504.99","0.845","2024-05-25T21:05:02.977Z","ask"
"505","22","2024-05-25T21:05:02.977Z","ask"
"505.05","2","2024-05-25T21:05:02.977Z","ask"
"505.11","1.131","2024-05-25T21:05:02.977Z","ask"
"507","0.1","2024-05-25T21:05:02.977Z","ask"
"512","0.15","2024-05-25T21:05:02.977Z","ask"
"512.85","0.487","2024-05-25T21:05:02.977Z","ask"
"513","5.332","2024-05-25T21:05:02.977Z","ask"
"516","2.25","2024-05-25T21:05:02.977Z","ask"
"518","7.675","2024-05-25T21:05:02.977Z","ask"
"519","1","2024-05-25T21:05:02.977Z","ask"
"520","6.417","2024-05-25T21:05:02.977Z","ask"
"522.35","6.864","2024-05-25T21:05:02.977Z","ask"
"524","0.4","2024-05-25T21:05:02.977Z","ask"
"524.93","0.485","2024-05-25T21:05:02.977Z","ask"
"527","2","2024-05-25T21:05:02.977Z","ask"
"529","1","2024-05-25T21:05:02.977Z","ask"
"530","0.537","2024-05-25T21:05:02.977Z","ask"
"533","0.25","2024-05-25T21:05:02.977Z","ask"
"533.49","0.094","2024-05-25T21:05:02.977Z","ask"
"535","12","2024-05-25T21:05:02.977Z","ask"
"536","0.02","2024-05-25T21:05:02.977Z","ask"
"539","0.4","2024-05-25T21:05:02.977Z","ask"
"540","4.307","2024-05-25T21:05:02.977Z","ask"
"542","5","2024-05-25T21:05:02.977Z","ask"
"542.09","0.154","2024-05-25T21:05:02.977Z","ask"
"542.55","0.357","2024-05-25T21:05:02.977Z","ask"
"542.8","40","2024-05-25T21:05:02.977Z","ask"
"543","0.1","2024-05-25T21:05:02.977Z","ask"
"543.5","0.508","2024-05-25T21:05:02.977Z","ask"
"545","9.251","2024-05-25T21:05:02.977Z","ask"
"548","0.8","2024-05-25T21:05:02.977Z","ask"
"548.87","2","2024-05-25T21:05:02.977Z","ask"
"550","33.033","2024-05-25T21:05:02.977Z","ask"
"550.89","2.566","2024-05-25T21:05:02.977Z","ask"
"555","17","2024-05-25T21:05:02.977Z","ask"
"555.55","1.5","2024-05-25T21:05:02.977Z","ask"
"556","0.724","2024-05-25T21:05:02.977Z","ask"
"557","9.029","2024-05-25T21:05:02.977Z","ask"
"559","2","2024-05-25T21:05:02.977Z","ask"
"560","1.89","2024-05-25T21:05:02.977Z","ask"
"570","0.06","2024-05-25T21:05:02.977Z","ask"
"572","0.884","2024-05-25T21:05:02.977Z","ask"
"574","0.5","2024-05-25T21:05:02.977Z","ask"
"575","10.588","2024-05-25T21:05:02.977Z","ask"
"579","1","2024-05-25T21:05:02.977Z","ask"
"580","2.595","2024-05-25T21:05:02.977Z","ask"
"588","1.325","2024-05-25T21:05:02.977Z","ask"
"588.6","2.233","2024-05-25T21:05:02.977Z","ask"
"588.88","10","2024-05-25T21:05:02.977Z","ask"
"589","0.7","2024-05-25T21:05:02.977Z","ask"
"590","10.573","2024-05-25T21:05:02.977Z","ask"
"592","0.086","2024-05-25T21:05:02.977Z","ask"
"593","0.1","2024-05-25T21:05:02.977Z","ask"
"594","2.451","2024-05-25T21:05:02.977Z","ask"
"595","4","2024-05-25T21:05:02.977Z","ask"
"595.05","0.36","2024-05-25T21:05:02.977Z","ask"
"598","0.76","2024-05-25T21:05:02.977Z","ask"
"598.87","2","2024-05-25T21:05:02.977Z","ask"
"599","190.019","2024-05-25T21:05:02.977Z","ask"
"599.03","0.084","2024-05-25T21:05:02.977Z","ask"
"599.99","7.837","2024-05-25T21:05:02.977Z","ask"
"600","416.206","2024-05-25T21:05:02.977Z","ask"
"603.32","0.163","2024-05-25T21:05:02.977Z","ask"
"615","11.01","2024-05-25T21:05:02.977Z","ask"
"620","16.13","2024-05-25T21:05:02.977Z","ask"
"624","0.492","2024-05-25T21:05:02.977Z","ask"
"625","2.976","2024-05-25T21:05:02.977Z","ask"
"629","1","2024-05-25T21:05:02.977Z","ask"
"629.42","0.408","2024-05-25T21:05:02.977Z","ask"
"630","0.15","2024-05-25T21:05:02.977Z","ask"
"630.99","1.081","2024-05-25T21:05:02.977Z","ask"
"631.31","0.05","2024-05-25T21:05:02.977Z","ask"
"639","6.4","2024-05-25T21:05:02.977Z","ask"
"641","1","2024-05-25T21:05:02.977Z","ask"
"643","0.1","2024-05-25T21:05:02.977Z","ask"
"645","8.37","2024-05-25T21:05:02.977Z","ask"
"646.76","0.08","2024-05-25T21:05:02.977Z","ask"
"647.1","1.725","2024-05-25T21:05:02.977Z","ask"
"648","2.27","2024-05-25T21:05:02.977Z","ask"
"648.87","4","2024-05-25T21:05:02.977Z","ask"
"649.89","10","2024-05-25T21:05:02.977Z","ask"
"650","75.66","2024-05-25T21:05:02.977Z","ask"
"655","2.026","2024-05-25T21:05:02.977Z","ask"
"659","3","2024-05-25T21:05:02.977Z","ask"
"660","8.53","2024-05-25T21:05:02.977Z","ask"
"661","2.593","2024-05-25T21:05:02.977Z","ask"
"664","0.502","2024-05-25T21:05:02.977Z","ask"
"665.59","0.076","2024-05-25T21:05:02.977Z","ask"
"666","31.595","2024-05-25T21:05:02.977Z","ask"
"666.66","2.4","2024-05-25T21:05:02.977Z","ask"
"666.86","1.724","2024-05-25T21:05:02.977Z","ask"
"668","6.862","2024-05-25T21:05:02.977Z","ask"
"669","1.5","2024-05-25T21:05:02.977Z","ask"
"669.5","1","2024-05-25T21:05:02.977Z","ask"
"669.95","3.914","2024-05-25T21:05:02.977Z","ask"
"670","20.904","2024-05-25T21:05:02.977Z","ask"
"671","0.065","2024-05-25T21:05:02.977Z","ask"
"671.95","0.357","2024-05-25T21:05:02.977Z","ask"
"674","0.5","2024-05-25T21:05:02.977Z","ask"
"675","16","2024-05-25T21:05:02.977Z","ask"
"678","0.5","2024-05-25T21:05:02.977Z","ask"
"679","1","2024-05-25T21:05:02.977Z","ask"
"680","13.93","2024-05-25T21:05:02.977Z","ask"
"688.88","10","2024-05-25T21:05:02.977Z","ask"
"689","1.6","2024-05-25T21:05:02.977Z","ask"
"690","0.964","2024-05-25T21:05:02.977Z","ask"
"693","1.1","2024-05-25T21:05:02.977Z","ask"
"694","1.2","2024-05-25T21:05:02.977Z","ask"
"698","0.6","2024-05-25T21:05:02.977Z","ask"
"699","3","2024-05-25T21:05:02.977Z","ask"
"700","358.763","2024-05-25T21:05:02.977Z","ask"
"703.21","0.05","2024-05-25T21:05:02.977Z","ask"
"705","0.41","2024-05-25T21:05:02.977Z","ask"
"708.25","0.502","2024-05-25T21:05:02.977Z","ask"
"710","13.688","2024-05-25T21:05:02.977Z","ask"
"716.13","2.435","2024-05-25T21:05:02.977Z","ask"
"720","2.95","2024-05-25T21:05:02.977Z","ask"
"724","0.5","2024-05-25T21:05:02.977Z","ask"
"738","0.5","2024-05-25T21:05:02.977Z","ask"
"739.13","0.2","2024-05-25T21:05:02.977Z","ask"
"740","7.63","2024-05-25T21:05:02.977Z","ask"
"743","0.1","2024-05-25T21:05:02.977Z","ask"
"747","0.47","2024-05-25T21:05:02.977Z","ask"
"748","0.8","2024-05-25T21:05:02.977Z","ask"
"749.99","24.27","2024-05-25T21:05:02.977Z","ask"
"750","3.438","2024-05-25T21:05:02.977Z","ask"
"760","0.783","2024-05-25T21:05:02.977Z","ask"
"770","2","2024-05-25T21:05:02.977Z","ask"
"774","0.3","2024-05-25T21:05:02.977Z","ask"
"775.11","0.05","2024-05-25T21:05:02.977Z","ask"
"777","1.475","2024-05-25T21:05:02.977Z","ask"
"788","5.455","2024-05-25T21:05:02.977Z","ask"
"788.88","10","2024-05-25T21:05:02.977Z","ask"
"789","0.6","2024-05-25T21:05:02.977Z","ask"
"789.89","3.85","2024-05-25T21:05:02.977Z","ask"
"793","0.1","2024-05-25T21:05:02.977Z","ask"
"794","1","2024-05-25T21:05:02.977Z","ask"
"799","0.2","2024-05-25T21:05:02.977Z","ask"
"800","26.818","2024-05-25T21:05:02.977Z","ask"
"801","3.177","2024-05-25T21:05:02.977Z","ask"
"805","5","2024-05-25T21:05:02.977Z","ask"
"806.56","0.357","2024-05-25T21:05:02.977Z","ask"
"810.52","0.29","2024-05-25T21:05:02.977Z","ask"
"812","1","2024-05-25T21:05:02.977Z","ask"
"820","1","2024-05-25T21:05:02.977Z","ask"
"830","1","2024-05-25T21:05:02.977Z","ask"
"831","0.1","2024-05-25T21:05:02.977Z","ask"
"833.33","24.102","2024-05-25T21:05:02.977Z","ask"
"837","6.863","2024-05-25T21:05:02.977Z","ask"
"848","1","2024-05-25T21:05:02.977Z","ask"
"849","3","2024-05-25T21:05:02.977Z","ask"
"863","0.1","2024-05-25T21:05:02.977Z","ask"
"874","0.3","2024-05-25T21:05:02.977Z","ask"
"885.75","8.199","2024-05-25T21:05:02.977Z","ask"
"888.88","11","2024-05-25T21:05:02.977Z","ask"
"889","1","2024-05-25T21:05:02.977Z","ask"
"889.55","1.144","2024-05-25T21:05:02.977Z","ask"
"890.32","0.357","2024-05-25T21:05:02.977Z","ask"
"893","1.339","2024-05-25T21:05:02.977Z","ask"
"894","3","2024-05-25T21:05:02.977Z","ask"
"900","21.31","2024-05-25T21:05:02.977Z","ask"
"906","5","2024-05-25T21:05:02.977Z","ask"
"908","5.23","2024-05-25T21:05:02.977Z","ask"
"910","1.298","2024-05-25T21:05:02.977Z","ask"
"913.97","0.75","2024-05-25T21:05:02.977Z","ask"
"938","1","2024-05-25T21:05:02.977Z","ask"
"940","0.625","2024-05-25T21:05:02.977Z","ask"
"944","1","2024-05-25T21:05:02.977Z","ask"
"945","3.048","2024-05-25T21:05:02.977Z","ask"
"948","1","2024-05-25T21:05:02.977Z","ask"
"948.4","1.181","2024-05-25T21:05:02.977Z","ask"
"950","4.68","2024-05-25T21:05:02.977Z","ask"
"960","1.07","2024-05-25T21:05:02.977Z","ask"
"963","13","2024-05-25T21:05:02.977Z","ask"
"963.44","0.507","2024-05-25T21:05:02.977Z","ask"
"970","4.384","2024-05-25T21:05:02.977Z","ask"
"974","1","2024-05-25T21:05:02.977Z","ask"
"975","2","2024-05-25T21:05:02.977Z","ask"
"980","3.484","2024-05-25T21:05:02.977Z","ask"
"981","1","2024-05-25T21:05:02.977Z","ask"
"988.88","10","2024-05-25T21:05:02.977Z","ask"
"989","1","2024-05-25T21:05:02.977Z","ask"
"989.79","2.021","2024-05-25T21:05:02.977Z","ask"
"990.81","0.05","2024-05-25T21:05:02.977Z","ask"
"994","1","2024-05-25T21:05:02.977Z","ask"
"997","0.125","2024-05-25T21:05:02.977Z","ask"
"998","0.4","2024-05-25T21:05:02.977Z","ask"
"998.56","0.233","2024-05-25T21:05:02.977Z","ask"
"999","6.935","2024-05-25T21:05:02.977Z","ask"
"1000","61.345","2024-05-25T21:05:02.977Z","ask"
"1006.86","20","2024-05-25T21:05:02.977Z","ask"
"1024.93","0.357","2024-05-25T21:05:02.977Z","ask"
"1028.59","0.102","2024-05-25T21:05:02.977Z","ask"
"1030","2","2024-05-25T21:05:02.977Z","ask"
"1050","117","2024-05-25T21:05:02.977Z","ask"
"1062.71","0.05","2024-05-25T21:05:02.977Z","ask"
"1075.76","0.05","2024-05-25T21:05:02.977Z","ask"
"1088.88","10","2024-05-25T21:05:02.977Z","ask"
"1094","0.1","2024-05-25T21:05:02.977Z","ask"
"1100","6.522","2024-05-25T21:05:02.977Z","ask"
"1105","0.921","2024-05-25T21:05:02.977Z","ask"
"1111","11","2024-05-25T21:05:02.977Z","ask"
"1111.11","1","2024-05-25T21:05:02.977Z","ask"
"1120","35.936","2024-05-25T21:05:02.977Z","ask"
"1148","0.08","2024-05-25T21:05:02.977Z","ask"
"1165.2","3","2024-05-25T21:05:02.977Z","ask"
"1166.59","2.7","2024-05-25T21:05:02.977Z","ask"
"1168","0.634","2024-05-25T21:05:02.977Z","ask"
"1179","3","2024-05-25T21:05:02.977Z","ask"
"1188.88","10","2024-05-25T21:05:02.977Z","ask"
"1194","0.15","2024-05-25T21:05:02.977Z","ask"
"1200","129.528","2024-05-25T21:05:02.977Z","ask"
"1239","0.046","2024-05-25T21:05:02.977Z","ask"
"1242","2.5","2024-05-25T21:05:02.977Z","ask"
"1243.31","0.357","2024-05-25T21:05:02.977Z","ask"
"1248","0.15","2024-05-25T21:05:02.977Z","ask"
"1277","0.125","2024-05-25T21:05:02.977Z","ask"
"1280","0.12","2024-05-25T21:05:02.977Z","ask"
"1288.88","10","2024-05-25T21:05:02.977Z","ask"
"1294","0.15","2024-05-25T21:05:02.977Z","ask"
"1300","3.804","2024-05-25T21:05:02.977Z","ask"
"1313.13","3.85","2024-05-25T21:05:02.977Z","ask"
"1319","1.142","2024-05-25T21:05:02.977Z","ask"
"1320","1.65","2024-05-25T21:05:02.977Z","ask"
"1323.38","0.125","2024-05-25T21:05:02.977Z","ask"
"1333","100","2024-05-25T21:05:02.977Z","ask"
"1333.33","1","2024-05-25T21:05:02.977Z","ask"
"1348","0.1","2024-05-25T21:05:02.977Z","ask"
"1350","1","2024-05-25T21:05:02.977Z","ask"
"1369","10","2024-05-25T21:05:02.977Z","ask"
"1389","0.2","2024-05-25T21:05:02.977Z","ask"
"1400","77.012","2024-05-25T21:05:02.977Z","ask"
"1419.81","0.357","2024-05-25T21:05:02.977Z","ask"
"1444","0.1","2024-05-25T21:05:02.977Z","ask"
"1450","0.12","2024-05-25T21:05:02.977Z","ask"
"1465","0.065","2024-05-25T21:05:02.977Z","ask"
"1476","1.297","2024-05-25T21:05:02.977Z","ask"
"1487.11","10","2024-05-25T21:05:02.977Z","ask"
"1488.88","11","2024-05-25T21:05:02.977Z","ask"
"1489","0.15","2024-05-25T21:05:02.977Z","ask"
"1494","0.12","2024-05-25T21:05:02.977Z","ask"
"1499","3.012","2024-05-25T21:05:02.977Z","ask"
"1500","13.1","2024-05-25T21:05:02.977Z","ask"
"1555","1","2024-05-25T21:05:02.977Z","ask"
"1555.55","1.101","2024-05-25T21:05:02.977Z","ask"
"1572","0.884","2024-05-25T21:05:02.977Z","ask"
"1594","0.1","2024-05-25T21:05:02.977Z","ask"
"1596.3","0.357","2024-05-25T21:05:02.977Z","ask"
"1600","2.315","2024-05-25T21:05:02.977Z","ask"
"1623.99","15.746","2024-05-25T21:05:02.977Z","ask"
"1660","0.02","2024-05-25T21:05:02.977Z","ask"
"1667","1.724","2024-05-25T21:05:02.977Z","ask"
"1688.88","11.061","2024-05-25T21:05:02.977Z","ask"
"1689","0.14","2024-05-25T21:05:02.977Z","ask"
"1700","2.534","2024-05-25T21:05:02.977Z","ask"
"1716","1.53","2024-05-25T21:05:02.977Z","ask"
"1748","0.1","2024-05-25T21:05:02.977Z","ask"
"1787","0.25","2024-05-25T21:05:02.977Z","ask"
"1794","0.1","2024-05-25T21:05:02.977Z","ask"
"1800","1","2024-05-25T21:05:02.977Z","ask"
"1845","3.001","2024-05-25T21:05:02.977Z","ask"
"1850.57","0.357","2024-05-25T21:05:02.977Z","ask"
"1889","0.22","2024-05-25T21:05:02.977Z","ask"
"1900","1","2024-05-25T21:05:02.977Z","ask"
"1920","0.95","2024-05-25T21:05:02.977Z","ask"
"1948","0.3","2024-05-25T21:05:02.977Z","ask"
"1978","1","2024-05-25T21:05:02.977Z","ask"
"1985","1.328","2024-05-25T21:05:02.977Z","ask"
"1990","0.594","2024-05-25T21:05:02.977Z","ask"
"1997.15","0.357","2024-05-25T21:05:02.977Z","ask"
"2000","12.427","2024-05-25T21:05:02.977Z","ask"
"2105.2","0.3","2024-05-25T21:05:02.977Z","ask"
"2167.67","0.36","2024-05-25T21:05:02.977Z","ask"
"2190","27.766","2024-05-25T21:05:02.977Z","ask"
"2222","2.013","2024-05-25T21:05:02.977Z","ask"
"2300","0.413","2024-05-25T21:05:02.977Z","ask"
"2333","11","2024-05-25T21:05:02.977Z","ask"
"2340","0.065","2024-05-25T21:05:02.977Z","ask"
"2400","1","2024-05-25T21:05:02.977Z","ask"
"2472","3","2024-05-25T21:05:02.977Z","ask"
"2500","2.2","2024-05-25T21:05:02.977Z","ask"
"2730","0.065","2024-05-25T21:05:02.977Z","ask"
"2900","1","2024-05-25T21:05:02.977Z","ask"
"2979","0.257","2024-05-25T21:05:02.977Z","ask"
"3141","10.995","2024-05-25T21:05:02.977Z","ask"
"3333","0.999","2024-05-25T21:05:02.977Z","ask"
"3512.12","0.633","2024-05-25T21:05:02.977Z","ask"
"3840","0.94","2024-05-25T21:05:02.977Z","ask"
"3999","0.047","2024-05-25T21:05:02.977Z","ask"
"4398.89","0.025","2024-05-25T21:05:02.977Z","ask"
"4600","1","2024-05-25T21:05:02.977Z","ask"
"4985","1","2024-05-25T21:05:02.977Z","ask"
"5748","0.105","2024-05-25T21:05:02.977Z","ask"
"6000","1","2024-05-25T21:05:02.977Z","ask"
"7000","2","2024-05-25T21:05:02.977Z","ask"
"7370","0.021","2024-05-25T21:05:02.977Z","ask"
"7680","0.915","2024-05-25T21:05:02.977Z","ask"
"7985","1","2024-05-25T21:05:02.977Z","ask"
"9900","0.102","2024-05-25T21:05:02.977Z","ask"
"13090","0.856","2024-05-25T21:05:02.977Z","ask"
"21052","0.2","2024-05-25T21:05:02.977Z","ask"
"74370","0.02","2024-05-25T21:05:02.977Z","ask"
"79211","3.164","2024-05-25T21:05:02.977Z","ask"
"1660000","2","2024-05-25T21:05:02.977Z","ask"
"105.36","2.4","2024-05-25T21:05:02.977Z","bid"
"105.35","4.8","2024-05-25T21:05:02.977Z","bid"
"105.33","5.15","2024-05-25T21:05:02.977Z","bid"
"105.32","5.972","2024-05-25T21:05:02.977Z","bid"
"105.31","10.541","2024-05-25T21:05:02.977Z","bid"
"105.3","10.798","2024-05-25T21:05:02.977Z","bid"
"105.29","11.599","2024-05-25T21:05:02.977Z","bid"
"105.28","4.837","2024-05-25T21:05:02.977Z","bid"
"105.27","6.4","2024-05-25T21:05:02.977Z","bid"
"105.26","10.818","2024-05-25T21:05:02.977Z","bid"
"105.25","27.766","2024-05-25T21:05:02.977Z","bid"
"105.23","3.168","2024-05-25T21:05:02.977Z","bid"
"105.22","51.715","2024-05-25T21:05:02.977Z","bid"
"105.21","2.4","2024-05-25T21:05:02.977Z","bid"
"105.19","21.083","2024-05-25T21:05:02.977Z","bid"
"105.18","37.964","2024-05-25T21:05:02.977Z","bid"
"105.17","2.4","2024-05-25T21:05:02.977Z","bid"
"105.16","4.322","2024-05-25T21:05:02.977Z","bid"
"105.15","10.008","2024-05-25T21:05:02.977Z","bid"
"105.12","136.43","2024-05-25T21:05:02.977Z","bid"
"105.11","50.534","2024-05-25T21:05:02.977Z","bid"
"105.09","2.4","2024-05-25T21:05:02.977Z","bid"
"105.08","0.285","2024-05-25T21:05:02.977Z","bid"
"105.06","4.289","2024-05-25T21:05:02.977Z","bid"
"105.05","2.4","2024-05-25T21:05:02.977Z","bid"
"105.04","58.116","2024-05-25T21:05:02.977Z","bid"
"105.03","2.4","2024-05-25T21:05:02.977Z","bid"
"105.01","13.826","2024-05-25T21:05:02.977Z","bid"
"105","0.236","2024-05-25T21:05:02.977Z","bid"
"104.97","2.4","2024-05-25T21:05:02.977Z","bid"
"104.96","76.254","2024-05-25T21:05:02.977Z","bid"
"104.95","2.4","2024-05-25T21:05:02.977Z","bid"
"104.88","35.274","2024-05-25T21:05:02.977Z","bid"
"104.87","2.4","2024-05-25T21:05:02.977Z","bid"
"104.86","129.16","2024-05-25T21:05:02.977Z","bid"
"104.85","2.43","2024-05-25T21:05:02.977Z","bid"
"104.84","0.095","2024-05-25T21:05:02.977Z","bid"
"104.81","2.4","2024-05-25T21:05:02.977Z","bid"
"104.77","0.249","2024-05-25T21:05:02.977Z","bid"
"104.75","2.4","2024-05-25T21:05:02.977Z","bid"
"104.73","137","2024-05-25T21:05:02.977Z","bid"
"104.71","2.4","2024-05-25T21:05:02.977Z","bid"
"104.68","76.418","2024-05-25T21:05:02.977Z","bid"
"104.67","2.4","2024-05-25T21:05:02.977Z","bid"
"104.63","10.722","2024-05-25T21:05:02.977Z","bid"
"104.6","1.893","2024-05-25T21:05:02.977Z","bid"
"104.57","2.4","2024-05-25T21:05:02.977Z","bid"
"104.56","50.534","2024-05-25T21:05:02.977Z","bid"
"104.49","2.4","2024-05-25T21:05:02.977Z","bid"
"104.47","2.4","2024-05-25T21:05:02.977Z","bid"
"104.45","1.915","2024-05-25T21:05:02.977Z","bid"
"104.42","1.915","2024-05-25T21:05:02.977Z","bid"
"104.38","12.866","2024-05-25T21:05:02.977Z","bid"
"104.36","5.301","2024-05-25T21:05:02.978Z","bid"
"104.35","0.506","2024-05-25T21:05:02.978Z","bid"
"104.29","545.714","2024-05-25T21:05:02.978Z","bid"
"104.28","25.366","2024-05-25T21:05:02.978Z","bid"
"104.25","0.25","2024-05-25T21:05:02.978Z","bid"
"104.1","0.03","2024-05-25T21:05:02.978Z","bid"
"104.09","0.001","2024-05-25T21:05:02.978Z","bid"
"104.01","10.493","2024-05-25T21:05:02.978Z","bid"
"104","5.754","2024-05-25T21:05:02.978Z","bid"
"103.94","0.233","2024-05-25T21:05:02.978Z","bid"
"103.92","2.887","2024-05-25T21:05:02.978Z","bid"
"103.88","2.888","2024-05-25T21:05:02.978Z","bid"
"103.82","22.968","2024-05-25T21:05:02.978Z","bid"
"103.81","0.506","2024-05-25T21:05:02.978Z","bid"
"103.79","5.781","2024-05-25T21:05:02.978Z","bid"
"103.78","0.674","2024-05-25T21:05:02.978Z","bid"
"103.73","0.252","2024-05-25T21:05:02.978Z","bid"
"103.71","0.405","2024-05-25T21:05:02.978Z","bid"
"103.69","2320.009","2024-05-25T21:05:02.978Z","bid"
"103.66","9.646","2024-05-25T21:05:02.978Z","bid"
"103.64","0.03","2024-05-25T21:05:02.978Z","bid"
"103.61","0.065","2024-05-25T21:05:02.978Z","bid"
"103.6","25.366","2024-05-25T21:05:02.978Z","bid"
"103.53","9.7","2024-05-25T21:05:02.978Z","bid"
"103.5","0.626","2024-05-25T21:05:02.978Z","bid"
"103.49","0.178","2024-05-25T21:05:02.978Z","bid"
"103.36","12.775","2024-05-25T21:05:02.978Z","bid"
"103.3","0.097","2024-05-25T21:05:02.978Z","bid"
"103.26","0.506","2024-05-25T21:05:02.978Z","bid"
"103.21","0.253","2024-05-25T21:05:02.978Z","bid"
"103.04","38.557","2024-05-25T21:05:02.978Z","bid"
"103","14.543","2024-05-25T21:05:02.978Z","bid"
"102.83","1.49","2024-05-25T21:05:02.978Z","bid"
"102.78","0.137","2024-05-25T21:05:02.978Z","bid"
"102.77","1.594","2024-05-25T21:05:02.978Z","bid"
"102.71","0.75","2024-05-25T21:05:02.978Z","bid"
"102.69","0.254","2024-05-25T21:05:02.978Z","bid"
"102.5","2.503","2024-05-25T21:05:02.978Z","bid"
"102.47","0.21","2024-05-25T21:05:02.978Z","bid"
"102.43","6.024","2024-05-25T21:05:02.978Z","bid"
"102.42","0.03","2024-05-25T21:05:02.978Z","bid"
"102.37","0.173","2024-05-25T21:05:02.978Z","bid"
"102.3","12.775","2024-05-25T21:05:02.978Z","bid"
"102.18","0.266","2024-05-25T21:05:02.978Z","bid"
"102.16","0.506","2024-05-25T21:05:02.978Z","bid"
"102.13","0.049","2024-05-25T21:05:02.978Z","bid"
"102.09","0.486","2024-05-25T21:05:02.978Z","bid"
"102","11.338","2024-05-25T21:05:02.978Z","bid"
"101.99","0.296","2024-05-25T21:05:02.978Z","bid"
"101.98","0.297","2024-05-25T21:05:02.978Z","bid"
"101.96","0.294","2024-05-25T21:05:02.978Z","bid"
"101.91","0.541","2024-05-25T21:05:02.978Z","bid"
"101.85","0.981","2024-05-25T21:05:02.978Z","bid"
"101.84","0.239","2024-05-25T21:05:02.978Z","bid"
"101.82","0.325","2024-05-25T21:05:02.978Z","bid"
"101.81","74","2024-05-25T21:05:02.978Z","bid"
"101.76","0.19","2024-05-25T21:05:02.978Z","bid"
"101.69","14.363","2024-05-25T21:05:02.978Z","bid"
"101.67","0.257","2024-05-25T21:05:02.978Z","bid"
"101.65","0.246","2024-05-25T21:05:02.978Z","bid"
"101.62","0.506","2024-05-25T21:05:02.978Z","bid"
"101.59","0.8","2024-05-25T21:05:02.978Z","bid"
"101.55","36.103","2024-05-25T21:05:02.978Z","bid"
"101.54","0.435","2024-05-25T21:05:02.978Z","bid"
"101.41","1","2024-05-25T21:05:02.978Z","bid"
"101.32","1.513","2024-05-25T21:05:02.978Z","bid"
"101.21","0.03","2024-05-25T21:05:02.978Z","bid"
"101.16","0.258","2024-05-25T21:05:02.978Z","bid"
"101.14","14.83","2024-05-25T21:05:02.978Z","bid"
"101.07","0.506","2024-05-25T21:05:02.978Z","bid"
"101.01","0.169","2024-05-25T21:05:02.978Z","bid"
"100.92","2.447","2024-05-25T21:05:02.978Z","bid"
"100.9","0.142","2024-05-25T21:05:02.978Z","bid"
"100.87","12.89","2024-05-25T21:05:02.978Z","bid"
"100.75","0.694","2024-05-25T21:05:02.978Z","bid"
"100.7","0.989","2024-05-25T21:05:02.978Z","bid"
"100.66","0.259","2024-05-25T21:05:02.978Z","bid"
"100.61","1.532","2024-05-25T21:05:02.978Z","bid"
"100.6","1","2024-05-25T21:05:02.978Z","bid"
"100.58","0.074","2024-05-25T21:05:02.978Z","bid"
"100.52","0.506","2024-05-25T21:05:02.978Z","bid"
"100.48","33.74","2024-05-25T21:05:02.978Z","bid"
"100.3","0.374","2024-05-25T21:05:02.978Z","bid"
"100.17","0.01","2024-05-25T21:05:02.978Z","bid"
"100.15","0.261","2024-05-25T21:05:02.978Z","bid"
"100.02","0.188","2024-05-25T21:05:02.978Z","bid"
"100","57.63","2024-05-25T21:05:02.978Z","bid"
"99.99","2.5","2024-05-25T21:05:02.978Z","bid"
"99.97","0.506","2024-05-25T21:05:02.978Z","bid"
"99.96","0.049","2024-05-25T21:05:02.978Z","bid"
"99.91","0.589","2024-05-25T21:05:02.978Z","bid"
"99.89","1","2024-05-25T21:05:02.978Z","bid"
"99.83","1.535","2024-05-25T21:05:02.978Z","bid"
"99.67","3","2024-05-25T21:05:02.978Z","bid"
"99.65","0.463","2024-05-25T21:05:02.978Z","bid"
"99.43","0.506","2024-05-25T21:05:02.978Z","bid"
"99.35","0.245","2024-05-25T21:05:02.978Z","bid"
"99.31","0.422","2024-05-25T21:05:02.978Z","bid"
"99.23","0.304","2024-05-25T21:05:02.978Z","bid"
"99.16","0.263","2024-05-25T21:05:02.978Z","bid"
"99.1","6.56","2024-05-25T21:05:02.978Z","bid"
"98.88","1.517","2024-05-25T21:05:02.978Z","bid"
"98.77","3.612","2024-05-25T21:05:02.978Z","bid"
"98.66","0.265","2024-05-25T21:05:02.978Z","bid"
"98.45","0.378","2024-05-25T21:05:02.978Z","bid"
"98.44","159","2024-05-25T21:05:02.978Z","bid"
"98.36","1.558","2024-05-25T21:05:02.978Z","bid"
"98.33","0.506","2024-05-25T21:05:02.978Z","bid"
"98.21","0.01","2024-05-25T21:05:02.978Z","bid"
"98.2","300","2024-05-25T21:05:02.978Z","bid"
"98.17","0.266","2024-05-25T21:05:02.978Z","bid"
"97.81","0.715","2024-05-25T21:05:02.978Z","bid"
"97.78","0.506","2024-05-25T21:05:02.978Z","bid"
"97.68","0.267","2024-05-25T21:05:02.978Z","bid"
"97.6","1.2","2024-05-25T21:05:02.978Z","bid"
"97.55","0.205","2024-05-25T21:05:02.978Z","bid"
"97.53","13.33","2024-05-25T21:05:02.978Z","bid"
"97.52","0.21","2024-05-25T21:05:02.978Z","bid"
"97.46","0.604","2024-05-25T21:05:02.978Z","bid"
"97.31","5.65","2024-05-25T21:05:02.978Z","bid"
"97.29","0.381","2024-05-25T21:05:02.978Z","bid"
"97.24","0.506","2024-05-25T21:05:02.978Z","bid"
"97.19","0.269","2024-05-25T21:05:02.978Z","bid"
"96.99","0.388","2024-05-25T21:05:02.978Z","bid"
"96.97","0.309","2024-05-25T21:05:02.978Z","bid"
"96.92","1.581","2024-05-25T21:05:02.978Z","bid"
"96.91","0.251","2024-05-25T21:05:02.978Z","bid"
"96.85","0.175","2024-05-25T21:05:02.978Z","bid"
"96.84","14.46","2024-05-25T21:05:02.978Z","bid"
"96.73","1.033","2024-05-25T21:05:02.978Z","bid"
"96.7","0.27","2024-05-25T21:05:02.978Z","bid"
"96.69","0.506","2024-05-25T21:05:02.978Z","bid"
"96.54","0.312","2024-05-25T21:05:02.978Z","bid"
"96.46","37.52","2024-05-25T21:05:02.978Z","bid"
"96.42","5","2024-05-25T21:05:02.978Z","bid"
"96.28","0.01","2024-05-25T21:05:02.978Z","bid"
"96.22","0.271","2024-05-25T21:05:02.978Z","bid"
"96.21","1","2024-05-25T21:05:02.978Z","bid"
"96.19","0.518","2024-05-25T21:05:02.978Z","bid"
"96.14","0.506","2024-05-25T21:05:02.978Z","bid"
"96","47.768","2024-05-25T21:05:02.978Z","bid"
"95.85","3.106","2024-05-25T21:05:02.978Z","bid"
"95.81","0.371","2024-05-25T21:05:02.978Z","bid"
"95.78","0.371","2024-05-25T21:05:02.978Z","bid"
"95.74","0.273","2024-05-25T21:05:02.978Z","bid"
"95.59","0.506","2024-05-25T21:05:02.978Z","bid"
"95.5","1.605","2024-05-25T21:05:02.978Z","bid"
"95.41","0.355","2024-05-25T21:05:02.978Z","bid"
"95.4","2525.479","2024-05-25T21:05:02.978Z","bid"
"95.3","4.989","2024-05-25T21:05:02.978Z","bid"
"95.26","0.274","2024-05-25T21:05:02.978Z","bid"
"95.14","7.36","2024-05-25T21:05:02.978Z","bid"
"95.07","0.619","2024-05-25T21:05:02.978Z","bid"
"95.05","0.506","2024-05-25T21:05:02.978Z","bid"
"95.04","0.316","2024-05-25T21:05:02.978Z","bid"
"95","10.77","2024-05-25T21:05:02.978Z","bid"
"94.95","0.224","2024-05-25T21:05:02.978Z","bid"
"94.86","64","2024-05-25T21:05:02.978Z","bid"
"94.79","0.276","2024-05-25T21:05:02.978Z","bid"
"94.53","0.257","2024-05-25T21:05:02.978Z","bid"
"94.5","1.006","2024-05-25T21:05:02.978Z","bid"
"94.44","0.075","2024-05-25T21:05:02.978Z","bid"
"94.35","0.01","2024-05-25T21:05:02.978Z","bid"
"94.31","0.277","2024-05-25T21:05:02.978Z","bid"
"94.3","0.079","2024-05-25T21:05:02.978Z","bid"
"94.19","1","2024-05-25T21:05:02.978Z","bid"
"94.11","1.628","2024-05-25T21:05:02.978Z","bid"
"94.09","0.319","2024-05-25T21:05:02.978Z","bid"
"94.01","0.085","2024-05-25T21:05:02.978Z","bid"
"94","2.089","2024-05-25T21:05:02.978Z","bid"
"93.95","0.506","2024-05-25T21:05:02.978Z","bid"
"93.92","0.321","2024-05-25T21:05:02.978Z","bid"
"93.84","0.278","2024-05-25T21:05:02.978Z","bid"
"93.55","14.98","2024-05-25T21:05:02.978Z","bid"
"93.4","0.506","2024-05-25T21:05:02.978Z","bid"
"93.37","0.28","2024-05-25T21:05:02.978Z","bid"
"93.2","1.072","2024-05-25T21:05:02.978Z","bid"
"93.16","140","2024-05-25T21:05:02.978Z","bid"
"93.15","3.005","2024-05-25T21:05:02.978Z","bid"
"93","8.47","2024-05-25T21:05:02.978Z","bid"
"92.91","0.281","2024-05-25T21:05:02.978Z","bid"
"92.86","0.506","2024-05-25T21:05:02.978Z","bid"
"92.81","0.21","2024-05-25T21:05:02.978Z","bid"
"92.73","2.288","2024-05-25T21:05:02.978Z","bid"
"92.59","0.1","2024-05-25T21:05:02.978Z","bid"
"92.44","0.283","2024-05-25T21:05:02.978Z","bid"
"92.35","3.224","2024-05-25T21:05:02.978Z","bid"
"92.31","0.506","2024-05-25T21:05:02.978Z","bid"
"92.26","9.754","2024-05-25T21:05:02.978Z","bid"
"92.23","0.246","2024-05-25T21:05:02.978Z","bid"
"92.22","0.325","2024-05-25T21:05:02.978Z","bid"
"92.21","0.264","2024-05-25T21:05:02.978Z","bid"
"92.2","300","2024-05-25T21:05:02.978Z","bid"
"92","28.133","2024-05-25T21:05:02.978Z","bid"
"91.98","0.284","2024-05-25T21:05:02.978Z","bid"
"91.76","0.506","2024-05-25T21:05:02.978Z","bid"
"91.52","0.285","2024-05-25T21:05:02.978Z","bid"
"91.46","7","2024-05-25T21:05:02.978Z","bid"
"91.41","0.6","2024-05-25T21:05:02.978Z","bid"
"91.38","0.33","2024-05-25T21:05:02.978Z","bid"
"91.37","1.677","2024-05-25T21:05:02.978Z","bid"
"91.33","3","2024-05-25T21:05:02.978Z","bid"
"91.3","0.328","2024-05-25T21:05:02.978Z","bid"
"91.22","0.506","2024-05-25T21:05:02.978Z","bid"
"91.2","1.088","2024-05-25T21:05:02.978Z","bid"
"91.12","0.01","2024-05-25T21:05:02.978Z","bid"
"91.09","5.007","2024-05-25T21:05:02.978Z","bid"
"91.07","0.287","2024-05-25T21:05:02.978Z","bid"
"91","12.909","2024-05-25T21:05:02.978Z","bid"
"90.78","0.103","2024-05-25T21:05:02.978Z","bid"
"90.67","33.586","2024-05-25T21:05:02.978Z","bid"
"90.61","0.288","2024-05-25T21:05:02.978Z","bid"
"90.57","186","2024-05-25T21:05:02.978Z","bid"
"90.48","1.105","2024-05-25T21:05:02.978Z","bid"
"90.45","0.651","2024-05-25T21:05:02.978Z","bid"
"90.4","8.246","2024-05-25T21:05:02.978Z","bid"
"90.39","0.332","2024-05-25T21:05:02.978Z","bid"
"90.25","2.1","2024-05-25T21:05:02.978Z","bid"
"90.22","11.08","2024-05-25T21:05:02.978Z","bid"
"90.16","0.29","2024-05-25T21:05:02.978Z","bid"
"90.12","0.506","2024-05-25T21:05:02.978Z","bid"
"90.03","1.702","2024-05-25T21:05:02.978Z","bid"
"90","13.608","2024-05-25T21:05:02.978Z","bid"
"89.95","0.27","2024-05-25T21:05:02.978Z","bid"
"89.71","0.291","2024-05-25T21:05:02.978Z","bid"
"89.57","0.506","2024-05-25T21:05:02.978Z","bid"
"89.48","0.335","2024-05-25T21:05:02.978Z","bid"
"89.44","0.155","2024-05-25T21:05:02.978Z","bid"
"89.26","0.293","2024-05-25T21:05:02.978Z","bid"
"89.03","0.506","2024-05-25T21:05:02.978Z","bid"
"89.02","1.123","2024-05-25T21:05:02.978Z","bid"
"89","1.21","2024-05-25T21:05:02.978Z","bid"
"88.91","0.555","2024-05-25T21:05:02.978Z","bid"
"88.9","4","2024-05-25T21:05:02.978Z","bid"
"88.81","0.294","2024-05-25T21:05:02.978Z","bid"
"88.71","1.728","2024-05-25T21:05:02.978Z","bid"
"88.59","0.339","2024-05-25T21:05:02.978Z","bid"
"88.48","0.506","2024-05-25T21:05:02.978Z","bid"
"88.45","0.011","2024-05-25T21:05:02.978Z","bid"
"88.37","0.296","2024-05-25T21:05:02.978Z","bid"
"88.33","0.21","2024-05-25T21:05:02.978Z","bid"
"88.23","0.667","2024-05-25T21:05:02.978Z","bid"
"88.14","0.05","2024-05-25T21:05:02.978Z","bid"
"88.13","2.852","2024-05-25T21:05:02.978Z","bid"
"88.02","8.34","2024-05-25T21:05:02.978Z","bid"
"88","8.4","2024-05-25T21:05:02.978Z","bid"
"87.93","0.803","2024-05-25T21:05:02.978Z","bid"
"87.84","1.138","2024-05-25T21:05:02.978Z","bid"
"87.75","0.277","2024-05-25T21:05:02.978Z","bid"
"87.7","0.342","2024-05-25T21:05:02.978Z","bid"
"87.5","1","2024-05-25T21:05:02.978Z","bid"
"87.49","0.299","2024-05-25T21:05:02.978Z","bid"
"87.43","2.7","2024-05-25T21:05:02.978Z","bid"
"87.41","1.753","2024-05-25T21:05:02.978Z","bid"
"87.38","0.506","2024-05-25T21:05:02.978Z","bid"
"87.35","6.831","2024-05-25T21:05:02.978Z","bid"
"87.27","81","2024-05-25T21:05:02.978Z","bid"
"87.05","0.3","2024-05-25T21:05:02.978Z","bid"
"86.84","0.506","2024-05-25T21:05:02.978Z","bid"
"86.83","0.345","2024-05-25T21:05:02.978Z","bid"
"86.78","127.428","2024-05-25T21:05:02.978Z","bid"
"86.65","0.217","2024-05-25T21:05:02.978Z","bid"
"86.62","0.302","2024-05-25T21:05:02.978Z","bid"
"86.51","0.349","2024-05-25T21:05:02.978Z","bid"
"86.29","0.506","2024-05-25T21:05:02.978Z","bid"
"86.19","0.303","2024-05-25T21:05:02.978Z","bid"
"86.13","1.779","2024-05-25T21:05:02.978Z","bid"
"86.07","0.684","2024-05-25T21:05:02.978Z","bid"
"86","2.665","2024-05-25T21:05:02.978Z","bid"
"85.96","0.349","2024-05-25T21:05:02.978Z","bid"
"85.86","150","2024-05-25T21:05:02.978Z","bid"
"85.83","23.173","2024-05-25T21:05:02.978Z","bid"
"85.76","0.305","2024-05-25T21:05:02.978Z","bid"
"85.74","0.506","2024-05-25T21:05:02.978Z","bid"
"85.73","11","2024-05-25T21:05:02.978Z","bid"
"85.59","0.284","2024-05-25T21:05:02.978Z","bid"
"85.57","0.06","2024-05-25T21:05:02.978Z","bid"
"85.33","0.306","2024-05-25T21:05:02.978Z","bid"
"85.28","1.172","2024-05-25T21:05:02.978Z","bid"
"85.23","0.586","2024-05-25T21:05:02.978Z","bid"
"85.19","0.506","2024-05-25T21:05:02.978Z","bid"
"85.15","0.011","2024-05-25T21:05:02.978Z","bid"
"85.1","0.352","2024-05-25T21:05:02.978Z","bid"
"85","50.235","2024-05-25T21:05:02.978Z","bid"
"84.9","0.308","2024-05-25T21:05:02.978Z","bid"
"84.87","1.806","2024-05-25T21:05:02.978Z","bid"
"84.65","0.506","2024-05-25T21:05:02.978Z","bid"
"84.61","3.914","2024-05-25T21:05:02.978Z","bid"
"84.48","0.309","2024-05-25T21:05:02.978Z","bid"
"84.25","0.356","2024-05-25T21:05:02.978Z","bid"
"84.17","1.539","2024-05-25T21:05:02.978Z","bid"
"84.1","0.506","2024-05-25T21:05:02.978Z","bid"
"84.06","0.521","2024-05-25T21:05:02.978Z","bid"
"84","11.845","2024-05-25T21:05:02.978Z","bid"
"83.95","0.701","2024-05-25T21:05:02.978Z","bid"
"83.69","0.4","2024-05-25T21:05:02.978Z","bid"
"83.63","1.833","2024-05-25T21:05:02.978Z","bid"
"83.55","0.506","2024-05-25T21:05:02.978Z","bid"
"83.49","0.291","2024-05-25T21:05:02.978Z","bid"
"83.42","38.36","2024-05-25T21:05:02.978Z","bid"
"83.41","0.36","2024-05-25T21:05:02.978Z","bid"
"83.32","20","2024-05-25T21:05:02.978Z","bid"
"83.3","0.6","2024-05-25T21:05:02.978Z","bid"
"83.25","4","2024-05-25T21:05:02.978Z","bid"
"83.08","0.04","2024-05-25T21:05:02.978Z","bid"
"83","12.556","2024-05-25T21:05:02.978Z","bid"
"82.88","0.09","2024-05-25T21:05:02.978Z","bid"
"82.79","1.207","2024-05-25T21:05:02.978Z","bid"
"82.57","0.363","2024-05-25T21:05:02.978Z","bid"
"82.5","0.303","2024-05-25T21:05:02.978Z","bid"
"82.46","0.506","2024-05-25T21:05:02.978Z","bid"
"82.41","1.86","2024-05-25T21:05:02.978Z","bid"
"82.37","0.15","2024-05-25T21:05:02.978Z","bid"
"82.01","0.606","2024-05-25T21:05:02.978Z","bid"
"82","3.224","2024-05-25T21:05:02.978Z","bid"
"81.95","0.012","2024-05-25T21:05:02.978Z","bid"
"81.91","0.506","2024-05-25T21:05:02.978Z","bid"
"81.89","1.087","2024-05-25T21:05:02.978Z","bid"
"81.75","0.367","2024-05-25T21:05:02.978Z","bid"
"81.51","222","2024-05-25T21:05:02.978Z","bid"
"81.45","0.298","2024-05-25T21:05:02.978Z","bid"
"81.36","0.506","2024-05-25T21:05:02.978Z","bid"
"81.29","1","2024-05-25T21:05:02.978Z","bid"
"81.28","11","2024-05-25T21:05:02.978Z","bid"
"81.17","1.799","2024-05-25T21:05:02.978Z","bid"
"81.12","16","2024-05-25T21:05:02.978Z","bid"
"81.1","1","2024-05-25T21:05:02.978Z","bid"
"81","13.934","2024-05-25T21:05:02.978Z","bid"
"80.93","0.371","2024-05-25T21:05:02.978Z","bid"
"80.88","1.5","2024-05-25T21:05:02.978Z","bid"
"80.85","0.25","2024-05-25T21:05:02.978Z","bid"
"80.81","0.506","2024-05-25T21:05:02.978Z","bid"
"80.66","0.025","2024-05-25T21:05:02.978Z","bid"
"80.62","0.617","2024-05-25T21:05:02.978Z","bid"
"80.53","1","2024-05-25T21:05:02.978Z","bid"
"80.39","4.119","2024-05-25T21:05:02.978Z","bid"
"80.37","1.244","2024-05-25T21:05:02.978Z","bid"
"80.27","0.506","2024-05-25T21:05:02.978Z","bid"
"80.12","0.374","2024-05-25T21:05:02.978Z","bid"
"80.09","0.422","2024-05-25T21:05:02.978Z","bid"
"80.01","2","2024-05-25T21:05:02.978Z","bid"
"80","37.295","2024-05-25T21:05:02.978Z","bid"
"79.99","0.045","2024-05-25T21:05:02.978Z","bid"
"79.9","1.917","2024-05-25T21:05:02.978Z","bid"
"79.89","41.311","2024-05-25T21:05:02.978Z","bid"
"79.88","0.737","2024-05-25T21:05:02.978Z","bid"
"79.79","1","2024-05-25T21:05:02.978Z","bid"
"79.78","2","2024-05-25T21:05:02.978Z","bid"
"79.72","0.506","2024-05-25T21:05:02.978Z","bid"
"79.68","0.379","2024-05-25T21:05:02.978Z","bid"
"79.5","125.283","2024-05-25T21:05:02.978Z","bid"
"79.45","0.306","2024-05-25T21:05:02.978Z","bid"
"79.32","0.378","2024-05-25T21:05:02.978Z","bid"
"79.17","0.506","2024-05-25T21:05:02.978Z","bid"
"79.07","1","2024-05-25T21:05:02.978Z","bid"
"79.05","0.7","2024-05-25T21:05:02.978Z","bid"
"79","35.385","2024-05-25T21:05:02.978Z","bid"
"78.92","1.267","2024-05-25T21:05:02.978Z","bid"
"78.88","3.775","2024-05-25T21:05:02.978Z","bid"
"78.62","0.506","2024-05-25T21:05:02.978Z","bid"
"78.55","3","2024-05-25T21:05:02.978Z","bid"
"78.53","0.382","2024-05-25T21:05:02.978Z","bid"
"78.31","0.015","2024-05-25T21:05:02.978Z","bid"
"78.25","3","2024-05-25T21:05:02.978Z","bid"
"78.2","98.018","2024-05-25T21:05:02.978Z","bid"
"78.12","5","2024-05-25T21:05:02.978Z","bid"
"78.08","0.506","2024-05-25T21:05:02.978Z","bid"
"78.05","0.012","2024-05-25T21:05:02.978Z","bid"
"78.02","1.281","2024-05-25T21:05:02.978Z","bid"
"78","16.376","2024-05-25T21:05:02.978Z","bid"
"77.97","1.026","2024-05-25T21:05:02.978Z","bid"
"77.94","0.012","2024-05-25T21:05:02.978Z","bid"
"77.92","0.756","2024-05-25T21:05:02.978Z","bid"
"77.77","0.766","2024-05-25T21:05:02.978Z","bid"
"77.75","0.386","2024-05-25T21:05:02.978Z","bid"
"77.71","0.319","2024-05-25T21:05:02.978Z","bid"
"77.7","0.096","2024-05-25T21:05:02.978Z","bid"
"77.64","1.143","2024-05-25T21:05:02.978Z","bid"
"77.55","6.384","2024-05-25T21:05:02.978Z","bid"
"77.53","0.506","2024-05-25T21:05:02.978Z","bid"
"77.5","17.372","2024-05-25T21:05:02.978Z","bid"
"77.44","0.4","2024-05-25T21:05:02.978Z","bid"
"77.31","0.102","2024-05-25T21:05:02.978Z","bid"
"77","54.961","2024-05-25T21:05:02.978Z","bid"
"76.97","1.39","2024-05-25T21:05:02.978Z","bid"
"76.79","0.038","2024-05-25T21:05:02.978Z","bid"
"76.73","6.516","2024-05-25T21:05:02.978Z","bid"
"76.67","0.064","2024-05-25T21:05:02.978Z","bid"
"76.55","5.699","2024-05-25T21:05:02.978Z","bid"
"76.2","1.05","2024-05-25T21:05:02.978Z","bid"
"76","204.775","2024-05-25T21:05:02.978Z","bid"
"75.86","0.262","2024-05-25T21:05:02.978Z","bid"
"75.74","1.32","2024-05-25T21:05:02.978Z","bid"
"75.6","0.322","2024-05-25T21:05:02.978Z","bid"
"75.5","3.302","2024-05-25T21:05:02.978Z","bid"
"75.47","4.5","2024-05-25T21:05:02.978Z","bid"
"75.44","0.398","2024-05-25T21:05:02.978Z","bid"
"75","133.592","2024-05-25T21:05:02.978Z","bid"
"74.95","1","2024-05-25T21:05:02.978Z","bid"
"74.82","0.079","2024-05-25T21:05:02.978Z","bid"
"74.74","0.997","2024-05-25T21:05:02.978Z","bid"
"74.68","0.402","2024-05-25T21:05:02.978Z","bid"
"74.56","1.333","2024-05-25T21:05:02.978Z","bid"
"74.55","5","2024-05-25T21:05:02.978Z","bid"
"74.15","0.335","2024-05-25T21:05:02.978Z","bid"
"74.14","0.794","2024-05-25T21:05:02.978Z","bid"
"74","15.431","2024-05-25T21:05:02.978Z","bid"
"73.94","0.406","2024-05-25T21:05:02.978Z","bid"
"73.75","0.804","2024-05-25T21:05:02.978Z","bid"
"73.69","0.013","2024-05-25T21:05:02.978Z","bid"
"73.53","1.359","2024-05-25T21:05:02.978Z","bid"
"73.47","0.34","2024-05-25T21:05:02.978Z","bid"
"73.43","0.681","2024-05-25T21:05:02.978Z","bid"
"73.33","1.356","2024-05-25T21:05:02.978Z","bid"
"73.29","0.108","2024-05-25T21:05:02.978Z","bid"
"73.24","0.02","2024-05-25T21:05:02.978Z","bid"
"73.2","0.41","2024-05-25T21:05:02.978Z","bid"
"73.13","4.102","2024-05-25T21:05:02.978Z","bid"
"73.1","3.34","2024-05-25T21:05:02.978Z","bid"
"73","96.456","2024-05-25T21:05:02.978Z","bid"
"72.98","67.535","2024-05-25T21:05:02.978Z","bid"
"72.93","4.54","2024-05-25T21:05:02.978Z","bid"
"72.84","0.102","2024-05-25T21:05:02.978Z","bid"
"72.77","0.341","2024-05-25T21:05:02.978Z","bid"
"72.74","5.4","2024-05-25T21:05:02.978Z","bid"
"72.69","4.116","2024-05-25T21:05:02.978Z","bid"
"72.64","1.955","2024-05-25T21:05:02.978Z","bid"
"72.63","0.068","2024-05-25T21:05:02.978Z","bid"
"72.55","5","2024-05-25T21:05:02.978Z","bid"
"72.5","5","2024-05-25T21:05:02.978Z","bid"
"72.47","0.414","2024-05-25T21:05:02.978Z","bid"
"72.43","2.5","2024-05-25T21:05:02.978Z","bid"
"72.35","0.343","2024-05-25T21:05:02.978Z","bid"
"72.32","0.814","2024-05-25T21:05:02.978Z","bid"
"72.31","7.296","2024-05-25T21:05:02.978Z","bid"
"72.29","0.343","2024-05-25T21:05:02.978Z","bid"
"72.23","1.407","2024-05-25T21:05:02.978Z","bid"
"72.21","5.512","2024-05-25T21:05:02.978Z","bid"
"72.07","0.137","2024-05-25T21:05:02.978Z","bid"
"72","29.747","2024-05-25T21:05:02.978Z","bid"
"71.94","0.338","2024-05-25T21:05:02.978Z","bid"
"71.93","0.695","2024-05-25T21:05:02.978Z","bid"
"71.74","0.418","2024-05-25T21:05:02.978Z","bid"
"71.38","1.4","2024-05-25T21:05:02.978Z","bid"
"71.03","0.422","2024-05-25T21:05:02.978Z","bid"
"71","11.883","2024-05-25T21:05:02.978Z","bid"
"70.79","5.924","2024-05-25T21:05:02.978Z","bid"
"70.54","0.835","2024-05-25T21:05:02.978Z","bid"
"70.32","0.427","2024-05-25T21:05:02.978Z","bid"
"70.26","10","2024-05-25T21:05:02.978Z","bid"
"70.17","0.346","2024-05-25T21:05:02.978Z","bid"
"70.1","1.413","2024-05-25T21:05:02.978Z","bid"
"70","154.83","2024-05-25T21:05:02.978Z","bid"
"69.61","0.431","2024-05-25T21:05:02.978Z","bid"
"69.55","5","2024-05-25T21:05:02.978Z","bid"
"69.41","2","2024-05-25T21:05:02.978Z","bid"
"68.99","10.2","2024-05-25T21:05:02.978Z","bid"
"68.92","0.435","2024-05-25T21:05:02.978Z","bid"
"68.88","7.259","2024-05-25T21:05:02.978Z","bid"
"68.81","0.856","2024-05-25T21:05:02.978Z","bid"
"68.69","10","2024-05-25T21:05:02.978Z","bid"
"68.45","0.355","2024-05-25T21:05:02.978Z","bid"
"68.23","0.44","2024-05-25T21:05:02.978Z","bid"
"68.11","0.11","2024-05-25T21:05:02.978Z","bid"
"68","19.719","2024-05-25T21:05:02.978Z","bid"
"67.55","0.444","2024-05-25T21:05:02.978Z","bid"
"67.5","8.279","2024-05-25T21:05:02.978Z","bid"
"67.12","0.877","2024-05-25T21:05:02.978Z","bid"
"67","20.746","2024-05-25T21:05:02.978Z","bid"
"66.93","1.041","2024-05-25T21:05:02.978Z","bid"
"66.87","0.449","2024-05-25T21:05:02.978Z","bid"
"66.8","1.488","2024-05-25T21:05:02.978Z","bid"
"66.77","0.364","2024-05-25T21:05:02.978Z","bid"
"66.68","1.499","2024-05-25T21:05:02.978Z","bid"
"66.66","5.071","2024-05-25T21:05:02.978Z","bid"
"66.6","0.03","2024-05-25T21:05:02.978Z","bid"
"66.58","2.5","2024-05-25T21:05:02.978Z","bid"
"66.21","0.453","2024-05-25T21:05:02.978Z","bid"
"66","2.253","2024-05-25T21:05:02.978Z","bid"
"65.9","2.853","2024-05-25T21:05:02.978Z","bid"
"65.77","10","2024-05-25T21:05:02.978Z","bid"
"65.76","10.8","2024-05-25T21:05:02.978Z","bid"
"65.75","15","2024-05-25T21:05:02.978Z","bid"
"65.62","2","2024-05-25T21:05:02.978Z","bid"
"65.57","2.829","2024-05-25T21:05:02.978Z","bid"
"65.54","0.458","2024-05-25T21:05:02.978Z","bid"
"65.52","5","2024-05-25T21:05:02.978Z","bid"
"65.47","0.9","2024-05-25T21:05:02.978Z","bid"
"65.24","0.057","2024-05-25T21:05:02.978Z","bid"
"65.13","0.373","2024-05-25T21:05:02.978Z","bid"
"65","531.391","2024-05-25T21:05:02.978Z","bid"
"64.89","0.462","2024-05-25T21:05:02.978Z","bid"
"64.72","1.7","2024-05-25T21:05:02.978Z","bid"
"64.24","0.467","2024-05-25T21:05:02.978Z","bid"
"64.2","1.543","2024-05-25T21:05:02.978Z","bid"
"64","0.442","2024-05-25T21:05:02.978Z","bid"
"63.86","0.922","2024-05-25T21:05:02.978Z","bid"
"63.68","0.117","2024-05-25T21:05:02.978Z","bid"
"63.6","0.472","2024-05-25T21:05:02.978Z","bid"
"63.54","0.383","2024-05-25T21:05:02.978Z","bid"
"63","38.097","2024-05-25T21:05:02.978Z","bid"
"62.96","0.477","2024-05-25T21:05:02.978Z","bid"
"62.33","0.481","2024-05-25T21:05:02.978Z","bid"
"62.3","0.945","2024-05-25T21:05:02.978Z","bid"
"62.2","5","2024-05-25T21:05:02.978Z","bid"
"62","0.16","2024-05-25T21:05:02.978Z","bid"
"61.99","0.401","2024-05-25T21:05:02.978Z","bid"
"61.98","0.392","2024-05-25T21:05:02.978Z","bid"
"61.88","1133.865","2024-05-25T21:05:02.978Z","bid"
"61.71","0.486","2024-05-25T21:05:02.978Z","bid"
"61.26","4.298","2024-05-25T21:05:02.978Z","bid"
"61.09","0.491","2024-05-25T21:05:02.978Z","bid"
"61.04","1.219","2024-05-25T21:05:02.978Z","bid"
"61","2.814","2024-05-25T21:05:02.978Z","bid"
"60.77","0.969","2024-05-25T21:05:02.978Z","bid"
"60.48","0.496","2024-05-25T21:05:02.978Z","bid"
"60.46","0.402","2024-05-25T21:05:02.978Z","bid"
"60.05","3.33","2024-05-25T21:05:02.978Z","bid"
"60","21.331","2024-05-25T21:05:02.978Z","bid"
"59.88","0.501","2024-05-25T21:05:02.978Z","bid"
"59.82","1.661","2024-05-25T21:05:02.978Z","bid"
"59.77","0.167","2024-05-25T21:05:02.978Z","bid"
"59.54","0.125","2024-05-25T21:05:02.978Z","bid"
"59.5","25.071","2024-05-25T21:05:02.978Z","bid"
"59.28","0.506","2024-05-25T21:05:02.978Z","bid"
"59.27","0.994","2024-05-25T21:05:02.978Z","bid"
"59","5.066","2024-05-25T21:05:02.978Z","bid"
"58.98","0.412","2024-05-25T21:05:02.978Z","bid"
"58.69","0.511","2024-05-25T21:05:02.978Z","bid"
"58.55","4","2024-05-25T21:05:02.978Z","bid"
"58.17","0.064","2024-05-25T21:05:02.978Z","bid"
"58.1","0.516","2024-05-25T21:05:02.979Z","bid"
"58","0.067","2024-05-25T21:05:02.979Z","bid"
"57.82","1.019","2024-05-25T21:05:02.979Z","bid"
"57.76","1.1","2024-05-25T21:05:02.979Z","bid"
"57.7","2.816","2024-05-25T21:05:02.979Z","bid"
"57.53","0.423","2024-05-25T21:05:02.979Z","bid"
"57.52","0.522","2024-05-25T21:05:02.979Z","bid"
"56.96","3.143","2024-05-25T21:05:02.979Z","bid"
"56.95","0.527","2024-05-25T21:05:02.979Z","bid"
"56.71","0.953","2024-05-25T21:05:02.979Z","bid"
"56.69","0.182","2024-05-25T21:05:02.979Z","bid"
"56.4","1.044","2024-05-25T21:05:02.979Z","bid"
"56.2","3","2024-05-25T21:05:02.979Z","bid"
"56.12","0.433","2024-05-25T21:05:02.979Z","bid"
"56","6.069","2024-05-25T21:05:02.979Z","bid"
"55.67","0.134","2024-05-25T21:05:02.979Z","bid"
"55.2","0.45","2024-05-25T21:05:02.979Z","bid"
"55.01","1.071","2024-05-25T21:05:02.979Z","bid"
"55","20.534","2024-05-25T21:05:02.979Z","bid"
"54.74","0.444","2024-05-25T21:05:02.979Z","bid"
"54.27","0.183","2024-05-25T21:05:02.979Z","bid"
"53.66","1.098","2024-05-25T21:05:02.979Z","bid"
"53.48","2","2024-05-25T21:05:02.979Z","bid"
"53.4","0.455","2024-05-25T21:05:02.979Z","bid"
"53.33","3.75","2024-05-25T21:05:02.979Z","bid"
"52.34","1.125","2024-05-25T21:05:02.979Z","bid"
"52.2","1.898","2024-05-25T21:05:02.979Z","bid"
"52.09","0.467","2024-05-25T21:05:02.979Z","bid"
"52.05","0.144","2024-05-25T21:05:02.979Z","bid"
"52","2.884","2024-05-25T21:05:02.979Z","bid"
"51.91","38.431","2024-05-25T21:05:02.979Z","bid"
"51.76","0.34","2024-05-25T21:05:02.979Z","bid"
"51.17","0.2","2024-05-25T21:05:02.979Z","bid"
"51.15","1.2","2024-05-25T21:05:02.979Z","bid"
