"price","volume","timestamp","type"
"2.9162","35","2024-05-27T19:11:50.929Z","bid"
"2.9083","8.6","2024-05-27T19:11:50.929Z","bid"
"2.9075","3.6","2024-05-27T19:11:50.929Z","bid"
"2.9","1768.7","2024-05-27T19:11:50.929Z","bid"
"2.8969","122.3","2024-05-27T19:11:50.929Z","bid"
"2.8929","22.1","2024-05-27T19:11:50.929Z","bid"
"2.8921","3.6","2024-05-27T19:11:50.929Z","bid"
"2.8907","50.8","2024-05-27T19:11:50.929Z","bid"
"2.885","1.2","2024-05-27T19:11:50.929Z","bid"
"2.88","160","2024-05-27T19:11:50.929Z","bid"
"2.8768","3.6","2024-05-27T19:11:50.929Z","bid"
"2.8747","47.6","2024-05-27T19:11:50.929Z","bid"
"2.8714","10.3","2024-05-27T19:11:50.929Z","bid"
"2.8706","9.1","2024-05-27T19:11:50.929Z","bid"
"2.8666","3.4","2024-05-27T19:11:50.929Z","bid"
"2.8656","33","2024-05-27T19:11:50.929Z","bid"
"2.8655","8.7","2024-05-27T19:11:50.929Z","bid"
"2.8615","3.6","2024-05-27T19:11:50.929Z","bid"
"2.854","124.1","2024-05-27T19:11:50.929Z","bid"
"2.8503","22.5","2024-05-27T19:11:50.929Z","bid"
"2.85","358.1","2024-05-27T19:11:50.929Z","bid"
"2.8472","50.8","2024-05-27T19:11:50.929Z","bid"
"2.8463","3.6","2024-05-27T19:11:50.929Z","bid"
"2.8461","35.8","2024-05-27T19:11:50.929Z","bid"
"2.8312","3.7","2024-05-27T19:11:50.929Z","bid"
"2.8234","8.9","2024-05-27T19:11:50.929Z","bid"
"2.8162","3.7","2024-05-27T19:11:50.929Z","bid"
"2.8144","9.3","2024-05-27T19:11:50.929Z","bid"
"2.8117","126","2024-05-27T19:11:50.929Z","bid"
"2.8083","26.3","2024-05-27T19:11:50.929Z","bid"
"2.8071","35.6","2024-05-27T19:11:50.929Z","bid"
"2.8013","14.3","2024-05-27T19:11:50.929Z","bid"
"2.8","99.5","2024-05-27T19:11:50.929Z","bid"
"2.7945","5.7","2024-05-27T19:11:50.929Z","bid"
"2.7906","98.8","2024-05-27T19:11:50.929Z","bid"
"2.7819","9","2024-05-27T19:11:50.929Z","bid"
"2.78","17.8","2024-05-27T19:11:50.929Z","bid"
"2.7776","36.7","2024-05-27T19:11:50.929Z","bid"
"2.77","127.9","2024-05-27T19:11:50.929Z","bid"
"2.7669","23.1","2024-05-27T19:11:50.929Z","bid"
"2.7634","1.9","2024-05-27T19:11:50.929Z","bid"
"2.76","159.9","2024-05-27T19:11:50.929Z","bid"
"2.7593","9.5","2024-05-27T19:11:50.929Z","bid"
"2.75","110.8","2024-05-27T19:11:50.929Z","bid"
"2.742","29.4","2024-05-27T19:11:50.929Z","bid"
"2.741","9.1","2024-05-27T19:11:50.929Z","bid"
"2.7329","10.9","2024-05-27T19:11:50.929Z","bid"
"2.729","129.8","2024-05-27T19:11:50.929Z","bid"
"2.7261","23.5","2024-05-27T19:11:50.929Z","bid"
"2.7168","1.8","2024-05-27T19:11:50.929Z","bid"
"2.7108","37.6","2024-05-27T19:11:50.929Z","bid"
"2.71","140.6","2024-05-27T19:11:50.929Z","bid"
"2.7052","9.7","2024-05-27T19:11:50.929Z","bid"
"2.7007","9.3","2024-05-27T19:11:50.929Z","bid"
"2.7","388.4","2024-05-27T19:11:50.929Z","bid"
"2.6886","131.7","2024-05-27T19:11:50.929Z","bid"
"2.6859","23.8","2024-05-27T19:11:50.929Z","bid"
"2.68","206","2024-05-27T19:11:50.929Z","bid"
"2.67","224.7","2024-05-27T19:11:50.929Z","bid"
"2.6662","11.1","2024-05-27T19:11:50.929Z","bid"
"2.661","9.4","2024-05-27T19:11:50.929Z","bid"
"2.6609","3.7","2024-05-27T19:11:50.929Z","bid"
"2.66","274.4","2024-05-27T19:11:50.929Z","bid"
"2.6548","6.1","2024-05-27T19:11:50.929Z","bid"
"2.6522","9.9","2024-05-27T19:11:50.929Z","bid"
"2.65","0.7","2024-05-27T19:11:50.929Z","bid"
"2.6463","24.2","2024-05-27T19:11:50.929Z","bid"
"2.6456","38.6","2024-05-27T19:11:50.929Z","bid"
"2.6442","9.4","2024-05-27T19:11:50.929Z","bid"
"2.6219","9.6","2024-05-27T19:11:50.929Z","bid"
"2.6073","24.6","2024-05-27T19:11:50.929Z","bid"
"2.6069","5","2024-05-27T19:11:50.929Z","bid"
"2.6011","11.4","2024-05-27T19:11:50.929Z","bid"
"2.6003","10.1","2024-05-27T19:11:50.929Z","bid"
"2.6","38.4","2024-05-27T19:11:50.929Z","bid"
"2.5978","2.1","2024-05-27T19:11:50.929Z","bid"
"2.5833","9.7","2024-05-27T19:11:50.929Z","bid"
"2.582","39.5","2024-05-27T19:11:50.929Z","bid"
"2.58","46.5","2024-05-27T19:11:50.929Z","bid"
"2.57","25.9","2024-05-27T19:11:50.929Z","bid"
"2.5689","24.9","2024-05-27T19:11:50.929Z","bid"
"2.5494","10.3","2024-05-27T19:11:50.929Z","bid"
"2.5453","9.8","2024-05-27T19:11:50.929Z","bid"
"2.5376","11.7","2024-05-27T19:11:50.929Z","bid"
"2.531","25.3","2024-05-27T19:11:50.929Z","bid"
"2.53","9.1","2024-05-27T19:11:50.929Z","bid"
"2.52","400","2024-05-27T19:11:50.929Z","bid"
"2.5199","40.5","2024-05-27T19:11:50.929Z","bid"
"2.5151","12.8","2024-05-27T19:11:50.929Z","bid"
"2.5099","39.8","2024-05-27T19:11:50.929Z","bid"
"2.5079","10","2024-05-27T19:11:50.929Z","bid"
"2.5","2458.7","2024-05-27T19:11:50.929Z","bid"
"2.4995","10.5","2024-05-27T19:11:50.929Z","bid"
"2.4988","10","2024-05-27T19:11:50.929Z","bid"
"2.4937","25.7","2024-05-27T19:11:50.929Z","bid"
"2.4757","12","2024-05-27T19:11:50.929Z","bid"
"2.471","10.1","2024-05-27T19:11:50.929Z","bid"
"2.4594","41.5","2024-05-27T19:11:50.929Z","bid"
"2.4569","26.1","2024-05-27T19:11:50.929Z","bid"
"2.4505","10.7","2024-05-27T19:11:50.929Z","bid"
"2.4347","10.3","2024-05-27T19:11:50.929Z","bid"
"2.4207","26.5","2024-05-27T19:11:50.929Z","bid"
"2.42","308.2","2024-05-27T19:11:50.929Z","bid"
"2.4153","12.3","2024-05-27T19:11:50.929Z","bid"
"2.4025","10.9","2024-05-27T19:11:50.929Z","bid"
"2.4002","42.5","2024-05-27T19:11:50.929Z","bid"
"2.4","730.7","2024-05-27T19:11:50.929Z","bid"
"2.3989","10.4","2024-05-27T19:11:50.929Z","bid"
"2.385","26.9","2024-05-27T19:11:50.929Z","bid"
"2.38","2095.5","2024-05-27T19:11:50.929Z","bid"
"2.3753","20.6","2024-05-27T19:11:50.929Z","bid"
"2.3636","10.6","2024-05-27T19:11:50.929Z","bid"
"2.36","187.1","2024-05-27T19:11:50.929Z","bid"
"2.3564","12.6","2024-05-27T19:11:50.929Z","bid"
"2.35","10.6","2024-05-27T19:11:50.929Z","bid"
"2.3498","27.3","2024-05-27T19:11:50.929Z","bid"
"2.3425","43.5","2024-05-27T19:11:50.929Z","bid"
"2.33","12","2024-05-27T19:11:50.929Z","bid"
"2.3288","10.8","2024-05-27T19:11:50.929Z","bid"
"2.3152","27.7","2024-05-27T19:11:50.929Z","bid"
"2.3105","4.3","2024-05-27T19:11:50.929Z","bid"
"2.3074","43.3","2024-05-27T19:11:50.929Z","bid"
"2.2989","12.9","2024-05-27T19:11:50.929Z","bid"
"2.2945","10.9","2024-05-27T19:11:50.929Z","bid"
"2.2906","29.4","2024-05-27T19:11:50.929Z","bid"
"2.2862","44.6","2024-05-27T19:11:50.929Z","bid"
"2.2817","435.8","2024-05-27T19:11:50.929Z","bid"
"2.2811","28.1","2024-05-27T19:11:50.929Z","bid"
"2.2608","11.1","2024-05-27T19:11:50.929Z","bid"
"2.25","261.1","2024-05-27T19:11:50.929Z","bid"
"2.2475","28.5","2024-05-27T19:11:50.929Z","bid"
"2.2428","13.3","2024-05-27T19:11:50.929Z","bid"
"2.24","2209.8","2024-05-27T19:11:50.929Z","bid"
"2.2312","45.7","2024-05-27T19:11:50.929Z","bid"
"2.23","1000","2024-05-27T19:11:50.929Z","bid"
"2.2282","0.9","2024-05-27T19:11:50.929Z","bid"
"2.2275","11.3","2024-05-27T19:11:50.929Z","bid"
"2.22","11","2024-05-27T19:11:50.929Z","bid"
"2.2144","28.9","2024-05-27T19:11:50.929Z","bid"
"2.2","21.8","2024-05-27T19:11:50.929Z","bid"
"2.1947","11.4","2024-05-27T19:11:50.929Z","bid"
"2.1889","4.5","2024-05-27T19:11:50.929Z","bid"
"2.1881","13.6","2024-05-27T19:11:50.929Z","bid"
"2.1818","29.4","2024-05-27T19:11:50.929Z","bid"
"2.1738","0.7","2024-05-27T19:11:50.929Z","bid"
"2.1624","11.6","2024-05-27T19:11:50.929Z","bid"
"2.15","685.6","2024-05-27T19:11:50.929Z","bid"
"2.1496","29.8","2024-05-27T19:11:50.929Z","bid"
"2.1489","26.2","2024-05-27T19:11:50.929Z","bid"
"2.1347","13.9","2024-05-27T19:11:50.929Z","bid"
"2.1306","11.8","2024-05-27T19:11:50.929Z","bid"
"2.13","1","2024-05-27T19:11:50.929Z","bid"
"2.1278","23.5","2024-05-27T19:11:50.929Z","bid"
"2.1273","45","2024-05-27T19:11:50.929Z","bid"
"2.1","33.5","2024-05-27T19:11:50.929Z","bid"
"2.0993","11.9","2024-05-27T19:11:50.929Z","bid"
"2.0844","31.8","2024-05-27T19:11:50.929Z","bid"
"2.0826","14.3","2024-05-27T19:11:50.929Z","bid"
"2.0684","12.1","2024-05-27T19:11:50.929Z","bid"
"2.06","321.5","2024-05-27T19:11:50.929Z","bid"
"2.05","48.5","2024-05-27T19:11:50.929Z","bid"
"2.04","50","2024-05-27T19:11:50.929Z","bid"
"2.038","12.3","2024-05-27T19:11:50.929Z","bid"
"2.0318","14.6","2024-05-27T19:11:50.929Z","bid"
"2.0299","49.2","2024-05-27T19:11:50.929Z","bid"
"2.008","12.5","2024-05-27T19:11:50.929Z","bid"
"2","1098.7","2024-05-27T19:11:50.929Z","bid"
"1.9822","15","2024-05-27T19:11:50.929Z","bid"
"1.9785","12.7","2024-05-27T19:11:50.929Z","bid"
"1.9743","3.5","2024-05-27T19:11:50.929Z","bid"
"1.97","304.6","2024-05-27T19:11:50.929Z","bid"
"1.9647","2","2024-05-27T19:11:50.929Z","bid"
"1.959","25.3","2024-05-27T19:11:50.929Z","bid"
"1.9566","25.4","2024-05-27T19:11:50.929Z","bid"
"1.95","328.2","2024-05-27T19:11:50.929Z","bid"
"1.9338","15.4","2024-05-27T19:11:50.929Z","bid"
"1.9004","32.7","2024-05-27T19:11:50.929Z","bid"
"1.9","28.3","2024-05-27T19:11:50.929Z","bid"
"1.893","0.4","2024-05-27T19:11:50.929Z","bid"
"1.8866","15.8","2024-05-27T19:11:50.929Z","bid"
"1.85","112.4","2024-05-27T19:11:50.929Z","bid"
"1.8405","16.2","2024-05-27T19:11:50.929Z","bid"
"1.8112","500","2024-05-27T19:11:50.929Z","bid"
"1.8032","0.6","2024-05-27T19:11:50.929Z","bid"
"1.8","775.2","2024-05-27T19:11:50.929Z","bid"
"1.7956","16.6","2024-05-27T19:11:50.929Z","bid"
"1.76","3","2024-05-27T19:11:50.929Z","bid"
"1.7518","17","2024-05-27T19:11:50.929Z","bid"
"1.75","1798.5","2024-05-27T19:11:50.929Z","bid"
"1.709","17.4","2024-05-27T19:11:50.929Z","bid"
"1.7038","116.7","2024-05-27T19:11:50.929Z","bid"
"1.7","357.8","2024-05-27T19:11:50.929Z","bid"
"1.6674","17.8","2024-05-27T19:11:50.929Z","bid"
"1.66","531.9","2024-05-27T19:11:50.929Z","bid"
"1.655","6.6","2024-05-27T19:11:50.929Z","bid"
"1.65","362.1","2024-05-27T19:11:50.929Z","bid"
"1.6267","18.3","2024-05-27T19:11:50.929Z","bid"
"1.62","600","2024-05-27T19:11:50.929Z","bid"
"1.6","828.1","2024-05-27T19:11:50.929Z","bid"
"1.596","15","2024-05-27T19:11:50.929Z","bid"
"1.59","943.3","2024-05-27T19:11:50.929Z","bid"
"1.5725","318","2024-05-27T19:11:50.929Z","bid"
"1.55","391.7","2024-05-27T19:11:50.929Z","bid"
"1.5483","19.2","2024-05-27T19:11:50.929Z","bid"
"1.5106","19.7","2024-05-27T19:11:50.929Z","bid"
"1.5","1732.3","2024-05-27T19:11:50.929Z","bid"
"1.4782","898.1","2024-05-27T19:11:50.929Z","bid"
"1.4737","20.2","2024-05-27T19:11:50.929Z","bid"
"1.45","68.9","2024-05-27T19:11:50.929Z","bid"
"1.4441","3.4","2024-05-27T19:11:50.929Z","bid"
"1.4386","29.3","2024-05-27T19:11:50.929Z","bid"
"1.4378","20.7","2024-05-27T19:11:50.929Z","bid"
"1.43","209.7","2024-05-27T19:11:50.929Z","bid"
"1.42","70.4","2024-05-27T19:11:50.929Z","bid"
"1.41","300","2024-05-27T19:11:50.929Z","bid"
"1.4027","21.2","2024-05-27T19:11:50.929Z","bid"
"1.4","760.7","2024-05-27T19:11:50.929Z","bid"
"1.37","216.7","2024-05-27T19:11:50.929Z","bid"
"1.3685","21.8","2024-05-27T19:11:50.929Z","bid"
"1.3384","7.8","2024-05-27T19:11:50.929Z","bid"
"1.3352","22.3","2024-05-27T19:11:50.929Z","bid"
"1.333","1350.1","2024-05-27T19:11:50.929Z","bid"
"1.3026","22.9","2024-05-27T19:11:50.929Z","bid"
"1.2708","23.4","2024-05-27T19:11:50.929Z","bid"
"1.25","45.3","2024-05-27T19:11:50.929Z","bid"
"1.2398","24","2024-05-27T19:11:50.929Z","bid"
"1.2248","81.6","2024-05-27T19:11:50.929Z","bid"
"1.2096","24.6","2024-05-27T19:11:50.929Z","bid"
"1.1801","25.2","2024-05-27T19:11:50.929Z","bid"
"1.1513","25.9","2024-05-27T19:11:50.929Z","bid"
"1.1233","26.5","2024-05-27T19:11:50.929Z","bid"
"1.1185","8","2024-05-27T19:11:50.929Z","bid"
"1.1084","8.9","2024-05-27T19:11:50.929Z","bid"
"1.1","1863.2","2024-05-27T19:11:50.929Z","bid"
"1.0959","27.2","2024-05-27T19:11:50.929Z","bid"
"1.0691","27.9","2024-05-27T19:11:50.929Z","bid"
"1.05","1420.7","2024-05-27T19:11:50.929Z","bid"
"1.0431","28.6","2024-05-27T19:11:50.929Z","bid"
"1.02","355.6","2024-05-27T19:11:50.929Z","bid"
"1.0176","29.3","2024-05-27T19:11:50.929Z","bid"
"1","1922","2024-05-27T19:11:50.929Z","bid"
"0.9928","30","2024-05-27T19:11:50.929Z","bid"
"0.99","101","2024-05-27T19:11:50.929Z","bid"
"0.9686","30.8","2024-05-27T19:11:50.929Z","bid"
"0.9495","104.7","2024-05-27T19:11:50.929Z","bid"
"0.945","31.5","2024-05-27T19:11:50.929Z","bid"
"0.9425","417.7","2024-05-27T19:11:50.929Z","bid"
"0.9367","29.4","2024-05-27T19:11:50.929Z","bid"
"0.9219","32.3","2024-05-27T19:11:50.929Z","bid"
"0.9","55.2","2024-05-27T19:11:50.929Z","bid"
"0.8995","33.1","2024-05-27T19:11:50.929Z","bid"
"0.8775","33.9","2024-05-27T19:11:50.929Z","bid"
"0.86","7777","2024-05-27T19:11:50.929Z","bid"
"0.81","50","2024-05-27T19:11:50.929Z","bid"
"0.8","18.7","2024-05-27T19:11:50.929Z","bid"
"0.7923","1623.6","2024-05-27T19:11:50.929Z","bid"
"0.77","10150","2024-05-27T19:11:50.929Z","bid"
"0.75","11977.9","2024-05-27T19:11:50.929Z","bid"
"0.63","8","2024-05-27T19:11:50.929Z","bid"
"0.62","9293.2","2024-05-27T19:11:50.929Z","bid"
"0.61","1500","2024-05-27T19:11:50.929Z","bid"
"0.606","208.8","2024-05-27T19:11:50.929Z","bid"
"0.6","25","2024-05-27T19:11:50.929Z","bid"
"0.57","8","2024-05-27T19:11:50.929Z","bid"
"0.55","772.5","2024-05-27T19:11:50.929Z","bid"
"0.521","7.8","2024-05-27T19:11:50.929Z","bid"
"0.5","21","2024-05-27T19:11:50.929Z","bid"
"0.4854","29.4","2024-05-27T19:11:50.929Z","bid"
"0.4545","7042.5","2024-05-27T19:11:50.929Z","bid"
"0.4356","7545.8","2024-05-27T19:11:50.929Z","bid"
"0.43","69.7","2024-05-27T19:11:50.929Z","bid"
"0.41","10","2024-05-27T19:11:50.929Z","bid"
"0.4","37.5","2024-05-27T19:11:50.929Z","bid"
"0.376","217.1","2024-05-27T19:11:50.929Z","bid"
"0.333","300","2024-05-27T19:11:50.929Z","bid"
"0.33","8","2024-05-27T19:11:50.929Z","bid"
"0.31","275","2024-05-27T19:11:50.929Z","bid"
"0.3","1018.3","2024-05-27T19:11:50.929Z","bid"
"0.298","200.6","2024-05-27T19:11:50.929Z","bid"
"0.23","869.5","2024-05-27T19:11:50.929Z","bid"
"0.21","42","2024-05-27T19:11:50.929Z","bid"
"0.2047","42.5","2024-05-27T19:11:50.929Z","bid"
"0.2","7187.5","2024-05-27T19:11:50.929Z","bid"
"0.18","30","2024-05-27T19:11:50.929Z","bid"
"0.1707","15","2024-05-27T19:11:50.929Z","bid"
"0.17","64","2024-05-27T19:11:50.929Z","bid"
"0.1497","10","2024-05-27T19:11:50.929Z","bid"
"0.14","1785.7","2024-05-27T19:11:50.929Z","bid"
"0.134","20","2024-05-27T19:11:50.929Z","bid"
"0.127","21","2024-05-27T19:11:50.929Z","bid"
"0.119","23","2024-05-27T19:11:50.929Z","bid"
"0.112","24","2024-05-27T19:11:50.929Z","bid"
"0.111","75","2024-05-27T19:11:50.929Z","bid"
"0.1","6153.1","2024-05-27T19:11:50.929Z","bid"
"0.092","543.4","2024-05-27T19:11:50.929Z","bid"
"0.082","1000","2024-05-27T19:11:50.929Z","bid"
"0.08","50","2024-05-27T19:11:50.929Z","bid"
"0.0774","306.7","2024-05-27T19:11:50.929Z","bid"
"0.075","291.7","2024-05-27T19:11:50.929Z","bid"
"0.0713","275.3","2024-05-27T19:11:50.929Z","bid"
"0.0701","774.8","2024-05-27T19:11:50.929Z","bid"
"0.07","1428.5","2024-05-27T19:11:50.929Z","bid"
"0.0686","153.3","2024-05-27T19:11:50.929Z","bid"
"0.0652","151.8","2024-05-27T19:11:50.929Z","bid"
"0.06","250.9","2024-05-27T19:11:50.929Z","bid"
"0.055","1000","2024-05-27T19:11:50.929Z","bid"
"0.05","200","2024-05-27T19:11:50.929Z","bid"
"0.0341","29.4","2024-05-27T19:11:50.929Z","bid"
"0.0265","15413.8","2024-05-27T19:11:50.929Z","bid"
"0.001","5000","2024-05-27T19:11:50.929Z","bid"
"0.0005","1989","2024-05-27T19:11:50.929Z","bid"
"0.0002","30000","2024-05-27T19:11:50.929Z","bid"
"0.0001","239979.4","2024-05-27T19:11:50.929Z","bid"
"15.7","8000","2024-05-27T19:11:50.928Z","ask"
"16","14517.3","2024-05-27T19:11:50.928Z","ask"
"16.6445","40.9","2024-05-27T19:11:50.928Z","ask"
"16.7","8000","2024-05-27T19:11:50.928Z","ask"
"17","11.2","2024-05-27T19:11:50.928Z","ask"
"17.5","20611.8","2024-05-27T19:11:50.928Z","ask"
"17.7","8000","2024-05-27T19:11:50.928Z","ask"
"17.7542","40.9","2024-05-27T19:11:50.928Z","ask"
"17.9","27.9","2024-05-27T19:11:50.928Z","ask"
"18","20059.5","2024-05-27T19:11:50.928Z","ask"
"18.5","15000","2024-05-27T19:11:50.928Z","ask"
"18.7","8200","2024-05-27T19:11:50.928Z","ask"
"18.8639","40.9","2024-05-27T19:11:50.928Z","ask"
"19","3640.9","2024-05-27T19:11:50.928Z","ask"
"19.0028","3","2024-05-27T19:11:50.928Z","ask"
"19.7","15000","2024-05-27T19:11:50.928Z","ask"
"19.9","300","2024-05-27T19:11:50.928Z","ask"
"19.9737","41","2024-05-27T19:11:50.928Z","ask"
"19.99","142.9","2024-05-27T19:11:50.928Z","ask"
"20","14744.7","2024-05-27T19:11:50.928Z","ask"
"21","4.8","2024-05-27T19:11:50.928Z","ask"
"21.0203","2.2","2024-05-27T19:11:50.928Z","ask"
"21.838","24.6","2024-05-27T19:11:50.928Z","ask"
"22.13","113","2024-05-27T19:11:50.928Z","ask"
"22.1404","500.5","2024-05-27T19:11:50.928Z","ask"
"22.95","168","2024-05-27T19:11:50.928Z","ask"
"23","858.7","2024-05-27T19:11:50.928Z","ask"
"23.7","9620.2","2024-05-27T19:11:50.928Z","ask"
"24.3","47","2024-05-27T19:11:50.928Z","ask"
"24.4","5001.4","2024-05-27T19:11:50.928Z","ask"
"24.7","400","2024-05-27T19:11:50.928Z","ask"
"24.9","10000","2024-05-27T19:11:50.928Z","ask"
"25","11200.7","2024-05-27T19:11:50.928Z","ask"
"26.5","1000","2024-05-27T19:11:50.928Z","ask"
"27","3.8","2024-05-27T19:11:50.928Z","ask"
"27.4","54.9","2024-05-27T19:11:50.928Z","ask"
"27.83","47.9","2024-05-27T19:11:50.928Z","ask"
"28","961.4","2024-05-27T19:11:50.928Z","ask"
"28.88","7200","2024-05-27T19:11:50.928Z","ask"
"28.9","547.4","2024-05-27T19:11:50.928Z","ask"
"29","100003.5","2024-05-27T19:11:50.928Z","ask"
"30","5746","2024-05-27T19:11:50.928Z","ask"
"31","3.3","2024-05-27T19:11:50.928Z","ask"
"32","23","2024-05-27T19:11:50.928Z","ask"
"32.9954","743.5","2024-05-27T19:11:50.928Z","ask"
"33","78.1","2024-05-27T19:11:50.928Z","ask"
"33.33","1915.7","2024-05-27T19:11:50.928Z","ask"
"33.3969","2.2","2024-05-27T19:11:50.928Z","ask"
"35","20000","2024-05-27T19:11:50.928Z","ask"
"36.3","650","2024-05-27T19:11:50.928Z","ask"
"36.45","47","2024-05-27T19:11:50.928Z","ask"
"37.274","47.7","2024-05-27T19:11:50.928Z","ask"
"38.52","60","2024-05-27T19:11:50.928Z","ask"
"38.6","214.5","2024-05-27T19:11:50.928Z","ask"
"39.41","250","2024-05-27T19:11:50.928Z","ask"
"40","2064.5","2024-05-27T19:11:50.928Z","ask"
"40.11","2000","2024-05-27T19:11:50.928Z","ask"
"41","10000.1","2024-05-27T19:11:50.928Z","ask"
"42.69","420.7","2024-05-27T19:11:50.928Z","ask"
"43.0015","557.6","2024-05-27T19:11:50.928Z","ask"
"44.4411","50","2024-05-27T19:11:50.928Z","ask"
"45","10023.4","2024-05-27T19:11:50.928Z","ask"
"45.4547","658.8","2024-05-27T19:11:50.928Z","ask"
"45.7731","2.2","2024-05-27T19:11:50.928Z","ask"
"48","105000","2024-05-27T19:11:50.928Z","ask"
"48.72","250","2024-05-27T19:11:50.928Z","ask"
"48.95","75","2024-05-27T19:11:50.928Z","ask"
"49","17923.8","2024-05-27T19:11:50.928Z","ask"
"49.9","10000","2024-05-27T19:11:50.928Z","ask"
"50","26626.7","2024-05-27T19:11:50.928Z","ask"
"54","1037.4","2024-05-27T19:11:50.928Z","ask"
"55","82.4","2024-05-27T19:11:50.928Z","ask"
"56.99","1200","2024-05-27T19:11:50.928Z","ask"
"57.9","100","2024-05-27T19:11:50.928Z","ask"
"57.98","3500","2024-05-27T19:11:50.928Z","ask"
"58.1493","2.2","2024-05-27T19:11:50.928Z","ask"
"58.88","400","2024-05-27T19:11:50.928Z","ask"
"59","15819.3","2024-05-27T19:11:50.928Z","ask"
"60","453.7","2024-05-27T19:11:50.928Z","ask"
"64","23","2024-05-27T19:11:50.928Z","ask"
"64.4","410.5","2024-05-27T19:11:50.928Z","ask"
"64.9","651.2","2024-05-27T19:11:50.928Z","ask"
"65","10002.8","2024-05-27T19:11:50.928Z","ask"
"68","5001.4","2024-05-27T19:11:50.928Z","ask"
"68.5","13.4","2024-05-27T19:11:50.928Z","ask"
"68.88","500","2024-05-27T19:11:50.928Z","ask"
"70","801.5","2024-05-27T19:11:50.928Z","ask"
"70.5255","2.2","2024-05-27T19:11:50.928Z","ask"
"74","50000","2024-05-27T19:11:50.928Z","ask"
"74.5","1000","2024-05-27T19:11:50.928Z","ask"
"74.8","10000","2024-05-27T19:11:50.928Z","ask"
"78.88","500","2024-05-27T19:11:50.928Z","ask"
"79.13","13.4","2024-05-27T19:11:50.928Z","ask"
"80","40545.1","2024-05-27T19:11:50.928Z","ask"
"80.81","100","2024-05-27T19:11:50.928Z","ask"
"81.89","411","2024-05-27T19:11:50.928Z","ask"
"82.9021","2.2","2024-05-27T19:11:50.928Z","ask"
"85","182.4","2024-05-27T19:11:50.928Z","ask"
"90","124.1","2024-05-27T19:11:50.928Z","ask"
"94","68","2024-05-27T19:11:50.928Z","ask"
"95","55000","2024-05-27T19:11:50.928Z","ask"
"95.2783","2.2","2024-05-27T19:11:50.928Z","ask"
"97","3679.4","2024-05-27T19:11:50.928Z","ask"
"98","6456.4","2024-05-27T19:11:50.928Z","ask"
"99","3606.6","2024-05-27T19:11:50.928Z","ask"
"99.7","10000","2024-05-27T19:11:50.928Z","ask"
"100","874.4","2024-05-27T19:11:50.928Z","ask"
"102","9960","2024-05-27T19:11:50.928Z","ask"
"107.6549","2.2","2024-05-27T19:11:50.928Z","ask"
"108","1031","2024-05-27T19:11:50.928Z","ask"
"110","500","2024-05-27T19:11:50.928Z","ask"
"120","68","2024-05-27T19:11:50.928Z","ask"
"120.0311","2.2","2024-05-27T19:11:50.928Z","ask"
"125","831.7","2024-05-27T19:11:50.928Z","ask"
"128","423","2024-05-27T19:11:50.928Z","ask"
"129.4","615.8","2024-05-27T19:11:50.928Z","ask"
"130","600","2024-05-27T19:11:50.928Z","ask"
"143","68","2024-05-27T19:11:50.928Z","ask"
"146","20000","2024-05-27T19:11:50.928Z","ask"
"147","20000","2024-05-27T19:11:50.928Z","ask"
"148","25000","2024-05-27T19:11:50.928Z","ask"
"149","25000","2024-05-27T19:11:50.928Z","ask"
"155","25000","2024-05-27T19:11:50.928Z","ask"
"175","76","2024-05-27T19:11:50.928Z","ask"
"190","60000","2024-05-27T19:11:50.928Z","ask"
"195","28321","2024-05-27T19:11:50.928Z","ask"
"199.5","9101.8","2024-05-27T19:11:50.928Z","ask"
"200","6162.6","2024-05-27T19:11:50.928Z","ask"
"245","50000","2024-05-27T19:11:50.928Z","ask"
"250","3571.9","2024-05-27T19:11:50.928Z","ask"
"287.1","615.9","2024-05-27T19:11:50.928Z","ask"
"290","30000","2024-05-27T19:11:50.928Z","ask"
"300","120.1","2024-05-27T19:11:50.928Z","ask"
"313","313","2024-05-27T19:11:50.928Z","ask"
"375","24","2024-05-27T19:11:50.928Z","ask"
"500","160.8","2024-05-27T19:11:50.928Z","ask"
"600","15000","2024-05-27T19:11:50.928Z","ask"
"698","100000","2024-05-27T19:11:50.928Z","ask"
"22522.85","100","2024-05-27T19:11:50.928Z","ask"
"4.2718","5.5","2024-05-27T19:11:50.928Z","bid"
"4.2717","289.2","2024-05-27T19:11:50.928Z","bid"
"4.2703","67","2024-05-27T19:11:50.928Z","bid"
"4.268","20","2024-05-27T19:11:50.928Z","bid"
"4.267","20","2024-05-27T19:11:50.928Z","bid"
"4.266","20","2024-05-27T19:11:50.928Z","bid"
"4.265","20","2024-05-27T19:11:50.928Z","bid"
"4.264","20","2024-05-27T19:11:50.928Z","bid"
"4.263","20","2024-05-27T19:11:50.928Z","bid"
"4.262","20","2024-05-27T19:11:50.928Z","bid"
"4.261","20","2024-05-27T19:11:50.928Z","bid"
"4.26","20","2024-05-27T19:11:50.928Z","bid"
"4.2596","80","2024-05-27T19:11:50.928Z","bid"
"4.259","20","2024-05-27T19:11:50.928Z","bid"
"4.258","20","2024-05-27T19:11:50.928Z","bid"
"4.257","20","2024-05-27T19:11:50.928Z","bid"
"4.256","20","2024-05-27T19:11:50.928Z","bid"
"4.255","20","2024-05-27T19:11:50.928Z","bid"
"4.2541","103.2","2024-05-27T19:11:50.928Z","bid"
"4.254","20","2024-05-27T19:11:50.928Z","bid"
"4.253","20","2024-05-27T19:11:50.928Z","bid"
"4.252","20","2024-05-27T19:11:50.928Z","bid"
"4.251","20","2024-05-27T19:11:50.928Z","bid"
"4.2502","797.3","2024-05-27T19:11:50.928Z","bid"
"4.2501","5009.1","2024-05-27T19:11:50.928Z","bid"
"4.25","20","2024-05-27T19:11:50.928Z","bid"
"4.2498","97","2024-05-27T19:11:50.928Z","bid"
"4.249","20","2024-05-27T19:11:50.928Z","bid"
"4.248","20","2024-05-27T19:11:50.928Z","bid"
"4.2471","135.1","2024-05-27T19:11:50.928Z","bid"
"4.247","20","2024-05-27T19:11:50.928Z","bid"
"4.246","20","2024-05-27T19:11:50.928Z","bid"
"4.2451","270.1","2024-05-27T19:11:50.928Z","bid"
"4.245","20","2024-05-27T19:11:50.928Z","bid"
"4.244","20","2024-05-27T19:11:50.928Z","bid"
"4.243","20","2024-05-27T19:11:50.928Z","bid"
"4.242","20","2024-05-27T19:11:50.928Z","bid"
"4.2418","540.2","2024-05-27T19:11:50.928Z","bid"
"4.241","20","2024-05-27T19:11:50.928Z","bid"
"4.24","1748.4","2024-05-27T19:11:50.928Z","bid"
"4.239","20","2024-05-27T19:11:50.928Z","bid"
"4.238","20","2024-05-27T19:11:50.928Z","bid"
"4.237","20","2024-05-27T19:11:50.928Z","bid"
"4.236","20","2024-05-27T19:11:50.928Z","bid"
"4.2351","2213.3","2024-05-27T19:11:50.928Z","bid"
"4.235","20","2024-05-27T19:11:50.928Z","bid"
"4.234","20","2024-05-27T19:11:50.928Z","bid"
"4.233","20","2024-05-27T19:11:50.928Z","bid"
"4.2321","1080.5","2024-05-27T19:11:50.928Z","bid"
"4.232","20","2024-05-27T19:11:50.928Z","bid"
"4.231","20","2024-05-27T19:11:50.928Z","bid"
"4.23","20","2024-05-27T19:11:50.928Z","bid"
"4.229","20","2024-05-27T19:11:50.928Z","bid"
"4.228","20","2024-05-27T19:11:50.928Z","bid"
"4.227","20","2024-05-27T19:11:50.928Z","bid"
"4.226","20","2024-05-27T19:11:50.928Z","bid"
"4.225","20","2024-05-27T19:11:50.928Z","bid"
"4.2247","1.3","2024-05-27T19:11:50.928Z","bid"
"4.224","20","2024-05-27T19:11:50.928Z","bid"
"4.2232","1350.6","2024-05-27T19:11:50.928Z","bid"
"4.223","20","2024-05-27T19:11:50.928Z","bid"
"4.222","20","2024-05-27T19:11:50.928Z","bid"
"4.2218","1.7","2024-05-27T19:11:50.928Z","bid"
"4.221","20","2024-05-27T19:11:50.928Z","bid"
"4.22","20","2024-05-27T19:11:50.928Z","bid"
"4.219","20","2024-05-27T19:11:50.928Z","bid"
"4.2181","2.4","2024-05-27T19:11:50.928Z","bid"
"4.218","20","2024-05-27T19:11:50.928Z","bid"
"4.217","20","2024-05-27T19:11:50.928Z","bid"
"4.216","20","2024-05-27T19:11:50.928Z","bid"
"4.215","20","2024-05-27T19:11:50.928Z","bid"
"4.214","20","2024-05-27T19:11:50.928Z","bid"
"4.213","20","2024-05-27T19:11:50.928Z","bid"
"4.212","20","2024-05-27T19:11:50.928Z","bid"
"4.211","20","2024-05-27T19:11:50.928Z","bid"
"4.21","20","2024-05-27T19:11:50.928Z","bid"
"4.2091","100","2024-05-27T19:11:50.928Z","bid"
"4.209","20","2024-05-27T19:11:50.928Z","bid"
"4.2087","47.5","2024-05-27T19:11:50.928Z","bid"
"4.208","20","2024-05-27T19:11:50.928Z","bid"
"4.2072","47.5","2024-05-27T19:11:50.928Z","bid"
"4.207","170","2024-05-27T19:11:50.928Z","bid"
"4.206","20","2024-05-27T19:11:50.928Z","bid"
"4.205","20","2024-05-27T19:11:50.928Z","bid"
"4.204","11.2","2024-05-27T19:11:50.928Z","bid"
"4.2034","80.3","2024-05-27T19:11:50.928Z","bid"
"4.2032","6.5","2024-05-27T19:11:50.928Z","bid"
"4.203","170","2024-05-27T19:11:50.928Z","bid"
"4.202","2.5","2024-05-27T19:11:50.928Z","bid"
"4.201","20","2024-05-27T19:11:50.928Z","bid"
"4.2009","1.7","2024-05-27T19:11:50.928Z","bid"
"4.2","170","2024-05-27T19:11:50.928Z","bid"
"4.1996","103.7","2024-05-27T19:11:50.928Z","bid"
"4.199","20","2024-05-27T19:11:50.928Z","bid"
"4.198","170.7","2024-05-27T19:11:50.928Z","bid"
"4.197","20","2024-05-27T19:11:50.928Z","bid"
"4.196","20","2024-05-27T19:11:50.928Z","bid"
"4.1958","2.5","2024-05-27T19:11:50.928Z","bid"
"4.195","20","2024-05-27T19:11:50.928Z","bid"
"4.194","20","2024-05-27T19:11:50.928Z","bid"
"4.193","20","2024-05-27T19:11:50.928Z","bid"
"4.1921","3","2024-05-27T19:11:50.928Z","bid"
"4.192","20","2024-05-27T19:11:50.928Z","bid"
"4.191","20","2024-05-27T19:11:50.928Z","bid"
"4.19","20","2024-05-27T19:11:50.928Z","bid"
"4.1894","1.3","2024-05-27T19:11:50.928Z","bid"
"4.189","20","2024-05-27T19:11:50.928Z","bid"
"4.188","20","2024-05-27T19:11:50.928Z","bid"
"4.187","9.6","2024-05-27T19:11:50.928Z","bid"
"4.186","20","2024-05-27T19:11:50.928Z","bid"
"4.185","20","2024-05-27T19:11:50.928Z","bid"
"4.184","20","2024-05-27T19:11:50.928Z","bid"
"4.1838","13.4","2024-05-27T19:11:50.928Z","bid"
"4.183","20","2024-05-27T19:11:50.928Z","bid"
"4.182","20","2024-05-27T19:11:50.928Z","bid"
"4.181","20","2024-05-27T19:11:50.928Z","bid"
"4.1807","71.8","2024-05-27T19:11:50.928Z","bid"
"4.18","263.3","2024-05-27T19:11:50.928Z","bid"
"4.179","20","2024-05-27T19:11:50.928Z","bid"
"4.1784","71.8","2024-05-27T19:11:50.928Z","bid"
"4.178","20","2024-05-27T19:11:50.928Z","bid"
"4.177","20","2024-05-27T19:11:50.928Z","bid"
"4.176","20","2024-05-27T19:11:50.928Z","bid"
"4.1736","2.5","2024-05-27T19:11:50.928Z","bid"
"4.1695","80.9","2024-05-27T19:11:50.928Z","bid"
"4.168","104.4","2024-05-27T19:11:50.928Z","bid"
"4.167","2701.1","2024-05-27T19:11:50.928Z","bid"
"4.1659","11.5","2024-05-27T19:11:50.928Z","bid"
"4.1612","6.6","2024-05-27T19:11:50.928Z","bid"
"4.1593","1.7","2024-05-27T19:11:50.928Z","bid"
"4.1573","0.6","2024-05-27T19:11:50.928Z","bid"
"4.1542","65.3","2024-05-27T19:11:50.928Z","bid"
"4.154","1.3","2024-05-27T19:11:50.928Z","bid"
"4.1515","2.5","2024-05-27T19:11:50.928Z","bid"
"4.1494","6","2024-05-27T19:11:50.928Z","bid"
"4.1471","69.3","2024-05-27T19:11:50.928Z","bid"
"4.1465","51.9","2024-05-27T19:11:50.928Z","bid"
"4.1447","85.4","2024-05-27T19:11:50.928Z","bid"
"4.1389","12.3","2024-05-27T19:11:50.928Z","bid"
"4.1387","1.7","2024-05-27T19:11:50.928Z","bid"
"4.1367","2.2","2024-05-27T19:11:50.928Z","bid"
"4.1366","105.2","2024-05-27T19:11:50.928Z","bid"
"4.1359","81.6","2024-05-27T19:11:50.928Z","bid"
"4.1312","15.5","2024-05-27T19:11:50.928Z","bid"
"4.131","47.4","2024-05-27T19:11:50.928Z","bid"
"4.1295","2.5","2024-05-27T19:11:50.928Z","bid"
"4.1247","51.9","2024-05-27T19:11:50.928Z","bid"
"4.1199","0.7","2024-05-27T19:11:50.928Z","bid"
"4.1195","6.7","2024-05-27T19:11:50.928Z","bid"
"4.1187","1.3","2024-05-27T19:11:50.928Z","bid"
"4.1182","1.7","2024-05-27T19:11:50.928Z","bid"
"4.1147","16","2024-05-27T19:11:50.928Z","bid"
"4.1123","1.9","2024-05-27T19:11:50.928Z","bid"
"4.11","10","2024-05-27T19:11:50.928Z","bid"
"4.1076","2.5","2024-05-27T19:11:50.928Z","bid"
"4.1066","15.9","2024-05-27T19:11:50.928Z","bid"
"4.1056","5.4","2024-05-27T19:11:50.928Z","bid"
"4.1055","106","2024-05-27T19:11:50.928Z","bid"
"4.1026","82.2","2024-05-27T19:11:50.928Z","bid"
"4.1002","12.1","2024-05-27T19:11:50.928Z","bid"
"4.1001","32.1","2024-05-27T19:11:50.928Z","bid"
"4.1","93.6","2024-05-27T19:11:50.928Z","bid"
"4.0986","6.4","2024-05-27T19:11:50.928Z","bid"
"4.0977","1.7","2024-05-27T19:11:50.928Z","bid"
"4.0949","12.7","2024-05-27T19:11:50.928Z","bid"
"4.0914","0.6","2024-05-27T19:11:50.928Z","bid"
"4.0902","7.5","2024-05-27T19:11:50.928Z","bid"
"4.0901","12.2","2024-05-27T19:11:50.928Z","bid"
"4.09","23818","2024-05-27T19:11:50.928Z","bid"
"4.0884","6.1","2024-05-27T19:11:50.928Z","bid"
"4.0858","2.5","2024-05-27T19:11:50.928Z","bid"
"4.0854","945.9","2024-05-27T19:11:50.928Z","bid"
"4.0853","1737.4","2024-05-27T19:11:50.928Z","bid"
"4.0851","51.9","2024-05-27T19:11:50.928Z","bid"
"4.0847","1.3","2024-05-27T19:11:50.928Z","bid"
"4.0834","66.5","2024-05-27T19:11:50.928Z","bid"
"4.0833","118","2024-05-27T19:11:50.928Z","bid"
"4.0805","3376.4","2024-05-27T19:11:50.928Z","bid"
"4.0801","735","2024-05-27T19:11:50.928Z","bid"
"4.08","3104.3","2024-05-27T19:11:50.928Z","bid"
"4.0798","1.3","2024-05-27T19:11:50.928Z","bid"
"4.0791","2.5","2024-05-27T19:11:50.928Z","bid"
"4.0786","25.8","2024-05-27T19:11:50.928Z","bid"
"4.0783","6.7","2024-05-27T19:11:50.928Z","bid"
"4.0774","1.7","2024-05-27T19:11:50.928Z","bid"
"4.0765","12.4","2024-05-27T19:11:50.928Z","bid"
"4.0746","106.8","2024-05-27T19:11:50.928Z","bid"
"4.0713","49.1","2024-05-27T19:11:50.928Z","bid"
"4.0703","76.5","2024-05-27T19:11:50.928Z","bid"
"4.0695","82.9","2024-05-27T19:11:50.928Z","bid"
"4.0693","0.6","2024-05-27T19:11:50.928Z","bid"
"4.069","10.4","2024-05-27T19:11:50.928Z","bid"
"4.067","12.2","2024-05-27T19:11:50.928Z","bid"
"4.0664","47.4","2024-05-27T19:11:50.928Z","bid"
"4.0642","2.5","2024-05-27T19:11:50.928Z","bid"
"4.0641","11.8","2024-05-27T19:11:50.928Z","bid"
"4.0612","9","2024-05-27T19:11:50.928Z","bid"
"4.06","453.9","2024-05-27T19:11:50.928Z","bid"
"4.0592","441.4","2024-05-27T19:11:50.928Z","bid"
"4.0578","7.3","2024-05-27T19:11:50.928Z","bid"
"4.0572","1.7","2024-05-27T19:11:50.928Z","bid"
"4.0571","149.8","2024-05-27T19:11:50.928Z","bid"
"4.0564","6.2","2024-05-27T19:11:50.928Z","bid"
"4.0528","153.3","2024-05-27T19:11:50.928Z","bid"
"4.0521","1.2","2024-05-27T19:11:50.928Z","bid"
"4.052","75","2024-05-27T19:11:50.928Z","bid"
"4.05","51.9","2024-05-27T19:11:50.928Z","bid"
"4.045","71.1","2024-05-27T19:11:50.928Z","bid"
"4.044","107.6","2024-05-27T19:11:50.928Z","bid"
"4.0436","64","2024-05-27T19:11:50.928Z","bid"
"4.0427","2.6","2024-05-27T19:11:50.928Z","bid"
"4.038","8.8","2024-05-27T19:11:50.928Z","bid"
"4.0376","6.8","2024-05-27T19:11:50.928Z","bid"
"4.0371","1.7","2024-05-27T19:11:50.928Z","bid"
"4.0367","83.6","2024-05-27T19:11:50.928Z","bid"
"4.0352","15.1","2024-05-27T19:11:50.928Z","bid"
"4.0348","4.5","2024-05-27T19:11:50.928Z","bid"
"4.0321","7.6","2024-05-27T19:11:50.928Z","bid"
"4.029","3","2024-05-27T19:11:50.928Z","bid"
"4.0283","6.2","2024-05-27T19:11:50.928Z","bid"
"4.0282","10.6","2024-05-27T19:11:50.928Z","bid"
"4.0266","0.6","2024-05-27T19:11:50.928Z","bid"
"4.0251","19.7","2024-05-27T19:11:50.928Z","bid"
"4.0248","13.1","2024-05-27T19:11:50.928Z","bid"
"4.0246","50.8","2024-05-27T19:11:50.928Z","bid"
"4.0229","4.4","2024-05-27T19:11:50.928Z","bid"
"4.0228","88","2024-05-27T19:11:50.928Z","bid"
"4.0227","9.1","2024-05-27T19:11:50.928Z","bid"
"4.0213","2.6","2024-05-27T19:11:50.928Z","bid"
"4.0203","53.3","2024-05-27T19:11:50.928Z","bid"
"4.02","5","2024-05-27T19:11:50.928Z","bid"
"4.0192","4.7","2024-05-27T19:11:50.928Z","bid"
"4.0183","6.5","2024-05-27T19:11:50.928Z","bid"
"4.0181","3.8","2024-05-27T19:11:50.928Z","bid"
"4.018","99","2024-05-27T19:11:50.928Z","bid"
"4.017","1.7","2024-05-27T19:11:50.928Z","bid"
"4.0151","12.5","2024-05-27T19:11:50.928Z","bid"
"4.0141","12","2024-05-27T19:11:50.928Z","bid"
"4.0138","67.6","2024-05-27T19:11:50.928Z","bid"
"4.0137","5","2024-05-27T19:11:50.928Z","bid"
"4.0136","112.9","2024-05-27T19:11:50.928Z","bid"
"4.012","521.5","2024-05-27T19:11:50.928Z","bid"
"4.0113","6.3","2024-05-27T19:11:50.928Z","bid"
"4.0111","34.1","2024-05-27T19:11:50.928Z","bid"
"4.011","852.1","2024-05-27T19:11:50.928Z","bid"
"4.0103","15.9","2024-05-27T19:11:50.928Z","bid"
"4.01","4927.7","2024-05-27T19:11:50.928Z","bid"
"4.0092","247","2024-05-27T19:11:50.928Z","bid"
"4.0038","84.3","2024-05-27T19:11:50.928Z","bid"
"4.0023","20.6","2024-05-27T19:11:50.928Z","bid"
"4.0016","25.5","2024-05-27T19:11:50.928Z","bid"
"4.0006","13","2024-05-27T19:11:50.928Z","bid"
"4.0001","1000","2024-05-27T19:11:50.928Z","bid"
"4","486.5","2024-05-27T19:11:50.928Z","bid"
"3.9972","6.9","2024-05-27T19:11:50.928Z","bid"
"3.9971","1.7","2024-05-27T19:11:50.928Z","bid"
"3.9938","239.6","2024-05-27T19:11:50.928Z","bid"
"3.9936","11.2","2024-05-27T19:11:50.928Z","bid"
"3.99","25","2024-05-27T19:11:50.928Z","bid"
"3.9887","8.1","2024-05-27T19:11:50.928Z","bid"
"3.9845","9.2","2024-05-27T19:11:50.928Z","bid"
"3.9834","109.3","2024-05-27T19:11:50.928Z","bid"
"3.981","15","2024-05-27T19:11:50.928Z","bid"
"3.9809","51.9","2024-05-27T19:11:50.928Z","bid"
"3.9806","16.6","2024-05-27T19:11:50.928Z","bid"
"3.98","306.9","2024-05-27T19:11:50.928Z","bid"
"3.9788","2.6","2024-05-27T19:11:50.928Z","bid"
"3.978","12.5","2024-05-27T19:11:50.928Z","bid"
"3.9773","1.7","2024-05-27T19:11:50.928Z","bid"
"3.9767","20.8","2024-05-27T19:11:50.928Z","bid"
"3.9718","541.3","2024-05-27T19:11:50.928Z","bid"
"3.971","500","2024-05-27T19:11:50.928Z","bid"
"3.9691","6.3","2024-05-27T19:11:50.928Z","bid"
"3.9689","0.3","2024-05-27T19:11:50.928Z","bid"
"3.9682","50.1","2024-05-27T19:11:50.928Z","bid"
"3.9662","6.4","2024-05-27T19:11:50.928Z","bid"
"3.9649","50.8","2024-05-27T19:11:50.928Z","bid"
"3.9647","12.1","2024-05-27T19:11:50.928Z","bid"
"3.9632","89.4","2024-05-27T19:11:50.928Z","bid"
"3.9628","0.6","2024-05-27T19:11:50.928Z","bid"
"3.9603","50","2024-05-27T19:11:50.928Z","bid"
"3.96","252.5","2024-05-27T19:11:50.928Z","bid"
"3.9588","7.5","2024-05-27T19:11:50.928Z","bid"
"3.9577","2.6","2024-05-27T19:11:50.928Z","bid"
"3.9576","1.7","2024-05-27T19:11:50.928Z","bid"
"3.9572","7","2024-05-27T19:11:50.928Z","bid"
"3.9556","4051.7","2024-05-27T19:11:50.928Z","bid"
"3.9547","12.1","2024-05-27T19:11:50.928Z","bid"
"3.9534","110.1","2024-05-27T19:11:50.928Z","bid"
"3.9512","16.2","2024-05-27T19:11:50.928Z","bid"
"3.9511","25.2","2024-05-27T19:11:50.928Z","bid"
"3.95","5451.4","2024-05-27T19:11:50.928Z","bid"
"3.9492","14.1","2024-05-27T19:11:50.928Z","bid"
"3.9475","2.5","2024-05-27T19:11:50.928Z","bid"
"3.9467","9.3","2024-05-27T19:11:50.928Z","bid"
"3.9454","141.6","2024-05-27T19:11:50.928Z","bid"
"3.9425","7.4","2024-05-27T19:11:50.928Z","bid"
"3.94","25.3","2024-05-27T19:11:50.928Z","bid"
"3.9396","6.6","2024-05-27T19:11:50.928Z","bid"
"3.938","39.7","2024-05-27T19:11:50.928Z","bid"
"3.9367","2.6","2024-05-27T19:11:50.928Z","bid"
"3.9363","20.9","2024-05-27T19:11:50.928Z","bid"
"3.9353","3.5","2024-05-27T19:11:50.928Z","bid"
"3.9304","1","2024-05-27T19:11:50.928Z","bid"
"3.9296","152.7","2024-05-27T19:11:50.928Z","bid"
"3.9277","49","2024-05-27T19:11:50.928Z","bid"
"3.9237","111","2024-05-27T19:11:50.928Z","bid"
"3.92","76.1","2024-05-27T19:11:50.928Z","bid"
"3.9198","10","2024-05-27T19:11:50.928Z","bid"
"3.9186","54.6","2024-05-27T19:11:50.928Z","bid"
"3.9184","1.7","2024-05-27T19:11:50.928Z","bid"
"3.9176","7","2024-05-27T19:11:50.928Z","bid"
"3.917","25.4","2024-05-27T19:11:50.928Z","bid"
"3.9159","12.3","2024-05-27T19:11:50.928Z","bid"
"3.9158","2.6","2024-05-27T19:11:50.928Z","bid"
"3.915","4.5","2024-05-27T19:11:50.928Z","bid"
"3.9108","6.4","2024-05-27T19:11:50.928Z","bid"
"3.91","22.7","2024-05-27T19:11:50.928Z","bid"
"3.9093","9.4","2024-05-27T19:11:50.928Z","bid"
"3.9084","13.3","2024-05-27T19:11:50.928Z","bid"
"3.9062","50.8","2024-05-27T19:11:50.928Z","bid"
"3.9053","26.1","2024-05-27T19:11:50.928Z","bid"
"3.9048","17.8","2024-05-27T19:11:50.928Z","bid"
"3.9045","90.7","2024-05-27T19:11:50.928Z","bid"
"3.9034","0.8","2024-05-27T19:11:50.928Z","bid"
"3.9001","2.4","2024-05-27T19:11:50.928Z","bid"
"3.9","3568.4","2024-05-27T19:11:50.928Z","bid"
"3.899","1.7","2024-05-27T19:11:50.928Z","bid"
"3.8973","1.2","2024-05-27T19:11:50.928Z","bid"
"3.8951","2.7","2024-05-27T19:11:50.928Z","bid"
"3.8947","0.2","2024-05-27T19:11:50.928Z","bid"
"3.8942","111.8","2024-05-27T19:11:50.928Z","bid"
"3.893","16.4","2024-05-27T19:11:50.928Z","bid"
"3.8921","26.4","2024-05-27T19:11:50.928Z","bid"
"3.8909","12.8","2024-05-27T19:11:50.928Z","bid"
"3.8904","113","2024-05-27T19:11:50.928Z","bid"
"3.89","170","2024-05-27T19:11:50.928Z","bid"
"3.8835","11","2024-05-27T19:11:50.928Z","bid"
"3.88","19.2","2024-05-27T19:11:50.928Z","bid"
"3.8797","37","2024-05-27T19:11:50.928Z","bid"
"3.8786","33.5","2024-05-27T19:11:50.928Z","bid"
"3.8784","7.1","2024-05-27T19:11:50.928Z","bid"
"3.8782","1.2","2024-05-27T19:11:50.928Z","bid"
"3.8781","70","2024-05-27T19:11:50.928Z","bid"
"3.8757","665.7","2024-05-27T19:11:50.928Z","bid"
"3.8745","2.7","2024-05-27T19:11:50.928Z","bid"
"3.8723","9.5","2024-05-27T19:11:50.928Z","bid"
"3.8705","128","2024-05-27T19:11:50.928Z","bid"
"3.87","63.8","2024-05-27T19:11:50.928Z","bid"
"3.8678","12.4","2024-05-27T19:11:50.928Z","bid"
"3.8656","19.2","2024-05-27T19:11:50.928Z","bid"
"3.8652","16","2024-05-27T19:11:50.928Z","bid"
"3.8649","112.6","2024-05-27T19:11:50.928Z","bid"
"3.8626","3.8","2024-05-27T19:11:50.928Z","bid"
"3.8624","6.8","2024-05-27T19:11:50.928Z","bid"
"3.8622","7.7","2024-05-27T19:11:50.928Z","bid"
"3.861","11","2024-05-27T19:11:50.928Z","bid"
"3.8605","22.5","2024-05-27T19:11:50.928Z","bid"
"3.8604","1.7","2024-05-27T19:11:50.928Z","bid"
"3.8599","0.1","2024-05-27T19:11:50.928Z","bid"
"3.857","100","2024-05-27T19:11:50.928Z","bid"
"3.8542","2.7","2024-05-27T19:11:50.928Z","bid"
"3.854","2.7","2024-05-27T19:11:50.928Z","bid"
"3.8533","6.5","2024-05-27T19:11:50.928Z","bid"
"3.8529","7.2","2024-05-27T19:11:50.928Z","bid"
"3.85","65.1","2024-05-27T19:11:50.928Z","bid"
"3.8483","50.8","2024-05-27T19:11:50.928Z","bid"
"3.8482","74.7","2024-05-27T19:11:50.928Z","bid"
"3.8479","33.4","2024-05-27T19:11:50.928Z","bid"
"3.8467","92.1","2024-05-27T19:11:50.928Z","bid"
"3.8413","1.7","2024-05-27T19:11:50.928Z","bid"
"3.8397","7.2","2024-05-27T19:11:50.928Z","bid"
"3.8358","113.5","2024-05-27T19:11:50.928Z","bid"
"3.8356","26.3","2024-05-27T19:11:50.928Z","bid"
"3.8349","4","2024-05-27T19:11:50.928Z","bid"
"3.8336","2.7","2024-05-27T19:11:50.928Z","bid"
"3.8327","7.8","2024-05-27T19:11:50.928Z","bid"
"3.8323","259","2024-05-27T19:11:50.928Z","bid"
"3.83","150","2024-05-27T19:11:50.928Z","bid"
"3.8236","7.2","2024-05-27T19:11:50.928Z","bid"
"3.8222","1.7","2024-05-27T19:11:50.928Z","bid"
"3.82","104.1","2024-05-27T19:11:50.928Z","bid"
"3.8195","56.1","2024-05-27T19:11:50.928Z","bid"
"3.8188","4.6","2024-05-27T19:11:50.928Z","bid"
"3.8184","13.6","2024-05-27T19:11:50.928Z","bid"
"3.8161","28.4","2024-05-27T19:11:50.928Z","bid"
"3.8133","2.7","2024-05-27T19:11:50.928Z","bid"
"3.812","71.2","2024-05-27T19:11:50.928Z","bid"
"3.8114","26.7","2024-05-27T19:11:50.928Z","bid"
"3.81","1569.5","2024-05-27T19:11:50.928Z","bid"
"3.8084","14.8","2024-05-27T19:11:50.928Z","bid"
"3.8069","114.4","2024-05-27T19:11:50.928Z","bid"
"3.806","65.5","2024-05-27T19:11:50.928Z","bid"
"3.8057","13.1","2024-05-27T19:11:50.928Z","bid"
"3.8037","42.3","2024-05-27T19:11:50.928Z","bid"
"3.8033","1.7","2024-05-27T19:11:50.928Z","bid"
"3.8027","5","2024-05-27T19:11:50.928Z","bid"
"3.8026","32.6","2024-05-27T19:11:50.928Z","bid"
"3.8013","7.2","2024-05-27T19:11:50.928Z","bid"
"3.8","6773.5","2024-05-27T19:11:50.928Z","bid"
"3.7989","250","2024-05-27T19:11:50.928Z","bid"
"3.7979","262.8","2024-05-27T19:11:50.928Z","bid"
"3.7967","6.6","2024-05-27T19:11:50.928Z","bid"
"3.7931","2.7","2024-05-27T19:11:50.928Z","bid"
"3.7913","50.8","2024-05-27T19:11:50.928Z","bid"
"3.79","26.3","2024-05-27T19:11:50.928Z","bid"
"3.7897","93.4","2024-05-27T19:11:50.928Z","bid"
"3.7867","6.9","2024-05-27T19:11:50.928Z","bid"
"3.7859","10.6","2024-05-27T19:11:50.928Z","bid"
"3.7844","1.7","2024-05-27T19:11:50.928Z","bid"
"3.7791","16.9","2024-05-27T19:11:50.928Z","bid"
"3.7783","115.2","2024-05-27T19:11:50.928Z","bid"
"3.773","2.7","2024-05-27T19:11:50.928Z","bid"
"3.7717","62.4","2024-05-27T19:11:50.928Z","bid"
"3.768","7.9","2024-05-27T19:11:50.928Z","bid"
"3.7656","1.7","2024-05-27T19:11:50.928Z","bid"
"3.7633","7","2024-05-27T19:11:50.928Z","bid"
"3.7632","7.3","2024-05-27T19:11:50.928Z","bid"
"3.76","133","2024-05-27T19:11:50.928Z","bid"
"3.7594","53.4","2024-05-27T19:11:50.928Z","bid"
"3.7555","52.9","2024-05-27T19:11:50.928Z","bid"
"3.7534","76.6","2024-05-27T19:11:50.928Z","bid"
"3.753","2.8","2024-05-27T19:11:50.928Z","bid"
"3.7526","36.5","2024-05-27T19:11:50.928Z","bid"
"3.7513","5","2024-05-27T19:11:50.928Z","bid"
"3.75","468.3","2024-05-27T19:11:50.928Z","bid"
"3.7499","116.1","2024-05-27T19:11:50.928Z","bid"
"3.748","1.2","2024-05-27T19:11:50.928Z","bid"
"3.7479","10.6","2024-05-27T19:11:50.928Z","bid"
"3.7471","72.4","2024-05-27T19:11:50.928Z","bid"
"3.747","1.7","2024-05-27T19:11:50.928Z","bid"
"3.7409","6.7","2024-05-27T19:11:50.928Z","bid"
"3.74","21.3","2024-05-27T19:11:50.928Z","bid"
"3.7351","50.8","2024-05-27T19:11:50.928Z","bid"
"3.7336","94.9","2024-05-27T19:11:50.928Z","bid"
"3.7331","2.8","2024-05-27T19:11:50.928Z","bid"
"3.7304","14","2024-05-27T19:11:50.928Z","bid"
"3.7298","1.3","2024-05-27T19:11:50.928Z","bid"
"3.7284","1.7","2024-05-27T19:11:50.928Z","bid"
"3.7273","45.4","2024-05-27T19:11:50.928Z","bid"
"3.7256","7.4","2024-05-27T19:11:50.928Z","bid"
"3.725","4.7","2024-05-27T19:11:50.928Z","bid"
"3.7234","17.2","2024-05-27T19:11:50.928Z","bid"
"3.7229","57.5","2024-05-27T19:11:50.928Z","bid"
"3.7224","13.4","2024-05-27T19:11:50.928Z","bid"
"3.72","73.6","2024-05-27T19:11:50.928Z","bid"
"3.7198","27.4","2024-05-27T19:11:50.928Z","bid"
"3.7152","67.6","2024-05-27T19:11:50.928Z","bid"
"3.7151","4.6","2024-05-27T19:11:50.928Z","bid"
"3.7133","2.8","2024-05-27T19:11:50.928Z","bid"
"3.7125","7","2024-05-27T19:11:50.928Z","bid"
"3.712","5.3","2024-05-27T19:11:50.928Z","bid"
"3.71","13.4","2024-05-27T19:11:50.928Z","bid"
"3.7099","1.7","2024-05-27T19:11:50.928Z","bid"
"3.7059","267","2024-05-27T19:11:50.928Z","bid"
"3.7039","134.9","2024-05-27T19:11:50.928Z","bid"
"3.7","148.5","2024-05-27T19:11:50.928Z","bid"
"3.699","1.1","2024-05-27T19:11:50.928Z","bid"
"3.6936","2.8","2024-05-27T19:11:50.928Z","bid"
"3.6915","251.7","2024-05-27T19:11:50.928Z","bid"
"3.6907","40","2024-05-27T19:11:50.928Z","bid"
"3.6888","300","2024-05-27T19:11:50.928Z","bid"
"3.6883","7.5","2024-05-27T19:11:50.928Z","bid"
"3.6859","20.2","2024-05-27T19:11:50.928Z","bid"
"3.6832","73.7","2024-05-27T19:11:50.928Z","bid"
"3.683","57.4","2024-05-27T19:11:50.928Z","bid"
"3.6797","50.8","2024-05-27T19:11:50.928Z","bid"
"3.6783","96.3","2024-05-27T19:11:50.928Z","bid"
"3.6761","8.1","2024-05-27T19:11:50.928Z","bid"
"3.676","16.9","2024-05-27T19:11:50.928Z","bid"
"3.674","2.8","2024-05-27T19:11:50.928Z","bid"
"3.6732","1.7","2024-05-27T19:11:50.928Z","bid"
"3.671","85.5","2024-05-27T19:11:50.928Z","bid"
"3.6685","17.4","2024-05-27T19:11:50.928Z","bid"
"3.6653","33.7","2024-05-27T19:11:50.928Z","bid"
"3.661","78.5","2024-05-27T19:11:50.928Z","bid"
"3.658","1000","2024-05-27T19:11:50.928Z","bid"
"3.6574","5","2024-05-27T19:11:50.928Z","bid"
"3.655","1.7","2024-05-27T19:11:50.928Z","bid"
"3.6545","2.8","2024-05-27T19:11:50.928Z","bid"
"3.6533","40.5","2024-05-27T19:11:50.928Z","bid"
"3.6528","3","2024-05-27T19:11:50.928Z","bid"
"3.6515","7.5","2024-05-27T19:11:50.928Z","bid"
"3.65","2.7","2024-05-27T19:11:50.928Z","bid"
"3.6493","46.7","2024-05-27T19:11:50.928Z","bid"
"3.6464","4.6","2024-05-27T19:11:50.928Z","bid"
"3.6445","14.3","2024-05-27T19:11:50.928Z","bid"
"3.6409","13.7","2024-05-27T19:11:50.928Z","bid"
"3.6398","7.2","2024-05-27T19:11:50.928Z","bid"
"3.6386","72.7","2024-05-27T19:11:50.928Z","bid"
"3.6368","1.7","2024-05-27T19:11:50.928Z","bid"
"3.6351","2.8","2024-05-27T19:11:50.928Z","bid"
"3.6335","4.9","2024-05-27T19:11:50.928Z","bid"
"3.6317","6.9","2024-05-27T19:11:50.928Z","bid"
"3.6303","28.1","2024-05-27T19:11:50.928Z","bid"
"3.6299","37.6","2024-05-27T19:11:50.928Z","bid"
"3.6296","37.7","2024-05-27T19:11:50.928Z","bid"
"3.6287","59","2024-05-27T19:11:50.928Z","bid"
"3.6267","108.1","2024-05-27T19:11:50.928Z","bid"
"3.6252","50.8","2024-05-27T19:11:50.928Z","bid"
"3.6238","97.7","2024-05-27T19:11:50.928Z","bid"
"3.6212","7.1","2024-05-27T19:11:50.928Z","bid"
"3.6205","75","2024-05-27T19:11:50.928Z","bid"
"3.62","688.8","2024-05-27T19:11:50.928Z","bid"
"3.6188","1.7","2024-05-27T19:11:50.928Z","bid"
"3.6158","2.9","2024-05-27T19:11:50.928Z","bid"
"3.6149","7.6","2024-05-27T19:11:50.928Z","bid"
"3.6144","17.7","2024-05-27T19:11:50.928Z","bid"
"3.6014","55.3","2024-05-27T19:11:50.928Z","bid"
"3.6009","1.7","2024-05-27T19:11:50.928Z","bid"
"3.6","616.8","2024-05-27T19:11:50.928Z","bid"
"3.5966","2.9","2024-05-27T19:11:50.928Z","bid"
"3.59","8.7","2024-05-27T19:11:50.928Z","bid"
"3.5864","8.3","2024-05-27T19:11:50.928Z","bid"
"3.583","1.7","2024-05-27T19:11:50.928Z","bid"
"3.5788","7.7","2024-05-27T19:11:50.928Z","bid"
"3.5783","7","2024-05-27T19:11:50.928Z","bid"
"3.5775","2.9","2024-05-27T19:11:50.928Z","bid"
"3.5715","50.8","2024-05-27T19:11:50.928Z","bid"
"3.5708","80.5","2024-05-27T19:11:50.928Z","bid"
"3.5701","99.2","2024-05-27T19:11:50.928Z","bid"
"3.5685","7.3","2024-05-27T19:11:50.928Z","bid"
"3.5652","1.7","2024-05-27T19:11:50.928Z","bid"
"3.5612","14","2024-05-27T19:11:50.928Z","bid"
"3.5611","18","2024-05-27T19:11:50.928Z","bid"
"3.5606","14.6","2024-05-27T19:11:50.928Z","bid"
"3.56","121.1","2024-05-27T19:11:50.928Z","bid"
"3.5588","76.3","2024-05-27T19:11:50.928Z","bid"
"3.5585","2.9","2024-05-27T19:11:50.928Z","bid"
"3.557","100","2024-05-27T19:11:50.928Z","bid"
"3.5511","211.2","2024-05-27T19:11:50.928Z","bid"
"3.55","7879","2024-05-27T19:11:50.928Z","bid"
"3.5476","1.7","2024-05-27T19:11:50.928Z","bid"
"3.5442","5","2024-05-27T19:11:50.928Z","bid"
"3.543","36.6","2024-05-27T19:11:50.928Z","bid"
"3.54","3.6","2024-05-27T19:11:50.928Z","bid"
"3.5396","2.9","2024-05-27T19:11:50.928Z","bid"
"3.5369","60.5","2024-05-27T19:11:50.928Z","bid"
"3.53","1.7","2024-05-27T19:11:50.928Z","bid"
"3.5274","5.6","2024-05-27T19:11:50.928Z","bid"
"3.5257","7.1","2024-05-27T19:11:50.928Z","bid"
"3.5208","2.9","2024-05-27T19:11:50.928Z","bid"
"3.5186","50.8","2024-05-27T19:11:50.928Z","bid"
"3.5183","4.2","2024-05-27T19:11:50.928Z","bid"
"3.5172","100.7","2024-05-27T19:11:50.928Z","bid"
"3.5125","1.7","2024-05-27T19:11:50.928Z","bid"
"3.5107","39","2024-05-27T19:11:50.928Z","bid"
"3.51","14231.6","2024-05-27T19:11:50.928Z","bid"
"3.5086","18.2","2024-05-27T19:11:50.928Z","bid"
"3.5076","7.9","2024-05-27T19:11:50.928Z","bid"
"3.5021","3","2024-05-27T19:11:50.928Z","bid"
"3.5","3270.1","2024-05-27T19:11:50.928Z","bid"
"3.4989","8.5","2024-05-27T19:11:50.928Z","bid"
"3.4986","7.5","2024-05-27T19:11:50.928Z","bid"
"3.4982","77.6","2024-05-27T19:11:50.928Z","bid"
"3.495","1.7","2024-05-27T19:11:50.928Z","bid"
"3.4835","3","2024-05-27T19:11:50.928Z","bid"
"3.4832","14.3","2024-05-27T19:11:50.928Z","bid"
"3.4829","82.5","2024-05-27T19:11:50.928Z","bid"
"3.479","28.5","2024-05-27T19:11:50.928Z","bid"
"3.4785","15","2024-05-27T19:11:50.928Z","bid"
"3.4777","1.7","2024-05-27T19:11:50.928Z","bid"
"3.4739","7.2","2024-05-27T19:11:50.928Z","bid"
"3.4725","7.9","2024-05-27T19:11:50.928Z","bid"
"3.4664","50.8","2024-05-27T19:11:50.928Z","bid"
"3.4651","102.2","2024-05-27T19:11:50.928Z","bid"
"3.465","3","2024-05-27T19:11:50.928Z","bid"
"3.4612","4.9","2024-05-27T19:11:50.928Z","bid"
"3.4605","1.7","2024-05-27T19:11:50.928Z","bid"
"3.4579","29.5","2024-05-27T19:11:50.928Z","bid"
"3.4571","5.1","2024-05-27T19:11:50.928Z","bid"
"3.4569","18.5","2024-05-27T19:11:50.928Z","bid"
"3.4519","11.6","2024-05-27T19:11:50.928Z","bid"
"3.45","869.5","2024-05-27T19:11:50.928Z","bid"
"3.4474","62.1","2024-05-27T19:11:50.928Z","bid"
"3.4466","3","2024-05-27T19:11:50.928Z","bid"
"3.446","14.5","2024-05-27T19:11:50.928Z","bid"
"3.4433","1.7","2024-05-27T19:11:50.928Z","bid"
"3.4385","78.9","2024-05-27T19:11:50.928Z","bid"
"3.4378","8","2024-05-27T19:11:50.928Z","bid"
"3.4319","10","2024-05-27T19:11:50.928Z","bid"
"3.43","7.6","2024-05-27T19:11:50.928Z","bid"
"3.4283","3","2024-05-27T19:11:50.928Z","bid"
"3.4262","1.7","2024-05-27T19:11:50.928Z","bid"
"3.4228","7.3","2024-05-27T19:11:50.928Z","bid"
"3.4151","50.8","2024-05-27T19:11:50.928Z","bid"
"3.4138","103.7","2024-05-27T19:11:50.928Z","bid"
"3.4135","8.7","2024-05-27T19:11:50.928Z","bid"
"3.4101","3","2024-05-27T19:11:50.928Z","bid"
"3.4092","1.7","2024-05-27T19:11:50.928Z","bid"
"3.4069","14.6","2024-05-27T19:11:50.928Z","bid"
"3.406","18.8","2024-05-27T19:11:50.928Z","bid"
"3.4049","8.5","2024-05-27T19:11:50.928Z","bid"
"3.4034","8.1","2024-05-27T19:11:50.928Z","bid"
"3.401","17.1","2024-05-27T19:11:50.928Z","bid"
"3.4","156.1","2024-05-27T19:11:50.928Z","bid"
"3.3956","40.3","2024-05-27T19:11:50.928Z","bid"
"3.3923","1.7","2024-05-27T19:11:50.928Z","bid"
"3.392","3.1","2024-05-27T19:11:50.928Z","bid"
"3.38","80.3","2024-05-27T19:11:50.928Z","bid"
"3.3755","1.7","2024-05-27T19:11:50.928Z","bid"
"3.3747","30.2","2024-05-27T19:11:50.928Z","bid"
"3.374","3.1","2024-05-27T19:11:50.928Z","bid"
"3.3725","7.4","2024-05-27T19:11:50.928Z","bid"
"3.3722","5.2","2024-05-27T19:11:50.928Z","bid"
"3.3693","8.2","2024-05-27T19:11:50.928Z","bid"
"3.3645","50.8","2024-05-27T19:11:50.928Z","bid"
"3.3632","105.3","2024-05-27T19:11:50.928Z","bid"
"3.3628","7.8","2024-05-27T19:11:50.928Z","bid"
"3.3588","1.7","2024-05-27T19:11:50.928Z","bid"
"3.3561","3.1","2024-05-27T19:11:50.928Z","bid"
"3.3558","20.1","2024-05-27T19:11:50.928Z","bid"
"3.3422","299.2","2024-05-27T19:11:50.928Z","bid"
"3.3421","1.7","2024-05-27T19:11:50.928Z","bid"
"3.3418","5.9","2024-05-27T19:11:50.928Z","bid"
"3.3383","3.1","2024-05-27T19:11:50.928Z","bid"
"3.3356","8.3","2024-05-27T19:11:50.928Z","bid"
"3.3335","6.5","2024-05-27T19:11:50.928Z","bid"
"3.3324","15","2024-05-27T19:11:50.928Z","bid"
"3.3302","8.9","2024-05-27T19:11:50.928Z","bid"
"3.33","50","2024-05-27T19:11:50.928Z","bid"
"3.3255","1.7","2024-05-27T19:11:50.928Z","bid"
"3.3229","7.5","2024-05-27T19:11:50.928Z","bid"
"3.3224","81.7","2024-05-27T19:11:50.928Z","bid"
"3.3206","3.1","2024-05-27T19:11:50.928Z","bid"
"3.32","383.2","2024-05-27T19:11:50.928Z","bid"
"3.3138","50.8","2024-05-27T19:11:50.928Z","bid"
"3.3134","106.9","2024-05-27T19:11:50.928Z","bid"
"3.3103","3","2024-05-27T19:11:50.928Z","bid"
"3.309","1.7","2024-05-27T19:11:50.928Z","bid"
"3.3064","19.4","2024-05-27T19:11:50.928Z","bid"
"3.303","3.1","2024-05-27T19:11:50.928Z","bid"
"3.3023","8.3","2024-05-27T19:11:50.928Z","bid"
"3.3","7.5","2024-05-27T19:11:50.928Z","bid"
"3.2969","6.3","2024-05-27T19:11:50.928Z","bid"
"3.2936","31","2024-05-27T19:11:50.928Z","bid"
"3.2926","1.7","2024-05-27T19:11:50.928Z","bid"
"3.2893","5.4","2024-05-27T19:11:50.928Z","bid"
"3.2855","3.2","2024-05-27T19:11:50.928Z","bid"
"3.2844","41.7","2024-05-27T19:11:50.928Z","bid"
"3.28","115","2024-05-27T19:11:50.928Z","bid"
"3.2763","1.7","2024-05-27T19:11:50.928Z","bid"
"3.274","7.6","2024-05-27T19:11:50.928Z","bid"
"3.2693","8.4","2024-05-27T19:11:50.928Z","bid"
"3.2681","3.2","2024-05-27T19:11:50.928Z","bid"
"3.2643","108.5","2024-05-27T19:11:50.928Z","bid"
"3.2639","50.8","2024-05-27T19:11:50.928Z","bid"
"3.2601","1.7","2024-05-27T19:11:50.928Z","bid"
"3.26","101.5","2024-05-27T19:11:50.928Z","bid"
"3.2577","19.6","2024-05-27T19:11:50.928Z","bid"
"3.2508","3.2","2024-05-27T19:11:50.928Z","bid"
"3.2501","15359.6","2024-05-27T19:11:50.928Z","bid"
"3.25","1661.8","2024-05-27T19:11:50.928Z","bid"
"3.2489","9.1","2024-05-27T19:11:50.928Z","bid"
"3.2439","1.7","2024-05-27T19:11:50.928Z","bid"
"3.2336","3.2","2024-05-27T19:11:50.928Z","bid"
"3.2323","8.1","2024-05-27T19:11:50.928Z","bid"
"3.2278","1.7","2024-05-27T19:11:50.928Z","bid"
"3.2259","7.8","2024-05-27T19:11:50.928Z","bid"
"3.2165","3.2","2024-05-27T19:11:50.928Z","bid"
"3.2159","110.1","2024-05-27T19:11:50.928Z","bid"
"3.2148","50.8","2024-05-27T19:11:50.928Z","bid"
"3.2144","31.7","2024-05-27T19:11:50.928Z","bid"
"3.2118","1.7","2024-05-27T19:11:50.928Z","bid"
"3.2097","19.9","2024-05-27T19:11:50.928Z","bid"
"3.2086","23.2","2024-05-27T19:11:50.928Z","bid"
"3.2085","5.5","2024-05-27T19:11:50.928Z","bid"
"3.2","203.1","2024-05-27T19:11:50.928Z","bid"
"3.1995","3.2","2024-05-27T19:11:50.928Z","bid"
"3.1959","1.7","2024-05-27T19:11:50.928Z","bid"
"3.1934","29.4","2024-05-27T19:11:50.928Z","bid"
"3.1825","3.3","2024-05-27T19:11:50.928Z","bid"
"3.18","4.2","2024-05-27T19:11:50.928Z","bid"
"3.1785","7.9","2024-05-27T19:11:50.928Z","bid"
"3.1768","43.1","2024-05-27T19:11:50.928Z","bid"
"3.173","1334.7","2024-05-27T19:11:50.928Z","bid"
"3.17","471.2","2024-05-27T19:11:50.928Z","bid"
"3.1696","9.4","2024-05-27T19:11:50.928Z","bid"
"3.169","8.3","2024-05-27T19:11:50.928Z","bid"
"3.1683","111.8","2024-05-27T19:11:50.928Z","bid"
"3.1664","50.8","2024-05-27T19:11:50.928Z","bid"
"3.1656","3.3","2024-05-27T19:11:50.928Z","bid"
"3.1642","1.7","2024-05-27T19:11:50.928Z","bid"
"3.1624","20.2","2024-05-27T19:11:50.928Z","bid"
"3.16","1721.7","2024-05-27T19:11:50.928Z","bid"
"3.15","913.4","2024-05-27T19:11:50.928Z","bid"
"3.1488","3.3","2024-05-27T19:11:50.928Z","bid"
"3.1486","1.7","2024-05-27T19:11:50.928Z","bid"
"3.1371","32.5","2024-05-27T19:11:50.928Z","bid"
"3.1321","3.3","2024-05-27T19:11:50.928Z","bid"
"3.1318","8","2024-05-27T19:11:50.928Z","bid"
"3.1297","5.7","2024-05-27T19:11:50.928Z","bid"
"3.1214","113.5","2024-05-27T19:11:50.928Z","bid"
"3.12","3.1","2024-05-27T19:11:50.928Z","bid"
"3.1187","50.8","2024-05-27T19:11:50.928Z","bid"
"3.1158","20.5","2024-05-27T19:11:50.928Z","bid"
"3.1155","3.3","2024-05-27T19:11:50.928Z","bid"
"3.1122","510.7","2024-05-27T19:11:50.928Z","bid"
"3.1069","8.4","2024-05-27T19:11:50.928Z","bid"
"3.1","6228.2","2024-05-27T19:11:50.928Z","bid"
"3.099","3.3","2024-05-27T19:11:50.928Z","bid"
"3.0923","9.6","2024-05-27T19:11:50.928Z","bid"
"3.0858","8.1","2024-05-27T19:11:50.928Z","bid"
"3.0826","3.4","2024-05-27T19:11:50.928Z","bid"
"3.0752","115.2","2024-05-27T19:11:50.928Z","bid"
"3.0727","44.5","2024-05-27T19:11:50.928Z","bid"
"3.0717","50.8","2024-05-27T19:11:50.928Z","bid"
"3.07","50","2024-05-27T19:11:50.928Z","bid"
"3.0699","20.9","2024-05-27T19:11:50.928Z","bid"
"3.0663","3.4","2024-05-27T19:11:50.928Z","bid"
"3.0616","33.3","2024-05-27T19:11:50.928Z","bid"
"3.06","108.2","2024-05-27T19:11:50.928Z","bid"
"3.0528","5.8","2024-05-27T19:11:50.928Z","bid"
"3.05","24.9","2024-05-27T19:11:50.928Z","bid"
"3.046","8.6","2024-05-27T19:11:50.928Z","bid"
"3.0404","8.2","2024-05-27T19:11:50.928Z","bid"
"3.0338","3.4","2024-05-27T19:11:50.928Z","bid"
"3.0296","116.9","2024-05-27T19:11:50.928Z","bid"
"3.0254","50.8","2024-05-27T19:11:50.928Z","bid"
"3.0247","21.2","2024-05-27T19:11:50.928Z","bid"
"3.02","1651.4","2024-05-27T19:11:50.928Z","bid"
"3.0177","3.4","2024-05-27T19:11:50.928Z","bid"
"3.0168","9.8","2024-05-27T19:11:50.928Z","bid"
"3.0017","3.5","2024-05-27T19:11:50.928Z","bid"
"3","2707.8","2024-05-27T19:11:50.928Z","bid"
"2.9957","8.4","2024-05-27T19:11:50.928Z","bid"
"2.988","34.1","2024-05-27T19:11:50.928Z","bid"
"2.9864","8.8","2024-05-27T19:11:50.928Z","bid"
"2.9858","3.5","2024-05-27T19:11:50.928Z","bid"
"2.9847","118.7","2024-05-27T19:11:50.928Z","bid"
"2.9801","21.5","2024-05-27T19:11:50.928Z","bid"
"2.98","5.6","2024-05-27T19:11:50.928Z","bid"
"2.9798","50.8","2024-05-27T19:11:50.928Z","bid"
"2.979","36.2","2024-05-27T19:11:50.928Z","bid"
"2.9721","46.1","2024-05-27T19:11:50.928Z","bid"
"2.97","3.5","2024-05-27T19:11:50.928Z","bid"
"2.96","26","2024-05-27T19:11:50.928Z","bid"
"2.9543","3.5","2024-05-27T19:11:50.928Z","bid"
"2.9517","8.5","2024-05-27T19:11:50.928Z","bid"
"2.9432","10.1","2024-05-27T19:11:50.928Z","bid"
"2.9405","120.5","2024-05-27T19:11:50.928Z","bid"
"2.9386","3.5","2024-05-27T19:11:50.928Z","bid"
"2.9362","21.8","2024-05-27T19:11:50.928Z","bid"
"2.9349","50.8","2024-05-27T19:11:50.928Z","bid"
"2.934","2000","2024-05-27T19:11:50.928Z","bid"
"2.9279","8.9","2024-05-27T19:11:50.928Z","bid"
"2.923","3.5","2024-05-27T19:11:50.928Z","bid"
"2.92","8920.3","2024-05-27T19:11:50.928Z","bid"
"4.2825","179.1","2024-05-27T19:11:50.927Z","ask"
"4.2826","53.2","2024-05-27T19:11:50.927Z","ask"
"4.2829","46.7","2024-05-27T19:11:50.927Z","ask"
"4.283","46","2024-05-27T19:11:50.927Z","ask"
"4.2864","147.3","2024-05-27T19:11:50.927Z","ask"
"4.2875","921.9","2024-05-27T19:11:50.927Z","ask"
"4.2894","15.3","2024-05-27T19:11:50.927Z","ask"
"4.29","55","2024-05-27T19:11:50.927Z","ask"
"4.291","20","2024-05-27T19:11:50.927Z","ask"
"4.292","20","2024-05-27T19:11:50.927Z","ask"
"4.2922","0.6","2024-05-27T19:11:50.927Z","ask"
"4.293","20","2024-05-27T19:11:50.927Z","ask"
"4.2931","46.5","2024-05-27T19:11:50.927Z","ask"
"4.2933","79","2024-05-27T19:11:50.927Z","ask"
"4.294","20","2024-05-27T19:11:50.927Z","ask"
"4.295","20","2024-05-27T19:11:50.927Z","ask"
"4.2955","1.3","2024-05-27T19:11:50.927Z","ask"
"4.296","20","2024-05-27T19:11:50.927Z","ask"
"4.2965","7.1","2024-05-27T19:11:50.927Z","ask"
"4.2969","2.4","2024-05-27T19:11:50.927Z","ask"
"4.297","20","2024-05-27T19:11:50.927Z","ask"
"4.2972","102.8","2024-05-27T19:11:50.927Z","ask"
"4.2974","6.2","2024-05-27T19:11:50.927Z","ask"
"4.2979","1.7","2024-05-27T19:11:50.927Z","ask"
"4.298","20","2024-05-27T19:11:50.927Z","ask"
"4.2988","12.1","2024-05-27T19:11:50.927Z","ask"
"4.299","20","2024-05-27T19:11:50.927Z","ask"
"4.3","20","2024-05-27T19:11:50.927Z","ask"
"4.3002","75","2024-05-27T19:11:50.927Z","ask"
"4.301","20","2024-05-27T19:11:50.927Z","ask"
"4.302","20","2024-05-27T19:11:50.927Z","ask"
"4.303","20","2024-05-27T19:11:50.927Z","ask"
"4.3037","84.2","2024-05-27T19:11:50.927Z","ask"
"4.304","31.4","2024-05-27T19:11:50.927Z","ask"
"4.305","20","2024-05-27T19:11:50.927Z","ask"
"4.3057","50.8","2024-05-27T19:11:50.927Z","ask"
"4.3059","79.6","2024-05-27T19:11:50.927Z","ask"
"4.306","20","2024-05-27T19:11:50.927Z","ask"
"4.307","20","2024-05-27T19:11:50.927Z","ask"
"4.308","20","2024-05-27T19:11:50.927Z","ask"
"4.3081","5.9","2024-05-27T19:11:50.927Z","ask"
"4.309","20","2024-05-27T19:11:50.927Z","ask"
"4.31","20","2024-05-27T19:11:50.927Z","ask"
"4.311","20","2024-05-27T19:11:50.927Z","ask"
"4.312","20","2024-05-27T19:11:50.927Z","ask"
"4.313","20","2024-05-27T19:11:50.927Z","ask"
"4.314","20","2024-05-27T19:11:50.927Z","ask"
"4.3149","4060.8","2024-05-27T19:11:50.927Z","ask"
"4.315","20","2024-05-27T19:11:50.927Z","ask"
"4.3157","4198.5","2024-05-27T19:11:50.927Z","ask"
"4.3158","6141.5","2024-05-27T19:11:50.927Z","ask"
"4.316","20","2024-05-27T19:11:50.927Z","ask"
"4.317","20","2024-05-27T19:11:50.927Z","ask"
"4.318","20","2024-05-27T19:11:50.927Z","ask"
"4.3189","8.6","2024-05-27T19:11:50.927Z","ask"
"4.319","20","2024-05-27T19:11:50.927Z","ask"
"4.3194","1.7","2024-05-27T19:11:50.927Z","ask"
"4.3199","2.4","2024-05-27T19:11:50.927Z","ask"
"4.32","20","2024-05-27T19:11:50.927Z","ask"
"4.3205","33","2024-05-27T19:11:50.927Z","ask"
"4.321","20","2024-05-27T19:11:50.927Z","ask"
"4.322","30.6","2024-05-27T19:11:50.927Z","ask"
"4.3221","6.5","2024-05-27T19:11:50.927Z","ask"
"4.323","20","2024-05-27T19:11:50.927Z","ask"
"4.3236","12.4","2024-05-27T19:11:50.927Z","ask"
"4.324","20","2024-05-27T19:11:50.927Z","ask"
"4.325","20","2024-05-27T19:11:50.927Z","ask"
"4.326","20","2024-05-27T19:11:50.927Z","ask"
"4.327","20","2024-05-27T19:11:50.927Z","ask"
"4.328","20","2024-05-27T19:11:50.927Z","ask"
"4.3281","5.2","2024-05-27T19:11:50.927Z","ask"
"4.329","20","2024-05-27T19:11:50.927Z","ask"
"4.3298","102.8","2024-05-27T19:11:50.927Z","ask"
"4.33","20","2024-05-27T19:11:50.927Z","ask"
"4.3308","1.3","2024-05-27T19:11:50.927Z","ask"
"4.3309","1011.3","2024-05-27T19:11:50.927Z","ask"
"4.331","20","2024-05-27T19:11:50.927Z","ask"
"4.3314","108.2","2024-05-27T19:11:50.927Z","ask"
"4.332","20","2024-05-27T19:11:50.927Z","ask"
"4.3322","182.1","2024-05-27T19:11:50.927Z","ask"
"4.333","20","2024-05-27T19:11:50.927Z","ask"
"4.334","84.2","2024-05-27T19:11:50.927Z","ask"
"4.335","20","2024-05-27T19:11:50.927Z","ask"
"4.336","20","2024-05-27T19:11:50.927Z","ask"
"4.3367","407","2024-05-27T19:11:50.927Z","ask"
"4.337","20","2024-05-27T19:11:50.927Z","ask"
"4.338","20","2024-05-27T19:11:50.927Z","ask"
"4.339","20","2024-05-27T19:11:50.927Z","ask"
"4.3398","24.3","2024-05-27T19:11:50.927Z","ask"
"4.34","20","2024-05-27T19:11:50.927Z","ask"
"4.3409","80.7","2024-05-27T19:11:50.927Z","ask"
"4.341","20","2024-05-27T19:11:50.927Z","ask"
"4.342","20","2024-05-27T19:11:50.927Z","ask"
"4.3421","91","2024-05-27T19:11:50.927Z","ask"
"4.3423","2.4","2024-05-27T19:11:50.927Z","ask"
"4.3429","2.4","2024-05-27T19:11:50.927Z","ask"
"4.343","20","2024-05-27T19:11:50.927Z","ask"
"4.344","20","2024-05-27T19:11:50.927Z","ask"
"4.345","20","2024-05-27T19:11:50.927Z","ask"
"4.346","20","2024-05-27T19:11:50.927Z","ask"
"4.347","20","2024-05-27T19:11:50.927Z","ask"
"4.348","20","2024-05-27T19:11:50.927Z","ask"
"4.349","20","2024-05-27T19:11:50.927Z","ask"
"4.35","402.1","2024-05-27T19:11:50.927Z","ask"
"4.3504","364.2","2024-05-27T19:11:50.927Z","ask"
"4.351","20","2024-05-27T19:11:50.927Z","ask"
"4.352","20","2024-05-27T19:11:50.927Z","ask"
"4.353","20","2024-05-27T19:11:50.927Z","ask"
"4.3535","15","2024-05-27T19:11:50.927Z","ask"
"4.3537","728.3","2024-05-27T19:11:50.927Z","ask"
"4.354","20","2024-05-27T19:11:50.927Z","ask"
"4.355","20","2024-05-27T19:11:50.927Z","ask"
"4.356","20","2024-05-27T19:11:50.927Z","ask"
"4.357","20","2024-05-27T19:11:50.927Z","ask"
"4.3576","11.2","2024-05-27T19:11:50.927Z","ask"
"4.358","20","2024-05-27T19:11:50.927Z","ask"
"4.359","20","2024-05-27T19:11:50.927Z","ask"
"4.3596","0.2","2024-05-27T19:11:50.927Z","ask"
"4.36","20","2024-05-27T19:11:50.927Z","ask"
"4.361","20","2024-05-27T19:11:50.927Z","ask"
"4.3611","30.1","2024-05-27T19:11:50.927Z","ask"
"4.3613","50.7","2024-05-27T19:11:50.927Z","ask"
"4.3614","0.6","2024-05-27T19:11:50.927Z","ask"
"4.362","20","2024-05-27T19:11:50.927Z","ask"
"4.3625","3.9","2024-05-27T19:11:50.927Z","ask"
"4.3626","101.3","2024-05-27T19:11:50.927Z","ask"
"4.363","20","2024-05-27T19:11:50.927Z","ask"
"4.364","20","2024-05-27T19:11:50.927Z","ask"
"4.3643","0.7","2024-05-27T19:11:50.927Z","ask"
"4.3645","12.1","2024-05-27T19:11:50.927Z","ask"
"4.3647","37.1","2024-05-27T19:11:50.927Z","ask"
"4.365","20","2024-05-27T19:11:50.927Z","ask"
"4.3656","6.4","2024-05-27T19:11:50.927Z","ask"
"4.366","22.4","2024-05-27T19:11:50.927Z","ask"
"4.3662","1.3","2024-05-27T19:11:50.927Z","ask"
"4.367","20","2024-05-27T19:11:50.927Z","ask"
"4.368","20","2024-05-27T19:11:50.927Z","ask"
"4.3683","548.8","2024-05-27T19:11:50.927Z","ask"
"4.3684","82.9","2024-05-27T19:11:50.927Z","ask"
"4.369","20","2024-05-27T19:11:50.927Z","ask"
"4.37","20","2024-05-27T19:11:50.927Z","ask"
"4.3704","50.8","2024-05-27T19:11:50.927Z","ask"
"4.371","20","2024-05-27T19:11:50.927Z","ask"
"4.3715","55.4","2024-05-27T19:11:50.927Z","ask"
"4.372","20","2024-05-27T19:11:50.927Z","ask"
"4.3724","5.8","2024-05-27T19:11:50.927Z","ask"
"4.373","20","2024-05-27T19:11:50.927Z","ask"
"4.374","20","2024-05-27T19:11:50.927Z","ask"
"4.375","20","2024-05-27T19:11:50.927Z","ask"
"4.3753","50.6","2024-05-27T19:11:50.927Z","ask"
"4.376","20","2024-05-27T19:11:50.927Z","ask"
"4.3762","78.3","2024-05-27T19:11:50.927Z","ask"
"4.3764","11","2024-05-27T19:11:50.927Z","ask"
"4.377","20","2024-05-27T19:11:50.927Z","ask"
"4.3778","910.4","2024-05-27T19:11:50.927Z","ask"
"4.378","20","2024-05-27T19:11:50.927Z","ask"
"4.379","20","2024-05-27T19:11:50.927Z","ask"
"4.38","20","2024-05-27T19:11:50.927Z","ask"
"4.381","20","2024-05-27T19:11:50.927Z","ask"
"4.382","20","2024-05-27T19:11:50.927Z","ask"
"4.3825","95.9","2024-05-27T19:11:50.927Z","ask"
"4.383","20","2024-05-27T19:11:50.927Z","ask"
"4.3832","6.1","2024-05-27T19:11:50.927Z","ask"
"4.3835","72.1","2024-05-27T19:11:50.927Z","ask"
"4.3836","34","2024-05-27T19:11:50.927Z","ask"
"4.384","20","2024-05-27T19:11:50.927Z","ask"
"4.3843","1.7","2024-05-27T19:11:50.927Z","ask"
"4.385","153.2","2024-05-27T19:11:50.927Z","ask"
"4.386","20","2024-05-27T19:11:50.927Z","ask"
"4.387","20","2024-05-27T19:11:50.927Z","ask"
"4.388","20","2024-05-27T19:11:50.927Z","ask"
"4.389","20","2024-05-27T19:11:50.927Z","ask"
"4.3892","2.4","2024-05-27T19:11:50.927Z","ask"
"4.39","20","2024-05-27T19:11:50.927Z","ask"
"4.391","20","2024-05-27T19:11:50.927Z","ask"
"4.392","20","2024-05-27T19:11:50.927Z","ask"
"4.393","20","2024-05-27T19:11:50.927Z","ask"
"4.394","20","2024-05-27T19:11:50.927Z","ask"
"4.395","20","2024-05-27T19:11:50.927Z","ask"
"4.3957","100.6","2024-05-27T19:11:50.927Z","ask"
"4.3959","67.6","2024-05-27T19:11:50.927Z","ask"
"4.396","20","2024-05-27T19:11:50.927Z","ask"
"4.397","31.3","2024-05-27T19:11:50.927Z","ask"
"4.3975","55.3","2024-05-27T19:11:50.927Z","ask"
"4.3979","3.6","2024-05-27T19:11:50.927Z","ask"
"4.398","20","2024-05-27T19:11:50.927Z","ask"
"4.399","20","2024-05-27T19:11:50.927Z","ask"
"4.4","20","2024-05-27T19:11:50.927Z","ask"
"4.401","20","2024-05-27T19:11:50.927Z","ask"
"4.4015","1.3","2024-05-27T19:11:50.927Z","ask"
"4.402","20","2024-05-27T19:11:50.927Z","ask"
"4.403","20","2024-05-27T19:11:50.927Z","ask"
"4.4039","6.9","2024-05-27T19:11:50.927Z","ask"
"4.404","20","2024-05-27T19:11:50.927Z","ask"
"4.405","20","2024-05-27T19:11:50.927Z","ask"
"4.4053","20.8","2024-05-27T19:11:50.927Z","ask"
"4.406","20","2024-05-27T19:11:50.927Z","ask"
"4.4061","1.7","2024-05-27T19:11:50.927Z","ask"
"4.407","20","2024-05-27T19:11:50.927Z","ask"
"4.408","20","2024-05-27T19:11:50.927Z","ask"
"4.409","20","2024-05-27T19:11:50.927Z","ask"
"4.4092","63.1","2024-05-27T19:11:50.927Z","ask"
"4.4098","6.4","2024-05-27T19:11:50.927Z","ask"
"4.41","20","2024-05-27T19:11:50.927Z","ask"
"4.411","20","2024-05-27T19:11:50.927Z","ask"
"4.4118","77.7","2024-05-27T19:11:50.927Z","ask"
"4.4119","11.1","2024-05-27T19:11:50.927Z","ask"
"4.412","20","2024-05-27T19:11:50.927Z","ask"
"4.4126","2.4","2024-05-27T19:11:50.927Z","ask"
"4.413","20","2024-05-27T19:11:50.927Z","ask"
"4.414","20","2024-05-27T19:11:50.927Z","ask"
"4.415","20","2024-05-27T19:11:50.927Z","ask"
"4.416","20","2024-05-27T19:11:50.927Z","ask"
"4.417","20","2024-05-27T19:11:50.927Z","ask"
"4.418","20","2024-05-27T19:11:50.927Z","ask"
"4.4186","14.8","2024-05-27T19:11:50.927Z","ask"
"4.419","20","2024-05-27T19:11:50.927Z","ask"
"4.42","20","2024-05-27T19:11:50.927Z","ask"
"4.421","20","2024-05-27T19:11:50.927Z","ask"
"4.422","20","2024-05-27T19:11:50.927Z","ask"
"4.4226","2.4","2024-05-27T19:11:50.927Z","ask"
"4.423","1192.5","2024-05-27T19:11:50.927Z","ask"
"4.4232","8.3","2024-05-27T19:11:50.927Z","ask"
"4.424","20","2024-05-27T19:11:50.927Z","ask"
"4.425","20","2024-05-27T19:11:50.927Z","ask"
"4.4257","12.1","2024-05-27T19:11:50.927Z","ask"
"4.426","20","2024-05-27T19:11:50.927Z","ask"
"4.4263","15","2024-05-27T19:11:50.927Z","ask"
"4.427","20","2024-05-27T19:11:50.927Z","ask"
"4.428","20","2024-05-27T19:11:50.927Z","ask"
"4.4281","1.7","2024-05-27T19:11:50.927Z","ask"
"4.429","119.8","2024-05-27T19:11:50.927Z","ask"
"4.43","20","2024-05-27T19:11:50.927Z","ask"
"4.4306","46.5","2024-05-27T19:11:50.927Z","ask"
"4.431","20","2024-05-27T19:11:50.927Z","ask"
"4.4313","12.1","2024-05-27T19:11:50.927Z","ask"
"4.4316","0.6","2024-05-27T19:11:50.927Z","ask"
"4.432","20","2024-05-27T19:11:50.927Z","ask"
"4.433","20","2024-05-27T19:11:50.927Z","ask"
"4.4339","2.5","2024-05-27T19:11:50.927Z","ask"
"4.434","101.7","2024-05-27T19:11:50.927Z","ask"
"4.435","20","2024-05-27T19:11:50.927Z","ask"
"4.4352","1820.9","2024-05-27T19:11:50.927Z","ask"
"4.436","20","2024-05-27T19:11:50.927Z","ask"
"4.4361","2.4","2024-05-27T19:11:50.927Z","ask"
"4.4362","50.8","2024-05-27T19:11:50.927Z","ask"
"4.4369","1.3","2024-05-27T19:11:50.927Z","ask"
"4.437","20","2024-05-27T19:11:50.927Z","ask"
"4.4374","24.8","2024-05-27T19:11:50.927Z","ask"
"4.4376","5.8","2024-05-27T19:11:50.927Z","ask"
"4.438","20","2024-05-27T19:11:50.927Z","ask"
"4.439","20","2024-05-27T19:11:50.927Z","ask"
"4.44","20","2024-05-27T19:11:50.927Z","ask"
"4.441","20","2024-05-27T19:11:50.927Z","ask"
"4.442","20","2024-05-27T19:11:50.927Z","ask"
"4.443","20","2024-05-27T19:11:50.927Z","ask"
"4.444","20","2024-05-27T19:11:50.927Z","ask"
"4.445","20","2024-05-27T19:11:50.927Z","ask"
"4.446","20","2024-05-27T19:11:50.927Z","ask"
"4.4467","23.7","2024-05-27T19:11:50.927Z","ask"
"4.447","20","2024-05-27T19:11:50.927Z","ask"
"4.4476","77.1","2024-05-27T19:11:50.927Z","ask"
"4.448","20","2024-05-27T19:11:50.927Z","ask"
"4.4483","36.4","2024-05-27T19:11:50.927Z","ask"
"4.4487","20.8","2024-05-27T19:11:50.927Z","ask"
"4.449","20","2024-05-27T19:11:50.927Z","ask"
"4.45","517.7","2024-05-27T19:11:50.927Z","ask"
"4.4502","1.7","2024-05-27T19:11:50.927Z","ask"
"4.4503","4.8","2024-05-27T19:11:50.927Z","ask"
"4.451","20","2024-05-27T19:11:50.927Z","ask"
"4.452","20","2024-05-27T19:11:50.927Z","ask"
"4.453","20","2024-05-27T19:11:50.927Z","ask"
"4.454","20","2024-05-27T19:11:50.927Z","ask"
"4.4543","6.3","2024-05-27T19:11:50.927Z","ask"
"4.455","20","2024-05-27T19:11:50.927Z","ask"
"4.4554","51.4","2024-05-27T19:11:50.927Z","ask"
"4.456","20","2024-05-27T19:11:50.927Z","ask"
"4.457","20","2024-05-27T19:11:50.927Z","ask"
"4.458","20","2024-05-27T19:11:50.927Z","ask"
"4.459","20","2024-05-27T19:11:50.927Z","ask"
"4.4597","2.3","2024-05-27T19:11:50.927Z","ask"
"4.46","20","2024-05-27T19:11:50.927Z","ask"
"4.461","20","2024-05-27T19:11:50.927Z","ask"
"4.462","20","2024-05-27T19:11:50.927Z","ask"
"4.4625","99.1","2024-05-27T19:11:50.927Z","ask"
"4.463","20","2024-05-27T19:11:50.927Z","ask"
"4.464","20","2024-05-27T19:11:50.927Z","ask"
"4.465","20","2024-05-27T19:11:50.927Z","ask"
"4.466","20","2024-05-27T19:11:50.927Z","ask"
"4.4669","42.9","2024-05-27T19:11:50.927Z","ask"
"4.467","20","2024-05-27T19:11:50.927Z","ask"
"4.468","20","2024-05-27T19:11:50.927Z","ask"
"4.469","20","2024-05-27T19:11:50.927Z","ask"
"4.4708","6","2024-05-27T19:11:50.927Z","ask"
"4.4711","4.1","2024-05-27T19:11:50.927Z","ask"
"4.4723","1.7","2024-05-27T19:11:50.927Z","ask"
"4.4739","2.3","2024-05-27T19:11:50.927Z","ask"
"4.4761","36.1","2024-05-27T19:11:50.927Z","ask"
"4.4762","0.7","2024-05-27T19:11:50.927Z","ask"
"4.48","100","2024-05-27T19:11:50.927Z","ask"
"4.4834","2.3","2024-05-27T19:11:50.927Z","ask"
"4.4838","76.5","2024-05-27T19:11:50.927Z","ask"
"4.4847","14.6","2024-05-27T19:11:50.927Z","ask"
"4.4854","33.8","2024-05-27T19:11:50.927Z","ask"
"4.4857","62","2024-05-27T19:11:50.927Z","ask"
"4.4858","4531.2","2024-05-27T19:11:50.927Z","ask"
"4.4863","36","2024-05-27T19:11:50.927Z","ask"
"4.4889","49.3","2024-05-27T19:11:50.927Z","ask"
"4.4898","33.8","2024-05-27T19:11:50.927Z","ask"
"4.49","50","2024-05-27T19:11:50.927Z","ask"
"4.492","2276.1","2024-05-27T19:11:50.927Z","ask"
"4.4943","35.1","2024-05-27T19:11:50.927Z","ask"
"4.4946","1.7","2024-05-27T19:11:50.927Z","ask"
"4.4964","98.3","2024-05-27T19:11:50.927Z","ask"
"4.499","12.1","2024-05-27T19:11:50.927Z","ask"
"4.4993","6.2","2024-05-27T19:11:50.927Z","ask"
"4.5","7711.1","2024-05-27T19:11:50.927Z","ask"
"4.5007","80.5","2024-05-27T19:11:50.927Z","ask"
"4.5029","51.4","2024-05-27T19:11:50.927Z","ask"
"4.5038","5.7","2024-05-27T19:11:50.927Z","ask"
"4.5069","65.9","2024-05-27T19:11:50.927Z","ask"
"4.5073","2.3","2024-05-27T19:11:50.927Z","ask"
"4.5141","6.8","2024-05-27T19:11:50.927Z","ask"
"4.517","1.7","2024-05-27T19:11:50.927Z","ask"
"4.5174","9.9","2024-05-27T19:11:50.927Z","ask"
"4.5203","75.8","2024-05-27T19:11:50.927Z","ask"
"4.5225","10.8","2024-05-27T19:11:50.927Z","ask"
"4.53","11.9","2024-05-27T19:11:50.927Z","ask"
"4.5305","97.6","2024-05-27T19:11:50.927Z","ask"
"4.5313","2.3","2024-05-27T19:11:50.927Z","ask"
"4.5395","1.7","2024-05-27T19:11:50.927Z","ask"
"4.5396","2.2","2024-05-27T19:11:50.927Z","ask"
"4.5429","1620.7","2024-05-27T19:11:50.927Z","ask"
"4.5448","6.2","2024-05-27T19:11:50.927Z","ask"
"4.5517","14.4","2024-05-27T19:11:50.927Z","ask"
"4.5554","2.3","2024-05-27T19:11:50.927Z","ask"
"4.5555","1000","2024-05-27T19:11:50.927Z","ask"
"4.5562","23.1","2024-05-27T19:11:50.927Z","ask"
"4.557","75.2","2024-05-27T19:11:50.927Z","ask"
"4.5583","14.6","2024-05-27T19:11:50.927Z","ask"
"4.559","112","2024-05-27T19:11:50.927Z","ask"
"4.56","330.2","2024-05-27T19:11:50.927Z","ask"
"4.5601","5.9","2024-05-27T19:11:50.927Z","ask"
"4.5622","1.7","2024-05-27T19:11:50.927Z","ask"
"4.5635","61","2024-05-27T19:11:50.927Z","ask"
"4.5648","96.8","2024-05-27T19:11:50.927Z","ask"
"4.5662","2731.3","2024-05-27T19:11:50.927Z","ask"
"4.5678","12.1","2024-05-27T19:11:50.927Z","ask"
"4.5684","79.3","2024-05-27T19:11:50.927Z","ask"
"4.5706","50.8","2024-05-27T19:11:50.927Z","ask"
"4.571","5.6","2024-05-27T19:11:50.927Z","ask"
"4.5754","0.5","2024-05-27T19:11:50.927Z","ask"
"4.5757","150.2","2024-05-27T19:11:50.927Z","ask"
"4.5779","0.1","2024-05-27T19:11:50.927Z","ask"
"4.5788","10.7","2024-05-27T19:11:50.927Z","ask"
"4.5793","210.9","2024-05-27T19:11:50.927Z","ask"
"4.5797","2.3","2024-05-27T19:11:50.927Z","ask"
"4.58","277.5","2024-05-27T19:11:50.927Z","ask"
"4.5836","4","2024-05-27T19:11:50.927Z","ask"
"4.5839","0.1","2024-05-27T19:11:50.927Z","ask"
"4.5849","1.7","2024-05-27T19:11:50.927Z","ask"
"4.585","3","2024-05-27T19:11:50.927Z","ask"
"4.5869","0.1","2024-05-27T19:11:50.927Z","ask"
"4.5898","0.1","2024-05-27T19:11:50.927Z","ask"
"4.59","715.6","2024-05-27T19:11:50.927Z","ask"
"4.5907","6.1","2024-05-27T19:11:50.927Z","ask"
"4.593","528.9","2024-05-27T19:11:50.927Z","ask"
"4.5941","74.6","2024-05-27T19:11:50.927Z","ask"
"4.5994","96.1","2024-05-27T19:11:50.927Z","ask"
"4.6","11216","2024-05-27T19:11:50.927Z","ask"
"4.6017","1","2024-05-27T19:11:50.927Z","ask"
"4.6041","2.3","2024-05-27T19:11:50.927Z","ask"
"4.6054","50.4","2024-05-27T19:11:50.927Z","ask"
"4.6078","1.7","2024-05-27T19:11:50.927Z","ask"
"4.61","101.2","2024-05-27T19:11:50.927Z","ask"
"4.6175","0.3","2024-05-27T19:11:50.927Z","ask"
"4.6183","30.9","2024-05-27T19:11:50.927Z","ask"
"4.619","4.6","2024-05-27T19:11:50.927Z","ask"
"4.6197","14.2","2024-05-27T19:11:50.927Z","ask"
"4.6208","64.3","2024-05-27T19:11:50.927Z","ask"
"4.6223","0.3","2024-05-27T19:11:50.927Z","ask"
"4.6268","0.3","2024-05-27T19:11:50.927Z","ask"
"4.627","6.6","2024-05-27T19:11:50.927Z","ask"
"4.6286","2.3","2024-05-27T19:11:50.927Z","ask"
"4.63","50.3","2024-05-27T19:11:50.927Z","ask"
"4.6301","20","2024-05-27T19:11:50.927Z","ask"
"4.6304","0.5","2024-05-27T19:11:50.927Z","ask"
"4.6307","1.7","2024-05-27T19:11:50.927Z","ask"
"4.6311","0.3","2024-05-27T19:11:50.927Z","ask"
"4.6314","74","2024-05-27T19:11:50.927Z","ask"
"4.6343","95.4","2024-05-27T19:11:50.927Z","ask"
"4.6358","10.6","2024-05-27T19:11:50.927Z","ask"
"4.6368","11.6","2024-05-27T19:11:50.927Z","ask"
"4.637","84.1","2024-05-27T19:11:50.927Z","ask"
"4.6377","12.1","2024-05-27T19:11:50.927Z","ask"
"4.6393","5.5","2024-05-27T19:11:50.927Z","ask"
"4.6394","50.8","2024-05-27T19:11:50.927Z","ask"
"4.6402","0.1","2024-05-27T19:11:50.927Z","ask"
"4.6427","59.9","2024-05-27T19:11:50.927Z","ask"
"4.6477","0.3","2024-05-27T19:11:50.927Z","ask"
"4.6488","0.3","2024-05-27T19:11:50.927Z","ask"
"4.6491","0.5","2024-05-27T19:11:50.927Z","ask"
"4.6492","0.3","2024-05-27T19:11:50.927Z","ask"
"4.6494","0.3","2024-05-27T19:11:50.927Z","ask"
"4.6501","0.3","2024-05-27T19:11:50.927Z","ask"
"4.6511","100.2","2024-05-27T19:11:50.927Z","ask"
"4.6513","5.8","2024-05-27T19:11:50.927Z","ask"
"4.6532","2.2","2024-05-27T19:11:50.927Z","ask"
"4.6538","1.7","2024-05-27T19:11:50.927Z","ask"
"4.6563","50","2024-05-27T19:11:50.927Z","ask"
"4.6596","16","2024-05-27T19:11:50.927Z","ask"
"4.6613","14","2024-05-27T19:11:50.927Z","ask"
"4.6625","2.3","2024-05-27T19:11:50.927Z","ask"
"4.6626","10.7","2024-05-27T19:11:50.927Z","ask"
"4.6628","20","2024-05-27T19:11:50.927Z","ask"
"4.6676","33.1","2024-05-27T19:11:50.927Z","ask"
"4.6685","22.5","2024-05-27T19:11:50.927Z","ask"
"4.6691","73.4","2024-05-27T19:11:50.927Z","ask"
"4.67","250","2024-05-27T19:11:50.927Z","ask"
"4.6724","99.9","2024-05-27T19:11:50.927Z","ask"
"4.677","1.7","2024-05-27T19:11:50.927Z","ask"
"4.678","2.2","2024-05-27T19:11:50.927Z","ask"
"4.6839","6","2024-05-27T19:11:50.927Z","ask"
"4.6847","171.9","2024-05-27T19:11:50.927Z","ask"
"4.687","198.5","2024-05-27T19:11:50.927Z","ask"
"4.6888","13.9","2024-05-27T19:11:50.927Z","ask"
"4.69","63.9","2024-05-27T19:11:50.927Z","ask"
"4.6936","10.4","2024-05-27T19:11:50.927Z","ask"
"4.6991","3.9","2024-05-27T19:11:50.927Z","ask"
"4.7","922.3","2024-05-27T19:11:50.927Z","ask"
"4.7003","1.7","2024-05-27T19:11:50.927Z","ask"
"4.7029","2.2","2024-05-27T19:11:50.927Z","ask"
"4.703","10.4","2024-05-27T19:11:50.927Z","ask"
"4.7039","6.4","2024-05-27T19:11:50.927Z","ask"
"4.7048","94","2024-05-27T19:11:50.927Z","ask"
"4.7067","77","2024-05-27T19:11:50.927Z","ask"
"4.7071","72.8","2024-05-27T19:11:50.927Z","ask"
"4.7084","5.4","2024-05-27T19:11:50.927Z","ask"
"4.7086","12.1","2024-05-27T19:11:50.927Z","ask"
"4.7091","50.8","2024-05-27T19:11:50.927Z","ask"
"4.7096","162.5","2024-05-27T19:11:50.927Z","ask"
"4.714","1","2024-05-27T19:11:50.927Z","ask"
"4.72","42.3","2024-05-27T19:11:50.927Z","ask"
"4.7232","58.9","2024-05-27T19:11:50.927Z","ask"
"4.7238","1.7","2024-05-27T19:11:50.927Z","ask"
"4.7239","0.5","2024-05-27T19:11:50.927Z","ask"
"4.7249","46.8","2024-05-27T19:11:50.927Z","ask"
"4.7279","2.2","2024-05-27T19:11:50.927Z","ask"
"4.73","10.7","2024-05-27T19:11:50.927Z","ask"
"4.7309","2","2024-05-27T19:11:50.927Z","ask"
"4.7311","0.3","2024-05-27T19:11:50.927Z","ask"
"4.7312","6.2","2024-05-27T19:11:50.927Z","ask"
"4.7333","162.5","2024-05-27T19:11:50.927Z","ask"
"4.7366","0.2","2024-05-27T19:11:50.927Z","ask"
"4.737","2.2","2024-05-27T19:11:50.927Z","ask"
"4.7374","62.7","2024-05-27T19:11:50.927Z","ask"
"4.74","75","2024-05-27T19:11:50.927Z","ask"
"4.7404","93.3","2024-05-27T19:11:50.927Z","ask"
"4.7408","2.1","2024-05-27T19:11:50.927Z","ask"
"4.7427","6.4","2024-05-27T19:11:50.927Z","ask"
"4.7442","5.6","2024-05-27T19:11:50.927Z","ask"
"4.7453","72.2","2024-05-27T19:11:50.927Z","ask"
"4.7462","11.3","2024-05-27T19:11:50.927Z","ask"
"4.7473","1.7","2024-05-27T19:11:50.927Z","ask"
"4.75","12559.9","2024-05-27T19:11:50.927Z","ask"
"4.753","2.1","2024-05-27T19:11:50.927Z","ask"
"4.7571","1.3","2024-05-27T19:11:50.927Z","ask"
"4.7579","160.7","2024-05-27T19:11:50.927Z","ask"
"4.7588","13.7","2024-05-27T19:11:50.927Z","ask"
"4.76","70.4","2024-05-27T19:11:50.927Z","ask"
"4.7702","1690","2024-05-27T19:11:50.927Z","ask"
"4.771","1.7","2024-05-27T19:11:50.927Z","ask"
"4.7718","10.6","2024-05-27T19:11:50.927Z","ask"
"4.7732","29.4","2024-05-27T19:11:50.927Z","ask"
"4.7748","29.8","2024-05-27T19:11:50.927Z","ask"
"4.7764","92.6","2024-05-27T19:11:50.927Z","ask"
"4.7775","75.8","2024-05-27T19:11:50.927Z","ask"
"4.7784","2.1","2024-05-27T19:11:50.927Z","ask"
"4.7787","5.3","2024-05-27T19:11:50.927Z","ask"
"4.7791","5.8","2024-05-27T19:11:50.927Z","ask"
"4.7799","50.8","2024-05-27T19:11:50.927Z","ask"
"4.78","150.9","2024-05-27T19:11:50.927Z","ask"
"4.7806","12.1","2024-05-27T19:11:50.927Z","ask"
"4.7818","160.8","2024-05-27T19:11:50.927Z","ask"
"4.7823","4.7","2024-05-27T19:11:50.927Z","ask"
"4.7836","22","2024-05-27T19:11:50.927Z","ask"
"4.7839","71.7","2024-05-27T19:11:50.927Z","ask"
"4.784","81.9","2024-05-27T19:11:50.927Z","ask"
"4.7893","135.9","2024-05-27T19:11:50.927Z","ask"
"4.7933","4.3","2024-05-27T19:11:50.927Z","ask"
"4.794","4.4","2024-05-27T19:11:50.927Z","ask"
"4.7947","1.7","2024-05-27T19:11:50.927Z","ask"
"4.7978","25","2024-05-27T19:11:50.927Z","ask"
"4.8","919.5","2024-05-27T19:11:50.927Z","ask"
"4.8051","57.9","2024-05-27T19:11:50.927Z","ask"
"4.81","746.8","2024-05-27T19:11:50.927Z","ask"
"4.8175","3.8","2024-05-27T19:11:50.927Z","ask"
"4.8186","1.7","2024-05-27T19:11:50.927Z","ask"
"4.8228","71.1","2024-05-27T19:11:50.927Z","ask"
"4.8231","46.5","2024-05-27T19:11:50.927Z","ask"
"4.8262","1","2024-05-27T19:11:50.927Z","ask"
"4.8274","5.8","2024-05-27T19:11:50.927Z","ask"
"4.8293","9.9","2024-05-27T19:11:50.927Z","ask"
"4.83","13.5","2024-05-27T19:11:50.927Z","ask"
"4.839","5.5","2024-05-27T19:11:50.927Z","ask"
"4.84","100","2024-05-27T19:11:50.927Z","ask"
"4.8426","1.7","2024-05-27T19:11:50.927Z","ask"
"4.8475","45.6","2024-05-27T19:11:50.927Z","ask"
"4.8493","74.7","2024-05-27T19:11:50.927Z","ask"
"4.85","5.3","2024-05-27T19:11:50.927Z","ask"
"4.8518","50.8","2024-05-27T19:11:50.927Z","ask"
"4.8538","12.1","2024-05-27T19:11:50.927Z","ask"
"4.857","61.2","2024-05-27T19:11:50.927Z","ask"
"4.8581","11","2024-05-27T19:11:50.927Z","ask"
"4.86","82.6","2024-05-27T19:11:50.927Z","ask"
"4.8612","6.3","2024-05-27T19:11:50.927Z","ask"
"4.862","70.5","2024-05-27T19:11:50.927Z","ask"
"4.8667","1.7","2024-05-27T19:11:50.927Z","ask"
"4.8686","2.1","2024-05-27T19:11:50.927Z","ask"
"4.87","325","2024-05-27T19:11:50.927Z","ask"
"4.8737","50","2024-05-27T19:11:50.927Z","ask"
"4.874","5.6","2024-05-27T19:11:50.927Z","ask"
"4.88","908.2","2024-05-27T19:11:50.927Z","ask"
"4.8885","56.9","2024-05-27T19:11:50.927Z","ask"
"4.891","1.7","2024-05-27T19:11:50.927Z","ask"
"4.8948","173.9","2024-05-27T19:11:50.927Z","ask"
"4.9","92.8","2024-05-27T19:11:50.927Z","ask"
"4.9014","21.4","2024-05-27T19:11:50.927Z","ask"
"4.9015","69.9","2024-05-27T19:11:50.927Z","ask"
"4.9023","13.3","2024-05-27T19:11:50.927Z","ask"
"4.9154","1.7","2024-05-27T19:11:50.927Z","ask"
"4.9249","50.8","2024-05-27T19:11:50.927Z","ask"
"4.928","12.1","2024-05-27T19:11:50.927Z","ask"
"4.9318","1.3","2024-05-27T19:11:50.927Z","ask"
"4.9357","5.4","2024-05-27T19:11:50.927Z","ask"
"4.9366","28.8","2024-05-27T19:11:50.927Z","ask"
"4.9389","3.6","2024-05-27T19:11:50.927Z","ask"
"4.9398","1.7","2024-05-27T19:11:50.927Z","ask"
"4.94","100","2024-05-27T19:11:50.927Z","ask"
"4.9414","69.4","2024-05-27T19:11:50.927Z","ask"
"4.95","5904.5","2024-05-27T19:11:50.927Z","ask"
"4.96","90.1","2024-05-27T19:11:50.927Z","ask"
"4.9645","1.7","2024-05-27T19:11:50.927Z","ask"
"4.9727","10.7","2024-05-27T19:11:50.927Z","ask"
"4.9734","44.4","2024-05-27T19:11:50.927Z","ask"
"4.9757","4.2","2024-05-27T19:11:50.927Z","ask"
"4.9796","59.7","2024-05-27T19:11:50.927Z","ask"
"4.98","7500","2024-05-27T19:11:50.927Z","ask"
"4.9815","68.8","2024-05-27T19:11:50.927Z","ask"
"4.9828","6.1","2024-05-27T19:11:50.927Z","ask"
"4.9893","1.7","2024-05-27T19:11:50.927Z","ask"
"4.9898","1361.4","2024-05-27T19:11:50.927Z","ask"
"4.99","7940","2024-05-27T19:11:50.927Z","ask"
"4.9989","50.8","2024-05-27T19:11:50.927Z","ask"
"5","29409.1","2024-05-27T19:11:50.927Z","ask"
"5.0033","12.1","2024-05-27T19:11:50.927Z","ask"
"5.0042","106","2024-05-27T19:11:50.927Z","ask"
"5.0141","1.7","2024-05-27T19:11:50.927Z","ask"
"5.0193","8.1","2024-05-27T19:11:50.927Z","ask"
"5.0201","5","2024-05-27T19:11:50.927Z","ask"
"5.0251","3","2024-05-27T19:11:50.927Z","ask"
"5.0363","6234.2","2024-05-27T19:11:50.927Z","ask"
"5.0391","1.7","2024-05-27T19:11:50.927Z","ask"
"5.0484","45.4","2024-05-27T19:11:50.927Z","ask"
"5.0499","34.5","2024-05-27T19:11:50.927Z","ask"
"5.05","7294.4","2024-05-27T19:11:50.927Z","ask"
"5.0642","1.7","2024-05-27T19:11:50.927Z","ask"
"5.07","476","2024-05-27T19:11:50.927Z","ask"
"5.0741","50.8","2024-05-27T19:11:50.927Z","ask"
"5.0761","8.1","2024-05-27T19:11:50.927Z","ask"
"5.0799","12.1","2024-05-27T19:11:50.927Z","ask"
"5.08","203.4","2024-05-27T19:11:50.927Z","ask"
"5.0895","1.7","2024-05-27T19:11:50.927Z","ask"
"5.0937","50","2024-05-27T19:11:50.927Z","ask"
"5.0947","6.5","2024-05-27T19:11:50.927Z","ask"
"5.1","5019.6","2024-05-27T19:11:50.927Z","ask"
"5.1036","0.6","2024-05-27T19:11:50.927Z","ask"
"5.1095","7.8","2024-05-27T19:11:50.927Z","ask"
"5.1148","1.7","2024-05-27T19:11:50.927Z","ask"
"5.1403","1.7","2024-05-27T19:11:50.927Z","ask"
"5.15","5048.5","2024-05-27T19:11:50.927Z","ask"
"5.1504","50.8","2024-05-27T19:11:50.927Z","ask"
"5.1515","5000","2024-05-27T19:11:50.927Z","ask"
"5.1576","12.1","2024-05-27T19:11:50.927Z","ask"
"5.16","70.3","2024-05-27T19:11:50.927Z","ask"
"5.1659","1.7","2024-05-27T19:11:50.927Z","ask"
"5.167","0.6","2024-05-27T19:11:50.927Z","ask"
"5.1917","1.7","2024-05-27T19:11:50.927Z","ask"
"5.2","5065.9","2024-05-27T19:11:50.927Z","ask"
"5.2176","1.7","2024-05-27T19:11:50.927Z","ask"
"5.2246","29.4","2024-05-27T19:11:50.927Z","ask"
"5.2279","50.8","2024-05-27T19:11:50.927Z","ask"
"5.2365","12.1","2024-05-27T19:11:50.927Z","ask"
"5.24","100","2024-05-27T19:11:50.927Z","ask"
"5.25","17661.8","2024-05-27T19:11:50.927Z","ask"
"5.2691","41.8","2024-05-27T19:11:50.927Z","ask"
"5.27","1.9","2024-05-27T19:11:50.927Z","ask"
"5.2803","45.5","2024-05-27T19:11:50.927Z","ask"
"5.282","33","2024-05-27T19:11:50.927Z","ask"
"5.29","35","2024-05-27T19:11:50.927Z","ask"
"5.293","0.8","2024-05-27T19:11:50.927Z","ask"
"5.3","5000","2024-05-27T19:11:50.927Z","ask"
"5.3066","50.8","2024-05-27T19:11:50.927Z","ask"
"5.3161","0.7","2024-05-27T19:11:50.927Z","ask"
"5.3166","12.1","2024-05-27T19:11:50.927Z","ask"
"5.33","3074.2","2024-05-27T19:11:50.927Z","ask"
"5.35","5000","2024-05-27T19:11:50.927Z","ask"
"5.36","63.1","2024-05-27T19:11:50.927Z","ask"
"5.3864","50.8","2024-05-27T19:11:50.927Z","ask"
"5.3979","12.1","2024-05-27T19:11:50.927Z","ask"
"5.4","5025.7","2024-05-27T19:11:50.927Z","ask"
"5.44","5000","2024-05-27T19:11:50.927Z","ask"
"5.45","5000","2024-05-27T19:11:50.927Z","ask"
"5.4674","50.8","2024-05-27T19:11:50.927Z","ask"
"5.5","7162.1","2024-05-27T19:11:50.927Z","ask"
"5.5096","40.9","2024-05-27T19:11:50.927Z","ask"
"5.5496","50.8","2024-05-27T19:11:50.927Z","ask"
"5.55","36.8","2024-05-27T19:11:50.927Z","ask"
"5.5523","10.1","2024-05-27T19:11:50.927Z","ask"
"5.6","17.1","2024-05-27T19:11:50.927Z","ask"
"5.622","59.6","2024-05-27T19:11:50.927Z","ask"
"5.6307","59.5","2024-05-27T19:11:50.927Z","ask"
"5.6331","50.8","2024-05-27T19:11:50.927Z","ask"
"5.6512","59.3","2024-05-27T19:11:50.927Z","ask"
"5.66","53.3","2024-05-27T19:11:50.927Z","ask"
"5.676","29.4","2024-05-27T19:11:50.927Z","ask"
"5.7","3645.8","2024-05-27T19:11:50.927Z","ask"
"5.7106","173.8","2024-05-27T19:11:50.927Z","ask"
"5.7178","50.8","2024-05-27T19:11:50.927Z","ask"
"5.75","250","2024-05-27T19:11:50.927Z","ask"
"5.76","77.6","2024-05-27T19:11:50.927Z","ask"
"5.8","52","2024-05-27T19:11:50.927Z","ask"
"5.8038","50.8","2024-05-27T19:11:50.927Z","ask"
"5.8099","2.2","2024-05-27T19:11:50.927Z","ask"
"5.8327","17.3","2024-05-27T19:11:50.927Z","ask"
"5.86","70.3","2024-05-27T19:11:50.927Z","ask"
"5.88","1.8","2024-05-27T19:11:50.927Z","ask"
"5.8911","50.8","2024-05-27T19:11:50.927Z","ask"
"5.9151","40.9","2024-05-27T19:11:50.927Z","ask"
"5.93","95.9","2024-05-27T19:11:50.927Z","ask"
"5.9409","0.6","2024-05-27T19:11:50.927Z","ask"
"5.96","74.3","2024-05-27T19:11:50.927Z","ask"
"5.99","22","2024-05-27T19:11:50.927Z","ask"
"6","39","2024-05-27T19:11:50.927Z","ask"
"6.02","25","2024-05-27T19:11:50.927Z","ask"
"6.17","3.9","2024-05-27T19:11:50.927Z","ask"
"6.1836","0.6","2024-05-27T19:11:50.927Z","ask"
"6.27","3","2024-05-27T19:11:50.927Z","ask"
"6.3206","40.9","2024-05-27T19:11:50.927Z","ask"
"6.36","70.2","2024-05-27T19:11:50.927Z","ask"
"6.44","4000","2024-05-27T19:11:50.927Z","ask"
"6.5","23.4","2024-05-27T19:11:50.927Z","ask"
"6.5264","173.8","2024-05-27T19:11:50.927Z","ask"
"6.561","612.2","2024-05-27T19:11:50.927Z","ask"
"6.6584","29.4","2024-05-27T19:11:50.927Z","ask"
"6.66","2053.4","2024-05-27T19:11:50.927Z","ask"
"6.7261","40.9","2024-05-27T19:11:50.927Z","ask"
"6.82","18785.2","2024-05-27T19:11:50.927Z","ask"
"6.85","54.9","2024-05-27T19:11:50.927Z","ask"
"6.96","45.5","2024-05-27T19:11:50.927Z","ask"
"6.9985","15","2024-05-27T19:11:50.927Z","ask"
"7","53.5","2024-05-27T19:11:50.927Z","ask"
"7.1316","40.9","2024-05-27T19:11:50.927Z","ask"
"7.2","74.5","2024-05-27T19:11:50.927Z","ask"
"7.36","364.8","2024-05-27T19:11:50.927Z","ask"
"7.42","3.4","2024-05-27T19:11:50.927Z","ask"
"7.5","1476.7","2024-05-27T19:11:50.927Z","ask"
"7.5372","40.9","2024-05-27T19:11:50.927Z","ask"
"7.65","70.6","2024-05-27T19:11:50.927Z","ask"
"7.66","74.2","2024-05-27T19:11:50.927Z","ask"
"7.7","8","2024-05-27T19:11:50.927Z","ask"
"7.77","2007.9","2024-05-27T19:11:50.927Z","ask"
"7.88","6.3","2024-05-27T19:11:50.927Z","ask"
"7.9427","40.9","2024-05-27T19:11:50.927Z","ask"
"7.999","612.2","2024-05-27T19:11:50.927Z","ask"
"8","4018.7","2024-05-27T19:11:50.927Z","ask"
"8.1","2","2024-05-27T19:11:50.927Z","ask"
"8.13","87.9","2024-05-27T19:11:50.927Z","ask"
"8.158","173.8","2024-05-27T19:11:50.927Z","ask"
"8.3004","70","2024-05-27T19:11:50.927Z","ask"
"8.3482","40.9","2024-05-27T19:11:50.927Z","ask"
"8.49","20000","2024-05-27T19:11:50.927Z","ask"
"8.6","25000","2024-05-27T19:11:50.927Z","ask"
"8.6441","2.5","2024-05-27T19:11:50.927Z","ask"
"8.66","45.7","2024-05-27T19:11:50.927Z","ask"
"8.69","15000","2024-05-27T19:11:50.927Z","ask"
"8.7","25000","2024-05-27T19:11:50.927Z","ask"
"8.75","25000","2024-05-27T19:11:50.927Z","ask"
"8.7537","40.9","2024-05-27T19:11:50.927Z","ask"
"8.785","50000","2024-05-27T19:11:50.927Z","ask"
"8.86","119","2024-05-27T19:11:50.927Z","ask"
"8.88","3010","2024-05-27T19:11:50.927Z","ask"
"8.8888","10","2024-05-27T19:11:50.927Z","ask"
"8.9","680.1","2024-05-27T19:11:50.927Z","ask"
"9","281.2","2024-05-27T19:11:50.927Z","ask"
"9.1593","40.9","2024-05-27T19:11:50.927Z","ask"
"9.22","12","2024-05-27T19:11:50.927Z","ask"
"9.3064","159.3","2024-05-27T19:11:50.927Z","ask"
"9.35","8000","2024-05-27T19:11:50.927Z","ask"
"9.38","40.9","2024-05-27T19:11:50.927Z","ask"
"9.44","190.5","2024-05-27T19:11:50.927Z","ask"
"9.49","500","2024-05-27T19:11:50.927Z","ask"
"9.5","427","2024-05-27T19:11:50.927Z","ask"
"9.6","10.5","2024-05-27T19:11:50.927Z","ask"
"9.8","1486.6","2024-05-27T19:11:50.927Z","ask"
"9.88","1200","2024-05-27T19:11:50.927Z","ask"
"9.89","5000","2024-05-27T19:11:50.927Z","ask"
"9.9","9300","2024-05-27T19:11:50.927Z","ask"
"9.9864","40.9","2024-05-27T19:11:50.927Z","ask"
"9.99","19908.9","2024-05-27T19:11:50.927Z","ask"
"9.9999","10","2024-05-27T19:11:50.927Z","ask"
"10","23701.3","2024-05-27T19:11:50.927Z","ask"
"10.01","22.2","2024-05-27T19:11:50.927Z","ask"
"10.07","10","2024-05-27T19:11:50.927Z","ask"
"10.2718","5.5","2024-05-27T19:11:50.927Z","ask"
"10.52","307.2","2024-05-27T19:11:50.927Z","ask"
"10.98","5000","2024-05-27T19:11:50.927Z","ask"
"11","3009.2","2024-05-27T19:11:50.927Z","ask"
"11.096","40.9","2024-05-27T19:11:50.927Z","ask"
"11.11","412.2","2024-05-27T19:11:50.927Z","ask"
"11.7305","1206.4","2024-05-27T19:11:50.927Z","ask"
"11.75","8064.2","2024-05-27T19:11:50.927Z","ask"
"11.986","1206.3","2024-05-27T19:11:50.927Z","ask"
"12","99.1","2024-05-27T19:11:50.927Z","ask"
"12.03","25","2024-05-27T19:11:50.927Z","ask"
"12.15","47","2024-05-27T19:11:50.927Z","ask"
"12.2057","40.9","2024-05-27T19:11:50.927Z","ask"
"12.69","150","2024-05-27T19:11:50.927Z","ask"
"12.73","22","2024-05-27T19:11:50.927Z","ask"
"12.75","665.7","2024-05-27T19:11:50.927Z","ask"
"13","7.8","2024-05-27T19:11:50.927Z","ask"
"13.3154","40.9","2024-05-27T19:11:50.927Z","ask"
"13.7","54.9","2024-05-27T19:11:50.927Z","ask"
"13.75","8000","2024-05-27T19:11:50.927Z","ask"
"14","100","2024-05-27T19:11:50.927Z","ask"
"14.4251","40.9","2024-05-27T19:11:50.927Z","ask"
"14.8","5000","2024-05-27T19:11:50.927Z","ask"
"15","4199.5","2024-05-27T19:11:50.927Z","ask"
"15.3","336","2024-05-27T19:11:50.927Z","ask"
"15.5349","40.9","2024-05-27T19:11:50.927Z","ask"