"price","volume","time","side"
"2.81600000","3.60000000","2024-06-22T22:38:06.855Z","sell"
"2.81590000","1824.10000000","2024-06-22T22:37:53.021Z","sell"
"2.81580000","360.00000000","2024-06-22T22:37:53.021Z","sell"
"2.81570000","22.90000000","2024-06-22T22:37:53.021Z","sell"
"2.81500000","22.00000000","2024-06-22T22:37:53.021Z","sell"
"2.81420000","0.20000000","2024-06-22T22:37:53.021Z","sell"
"2.81400000","22.00000000","2024-06-22T22:37:53.021Z","sell"
"2.81390000","0.90000000","2024-06-22T22:37:53.021Z","sell"
"2.81320000","0.30000000","2024-06-22T22:37:53.021Z","sell"
"2.81300000","22.00000000","2024-06-22T22:37:53.021Z","sell"
"2.81200000","22.00000000","2024-06-22T22:37:53.021Z","sell"
"2.81100000","22.00000000","2024-06-22T22:37:53.021Z","sell"
"2.81060000","5.00000000","2024-06-22T22:37:53.021Z","sell"
"2.81060000","1.30000000","2024-06-22T22:37:53.021Z","sell"
"2.81000000","22.00000000","2024-06-22T22:37:53.021Z","sell"
"2.80980000","15.10000000","2024-06-22T22:37:53.021Z","sell"
"2.80900000","22.00000000","2024-06-22T22:37:53.021Z","sell"
"2.80800000","22.00000000","2024-06-22T22:37:53.021Z","sell"
"2.80700000","22.00000000","2024-06-22T22:37:53.021Z","sell"
"2.80600000","22.00000000","2024-06-22T22:37:53.021Z","sell"
"2.80500000","37.40000000","2024-06-22T22:37:53.021Z","sell"
"2.80500000","22.00000000","2024-06-22T22:37:53.021Z","sell"
"2.80400000","20.20000000","2024-06-22T22:37:53.021Z","sell"
"2.80400000","1.80000000","2024-06-22T22:37:49.387Z","sell"
"2.80370000","0.20000000","2024-06-22T22:37:49.387Z","sell"
"2.80300000","22.00000000","2024-06-22T22:37:49.387Z","sell"
"2.80200000","22.00000000","2024-06-22T22:37:49.387Z","sell"
"2.80110000","2.80000000","2024-06-22T22:37:49.387Z","sell"
"2.80100000","22.00000000","2024-06-22T22:37:49.387Z","sell"
"2.80040000","0.20000000","2024-06-22T22:37:49.387Z","sell"
"2.80000000","0.90000000","2024-06-22T22:37:43.447Z","sell"
"2.80000000","22.00000000","2024-06-22T22:37:43.447Z","sell"
"2.79940000","0.30000000","2024-06-22T22:37:43.447Z","sell"
"2.79900000","22.00000000","2024-06-22T22:37:43.447Z","sell"
"2.79810000","184.00000000","2024-06-22T22:37:43.447Z","sell"
"2.79800000","22.00000000","2024-06-22T22:37:43.447Z","sell"
"2.79790000","22.90000000","2024-06-22T22:37:43.447Z","sell"
"2.79700000","22.00000000","2024-06-22T22:37:43.447Z","sell"
"2.79600000","22.00000000","2024-06-22T22:37:43.447Z","sell"
"2.79500000","22.00000000","2024-06-22T22:37:43.447Z","sell"
"2.79400000","22.00000000","2024-06-22T22:37:43.447Z","sell"
"2.79300000","16.00000000","2024-06-22T22:37:43.447Z","sell"
"2.79200000","16.00000000","2024-06-22T22:37:43.447Z","sell"
"2.79100000","22.00000000","2024-06-22T22:37:43.447Z","sell"
"2.79000000","22.00000000","2024-06-22T22:37:43.447Z","sell"
"2.78980000","0.20000000","2024-06-22T22:37:43.447Z","sell"
"2.78900000","22.00000000","2024-06-22T22:37:43.447Z","sell"
"2.78800000","22.00000000","2024-06-22T22:37:43.447Z","sell"
"2.78700000","21.20000000","2024-06-22T22:37:43.447Z","sell"
"2.78700000","0.80000000","2024-06-22T22:37:36.851Z","sell"
"2.78660000","0.20000000","2024-06-22T22:37:36.851Z","sell"
"2.78600000","22.00000000","2024-06-22T22:37:36.851Z","sell"
"2.78560000","0.30000000","2024-06-22T22:37:36.851Z","sell"
"2.78500000","10.90000000","2024-06-22T22:37:36.851Z","sell"
"2.78500000","7.30000000","2024-06-22T22:37:26.001Z","sell"
"2.78500000","3.80000000","2024-06-22T22:37:25.996Z","sell"
"2.78400000","22.00000000","2024-06-22T22:37:25.996Z","sell"
"2.78300000","22.00000000","2024-06-22T22:37:25.996Z","sell"
"2.78200000","22.00000000","2024-06-22T22:37:25.996Z","sell"
"2.78100000","22.00000000","2024-06-22T22:37:25.996Z","sell"
"2.78000000","22.00000000","2024-06-22T22:37:25.989Z","sell"
"2.77900000","22.00000000","2024-06-22T22:37:25.989Z","sell"
"2.77800000","22.00000000","2024-06-22T22:37:25.989Z","sell"
"2.77700000","22.00000000","2024-06-22T22:37:25.989Z","sell"
"2.77600000","22.00000000","2024-06-22T22:37:25.989Z","sell"
"2.77500000","22.00000000","2024-06-22T22:37:25.989Z","sell"
"2.77400000","22.00000000","2024-06-22T22:37:25.989Z","sell"
"2.77340000","179.00000000","2024-06-22T22:37:25.989Z","sell"
"2.77300000","16.20000000","2024-06-22T22:37:25.989Z","sell"
"2.77290000","45.70000000","2024-06-22T22:37:25.989Z","sell"
"2.77200000","16.00000000","2024-06-22T22:37:25.989Z","sell"
"2.77180000","0.30000000","2024-06-22T22:37:25.989Z","sell"
"2.77100000","22.00000000","2024-06-22T22:37:25.989Z","sell"
"2.77000000","22.00000000","2024-06-22T22:37:25.989Z","sell"
"2.76900000","22.00000000","2024-06-22T22:37:25.989Z","sell"
"2.76800000","22.00000000","2024-06-22T22:37:25.989Z","sell"
"2.76700000","16.00000000","2024-06-22T22:37:25.989Z","sell"
"2.76690000","20.00000000","2024-06-22T22:36:18.684Z","sell"
"2.76700000","6.00000000","2024-06-22T22:35:20.620Z","sell"
"2.76690000","29.10000000","2024-06-22T22:35:04.283Z","sell"
"2.76680000","12.70000000","2024-06-22T22:35:04.283Z","sell"
"2.76600000","22.00000000","2024-06-22T22:35:04.283Z","sell"
"2.76500000","22.00000000","2024-06-22T22:35:04.283Z","sell"
"2.76400000","15.20000000","2024-06-22T22:35:04.283Z","sell"
"2.76300000","22.00000000","2024-06-22T22:35:04.283Z","sell"
"2.76360000","5.00000000","2024-06-22T22:33:53.401Z","sell"
"2.76370000","6.00000000","2024-06-22T22:33:44.796Z","sell"
"2.76390000","9.00000000","2024-06-22T22:33:44.530Z","sell"
"2.76390000","12.00000000","2024-06-22T22:33:44.296Z","sell"
"2.76390000","4.00000000","2024-06-22T22:33:44.148Z","sell"
"2.76350000","18.00000000","2024-06-22T22:33:43.892Z","sell"
"2.75230000","0.70000000","2024-06-22T22:33:43.630Z","buy"
"2.75230000","2.80000000","2024-06-22T22:33:22.042Z","buy"
"2.75220000","0.40000000","2024-06-22T22:31:51.069Z","buy"
"2.76390000","7.20000000","2024-06-22T22:30:51.616Z","sell"
"2.75250000","40.20000000","2024-06-22T22:30:44.398Z","buy"
"2.76400000","6.80000000","2024-06-22T22:28:30.267Z","sell"
"2.76300000","22.00000000","2024-06-22T22:27:11.869Z","sell"
"2.76290000","26.90000000","2024-06-22T22:27:04.468Z","sell"
"2.75230000","185.00000000","2024-06-22T22:25:22.867Z","buy"
"2.76390000","46.30000000","2024-06-22T22:25:20.641Z","sell"
"2.76300000","1.30000000","2024-06-22T22:25:20.641Z","sell"
"2.76300000","20.70000000","2024-06-22T22:25:05.366Z","sell"
"2.76200000","22.00000000","2024-06-22T22:25:05.063Z","sell"
"2.76100000","22.00000000","2024-06-22T22:25:04.928Z","sell"
"2.76000000","22.00000000","2024-06-22T22:25:04.917Z","sell"
"2.75900000","22.00000000","2024-06-22T22:25:04.906Z","sell"
"2.75890000","133.80000000","2024-06-22T22:25:04.744Z","sell"
"2.75890000","62.10000000","2024-06-22T22:25:04.738Z","sell"
"2.75880000","137.60000000","2024-06-22T22:25:04.599Z","sell"
"2.75850000","1.70000000","2024-06-22T22:25:04.599Z","sell"
"2.75840000","15.50000000","2024-06-22T22:25:04.599Z","sell"
"2.75800000","4.80000000","2024-06-22T22:25:04.599Z","sell"
"2.75700000","22.00000000","2024-06-22T22:24:47.816Z","sell"
"2.75700000","7.60000000","2024-06-22T22:24:38.862Z","sell"
"2.75700000","14.40000000","2024-06-22T22:24:38.856Z","sell"
"2.75690000","6.00000000","2024-06-22T22:24:24.858Z","sell"
"2.75780000","3.00000000","2024-06-22T22:23:19.872Z","sell"
"2.75700000","2.00000000","2024-06-22T22:23:19.872Z","sell"
"2.75700000","6.00000000","2024-06-22T22:23:19.231Z","sell"
"2.75700000","8.00000000","2024-06-22T22:23:13.895Z","sell"
"2.75700000","6.00000000","2024-06-22T22:23:11.798Z","sell"
"2.75800000","6.00000000","2024-06-22T22:23:00.582Z","sell"
"2.75780000","4.00000000","2024-06-22T22:23:00.399Z","sell"
"2.75770000","3.00000000","2024-06-22T22:22:54.266Z","sell"
"2.75700000","2.00000000","2024-06-22T22:22:54.266Z","sell"
"2.75700000","6.00000000","2024-06-22T22:22:52.425Z","sell"
"2.75690000","4.00000000","2024-06-22T22:22:50.663Z","sell"
"2.75700000","8.00000000","2024-06-22T22:22:49.447Z","sell"
"2.75690000","4.00000000","2024-06-22T22:22:48.543Z","sell"
"2.75700000","6.00000000","2024-06-22T22:22:25.057Z","sell"
"2.75710000","1.80000000","2024-06-22T22:22:10.247Z","sell"
"2.75700000","2.20000000","2024-06-22T22:22:10.247Z","sell"
"2.75700000","5.00000000","2024-06-22T22:22:02.260Z","sell"
"2.75600000","12.00000000","2024-06-22T22:21:56.043Z","sell"
"2.75600000","10.00000000","2024-06-22T22:21:54.978Z","sell"
"2.75700000","4.00000000","2024-06-22T22:20:58.786Z","sell"
"2.75700000","4.80000000","2024-06-22T22:20:58.700Z","sell"
"2.75690000","1.20000000","2024-06-22T22:20:58.700Z","sell"
"2.75690000","8.00000000","2024-06-22T22:20:58.482Z","sell"
"2.75690000","5.20000000","2024-06-22T22:20:58.412Z","sell"
"2.75690000","10.00000000","2024-06-22T22:20:58.219Z","sell"
"2.75690000","9.00000000","2024-06-22T22:20:57.974Z","sell"
"2.75680000","9.00000000","2024-06-22T22:20:57.545Z","sell"
"2.75650000","6.00000000","2024-06-22T22:20:57.086Z","sell"
"2.75680000","9.00000000","2024-06-22T22:20:56.264Z","sell"
"2.75690000","5.00000000","2024-06-22T22:20:55.185Z","sell"
"2.75620000","4.00000000","2024-06-22T22:20:52.247Z","sell"
"2.75630000","6.00000000","2024-06-22T22:20:52.000Z","sell"
"2.75670000","7.00000000","2024-06-22T22:20:48.533Z","sell"
"2.75650000","8.00000000","2024-06-22T22:20:46.402Z","sell"
"2.75670000","9.00000000","2024-06-22T22:20:45.876Z","sell"
"2.75690000","11.00000000","2024-06-22T22:20:44.729Z","sell"
"2.75630000","12.00000000","2024-06-22T22:20:44.492Z","sell"
"2.75670000","14.00000000","2024-06-22T22:20:42.010Z","sell"
"2.75690000","17.00000000","2024-06-22T22:20:41.767Z","sell"
"2.75680000","19.00000000","2024-06-22T22:20:41.478Z","sell"
"2.75700000","6.00000000","2024-06-22T22:20:41.059Z","sell"
"2.75800000","11.20000000","2024-06-22T22:20:04.416Z","sell"
"2.75700000","6.00000000","2024-06-22T22:20:04.416Z","sell"
"2.75600000","22.00000000","2024-06-22T22:19:55.958Z","sell"
"2.75630000","3.00000000","2024-06-22T22:19:52.268Z","sell"
"2.75600000","2.00000000","2024-06-22T22:19:52.268Z","sell"
"2.75600000","6.00000000","2024-06-22T22:19:51.473Z","sell"
"2.75600000","8.00000000","2024-06-22T22:19:51.124Z","sell"
"2.75590000","8.00000000","2024-06-22T22:19:49.804Z","sell"
"2.75600000","6.00000000","2024-06-22T22:19:49.571Z","sell"
"2.75690000","8.00000000","2024-06-22T22:19:42.380Z","sell"
"2.75700000","10.00000000","2024-06-22T22:19:42.289Z","sell"
"2.75700000","6.00000000","2024-06-22T22:19:42.128Z","sell"
"2.75650000","9.00000000","2024-06-22T22:19:41.898Z","sell"
"2.75680000","15.00000000","2024-06-22T22:19:40.431Z","sell"
"2.75690000","5.20000000","2024-06-22T22:19:22.301Z","sell"
"2.75680000","14.80000000","2024-06-22T22:19:22.301Z","sell"
"2.75690000","4.00000000","2024-06-22T22:18:58.330Z","sell"
"2.75890000","3.60000000","2024-06-22T22:18:11.114Z","sell"
"2.75890000","27.40000000","2024-06-22T22:17:27.091Z","sell"
"2.75780000","5.00000000","2024-06-22T22:17:23.089Z","sell"
"2.75790000","8.00000000","2024-06-22T22:17:22.479Z","sell"
"2.75810000","11.00000000","2024-06-22T22:17:04.731Z","sell"
"2.75890000","25.00000000","2024-06-22T22:17:01.767Z","sell"
"2.75890000","9.00000000","2024-06-22T22:17:01.350Z","sell"
"2.75860000","10.00000000","2024-06-22T22:17:01.260Z","sell"
"2.75860000","10.00000000","2024-06-22T22:17:01.249Z","sell"
"2.75860000","35.00000000","2024-06-22T22:17:01.150Z","sell"
"2.75860000","57.00000000","2024-06-22T22:17:01.124Z","sell"
"2.75860000","13.00000000","2024-06-22T22:17:01.117Z","sell"
"2.75800000","22.00000000","2024-06-22T22:17:01.117Z","sell"
"2.75700000","22.00000000","2024-06-22T22:17:01.117Z","sell"
"2.75600000","22.00000000","2024-06-22T22:17:01.067Z","sell"
"2.75590000","14.60000000","2024-06-22T22:17:01.067Z","sell"
"2.75500000","22.00000000","2024-06-22T22:17:00.917Z","sell"
"2.75480000","58.90000000","2024-06-22T22:17:00.917Z","sell"
"2.75400000","22.00000000","2024-06-22T22:17:00.873Z","sell"
"2.75300000","22.00000000","2024-06-22T22:17:00.858Z","sell"
"2.74180000","1999.60000000","2024-06-22T22:17:00.474Z","buy"
"2.74190000","360.00000000","2024-06-22T22:17:00.474Z","buy"
"2.74200000","22.00000000","2024-06-22T22:17:00.474Z","buy"
"2.74200000","29.40000000","2024-06-22T22:17:00.474Z","buy"
"2.74300000","22.00000000","2024-06-22T22:17:00.474Z","buy"
"2.74400000","22.00000000","2024-06-22T22:17:00.474Z","buy"
"2.74480000","41.90000000","2024-06-22T22:17:00.474Z","buy"
"2.74500000","22.00000000","2024-06-22T22:17:00.474Z","buy"
"2.74600000","22.00000000","2024-06-22T22:17:00.474Z","buy"
"2.74700000","22.00000000","2024-06-22T22:17:00.474Z","buy"
"2.74800000","22.00000000","2024-06-22T22:17:00.474Z","buy"
"2.74900000","22.00000000","2024-06-22T22:17:00.474Z","buy"
"2.74990000","212.00000000","2024-06-22T22:17:00.474Z","buy"
"2.75000000","22.00000000","2024-06-22T22:17:00.474Z","buy"
"2.75100000","22.00000000","2024-06-22T22:17:00.474Z","buy"
"2.75200000","22.00000000","2024-06-22T22:17:00.474Z","buy"
"2.75300000","22.00000000","2024-06-22T22:17:00.474Z","buy"
"2.75400000","22.00000000","2024-06-22T22:17:00.474Z","buy"
"2.75430000","237.00000000","2024-06-22T22:17:00.474Z","buy"
"2.75500000","22.00000000","2024-06-22T22:17:00.474Z","buy"
"2.75600000","22.00000000","2024-06-22T22:17:00.474Z","buy"
"2.75700000","22.00000000","2024-06-22T22:17:00.474Z","buy"
"2.75800000","22.00000000","2024-06-22T22:17:00.474Z","buy"
"2.75870000","169.00000000","2024-06-22T22:17:00.474Z","buy"
"2.75900000","22.00000000","2024-06-22T22:17:00.474Z","buy"
"2.76000000","22.00000000","2024-06-22T22:17:00.474Z","buy"
"2.76010000","205.60000000","2024-06-22T22:17:00.474Z","buy"
"2.76020000","58.50000000","2024-06-22T22:17:00.474Z","buy"
"2.77200000","6.00000000","2024-06-22T22:15:48.615Z","sell"
"2.77300000","5.80000000","2024-06-22T22:15:39.801Z","sell"
"2.77280000","0.20000000","2024-06-22T22:15:39.801Z","sell"
"2.77200000","22.00000000","2024-06-22T22:15:25.450Z","sell"
"2.77100000","19.30000000","2024-06-22T22:15:25.282Z","sell"
"2.77000000","10.70000000","2024-06-22T22:15:25.282Z","sell"
"2.76900000","22.00000000","2024-06-22T22:15:25.274Z","sell"
"2.76800000","10.90000000","2024-06-22T22:15:25.274Z","sell"
"2.76700000","22.00000000","2024-06-22T22:15:25.117Z","sell"
"2.76660000","53.00000000","2024-06-22T22:15:24.904Z","sell"
"2.76600000","22.00000000","2024-06-22T22:15:24.904Z","sell"
"2.76500000","22.00000000","2024-06-22T22:15:24.904Z","sell"
"2.76400000","22.00000000","2024-06-22T22:15:24.904Z","sell"
"2.76300000","22.00000000","2024-06-22T22:15:24.904Z","sell"
"2.76280000","14.70000000","2024-06-22T22:15:24.904Z","sell"
"2.76200000","14.00000000","2024-06-22T22:15:24.904Z","sell"
"2.76190000","17.70000000","2024-06-22T22:15:24.904Z","sell"
"2.76190000","6.00000000","2024-06-22T22:15:02.556Z","sell"
"2.76200000","5.00000000","2024-06-22T22:15:02.271Z","sell"
"2.76190000","5.00000000","2024-06-22T22:14:59.751Z","sell"
"2.76190000","9.00000000","2024-06-22T22:14:59.646Z","sell"
"2.76180000","6.00000000","2024-06-22T22:14:59.502Z","sell"
"2.76180000","7.00000000","2024-06-22T22:14:59.493Z","sell"
"2.76200000","3.00000000","2024-06-22T22:14:59.246Z","sell"
"2.76100000","5.00000000","2024-06-22T22:14:59.246Z","sell"
"2.76100000","8.00000000","2024-06-22T22:14:59.238Z","sell"
"2.76100000","2.00000000","2024-06-22T22:14:59.224Z","sell"
"2.76000000","14.00000000","2024-06-22T22:14:59.224Z","sell"
"2.76000000","8.00000000","2024-06-22T22:14:59.219Z","sell"
"2.76030000","5.00000000","2024-06-22T22:14:39.233Z","sell"
"2.76070000","4.00000000","2024-06-22T22:14:34.501Z","sell"
"2.76080000","6.00000000","2024-06-22T22:14:34.257Z","sell"
"2.76050000","7.00000000","2024-06-22T22:14:30.373Z","sell"
"2.76070000","8.00000000","2024-06-22T22:14:26.232Z","sell"
"2.76090000","5.00000000","2024-06-22T22:14:24.832Z","sell"
"2.76090000","11.00000000","2024-06-22T22:14:24.572Z","sell"
"2.76090000","10.00000000","2024-06-22T22:14:24.436Z","sell"
"2.76100000","7.00000000","2024-06-22T22:14:24.193Z","sell"
"2.76000000","7.00000000","2024-06-22T22:14:24.193Z","sell"
"2.76000000","5.00000000","2024-06-22T22:14:23.918Z","sell"
"2.76000000","5.00000000","2024-06-22T22:14:23.917Z","sell"
"2.76000000","5.00000000","2024-06-22T22:14:23.238Z","sell"
"2.76190000","17.90000000","2024-06-22T22:12:58.444Z","sell"
"2.76390000","5.00000000","2024-06-22T22:11:09.767Z","sell"
"2.75260000","107.60000000","2024-06-22T22:10:45.255Z","buy"
"2.75300000","22.00000000","2024-06-22T22:10:45.255Z","buy"
"2.75310000","26.40000000","2024-06-22T22:10:45.255Z","buy"
"2.75400000","22.00000000","2024-06-22T22:10:45.255Z","buy"
"2.75500000","22.00000000","2024-06-22T22:10:45.255Z","buy"
"2.76800000","11.10000000","2024-06-22T22:10:18.658Z","sell"
"2.75740000","2.40000000","2024-06-22T22:09:55.749Z","buy"
"2.75840000","1.10000000","2024-06-22T22:08:56.641Z","buy"
"2.77000000","11.30000000","2024-06-22T22:08:15.251Z","sell"
"2.77100000","2.70000000","2024-06-22T22:07:46.031Z","sell"
"2.77000000","22.00000000","2024-06-22T22:07:46.031Z","sell"
"2.76900000","22.00000000","2024-06-22T22:07:46.031Z","sell"
"2.76800000","22.00000000","2024-06-22T22:07:46.031Z","sell"
"2.76700000","22.00000000","2024-06-22T22:07:27.645Z","sell"
"2.76600000","22.00000000","2024-06-22T22:07:27.616Z","sell"
"2.76500000","22.00000000","2024-06-22T22:07:27.577Z","sell"
"2.76400000","0.30000000","2024-06-22T22:07:27.419Z","sell"
"2.76390000","28.30000000","2024-06-22T22:07:27.419Z","sell"
"2.76400000","21.70000000","2024-06-22T22:07:27.265Z","sell"
"2.76300000","22.00000000","2024-06-22T22:07:27.265Z","sell"
"2.76290000","28.30000000","2024-06-22T22:07:27.265Z","sell"
"2.76390000","48.00000000","2024-06-22T22:06:47.517Z","sell"
"2.76390000","32.50000000","2024-06-22T22:06:47.486Z","sell"
"2.76300000","15.50000000","2024-06-22T22:06:47.486Z","sell"
"2.76300000","6.50000000","2024-06-22T22:06:47.425Z","sell"
"2.76200000","22.00000000","2024-06-22T22:06:47.425Z","sell"
"2.76100000","3.60000000","2024-06-22T22:06:47.425Z","sell"
"2.76000000","7.40000000","2024-06-22T22:06:47.425Z","sell"
"2.75990000","8.50000000","2024-06-22T22:06:47.425Z","sell"
"2.75990000","48.00000000","2024-06-22T22:06:47.424Z","sell"
"2.76000000","3.50000000","2024-06-22T22:06:47.368Z","sell"
"2.75900000","22.00000000","2024-06-22T22:06:47.368Z","sell"
"2.75800000","22.00000000","2024-06-22T22:06:47.368Z","sell"
"2.75790000","32.50000000","2024-06-22T22:06:47.368Z","sell"
"2.75790000","4.00000000","2024-06-22T22:06:47.293Z","sell"
"2.75790000","76.50000000","2024-06-22T22:06:47.289Z","sell"
"2.75700000","3.50000000","2024-06-22T22:06:46.999Z","sell"
"2.75700000","12.50000000","2024-06-22T22:06:46.999Z","sell"
"2.75600000","22.00000000","2024-06-22T22:06:46.999Z","sell"
"2.75550000","47.50000000","2024-06-22T22:06:46.999Z","sell"
"2.75550000","80.00000000","2024-06-22T22:06:46.996Z","sell"
"2.75560000","7.00000000","2024-06-22T22:06:46.752Z","sell"
"2.75560000","7.00000000","2024-06-22T22:06:46.749Z","sell"
"2.75560000","7.00000000","2024-06-22T22:06:46.744Z","sell"
"2.75560000","7.00000000","2024-06-22T22:06:46.724Z","sell"
"2.74480000","58.10000000","2024-06-22T22:06:46.319Z","buy"
"2.74500000","22.00000000","2024-06-22T22:06:46.319Z","buy"
"2.74590000","0.40000000","2024-06-22T22:06:46.319Z","buy"
"2.74710000","199.00000000","2024-06-22T22:06:46.319Z","buy"
"2.74780000","57.50000000","2024-06-22T22:06:46.319Z","buy"
"2.74790000","24.50000000","2024-06-22T22:06:46.319Z","buy"
"2.74850000","0.40000000","2024-06-22T22:06:46.319Z","buy"
"2.74960000","0.10000000","2024-06-22T22:06:46.319Z","buy"
"2.75700000","6.00000000","2024-06-22T22:06:34.014Z","sell"
"2.76000000","3.70000000","2024-06-22T22:04:06.573Z","sell"
"2.75900000","22.00000000","2024-06-22T22:04:06.573Z","sell"
"2.76000000","7.40000000","2024-06-22T22:03:53.457Z","sell"
"2.76100000","18.40000000","2024-06-22T22:02:55.351Z","sell"
"2.76000000","22.00000000","2024-06-22T22:02:55.351Z","sell"
"2.75900000","22.00000000","2024-06-22T22:02:55.351Z","sell"
"2.75800000","15.40000000","2024-06-22T22:02:55.351Z","sell"
"2.75700000","22.00000000","2024-06-22T22:02:55.351Z","sell"
"2.75800000","6.60000000","2024-06-22T22:02:22.065Z","sell"
"2.75790000","1.40000000","2024-06-22T22:01:49.581Z","sell"
"2.75760000","37.00000000","2024-06-22T22:01:41.720Z","buy"
"2.75890000","44.80000000","2024-06-22T22:01:10.232Z","sell"
"2.75890000","13.80000000","2024-06-22T22:00:47.344Z","sell"
"2.75300000","22.60000000","2024-06-22T21:59:48.224Z","sell"
"2.74980000","690.90000000","2024-06-22T21:59:06.397Z","buy"
"2.74980000","19.10000000","2024-06-22T21:59:06.397Z","buy"
"2.75000000","22.00000000","2024-06-22T21:59:06.397Z","buy"
"2.75000000","21.60000000","2024-06-22T21:59:06.397Z","buy"
"2.75010000","44.40000000","2024-06-22T21:59:06.397Z","buy"
"2.75320000","11.00000000","2024-06-22T21:58:39.189Z","buy"
"2.75330000","0.10000000","2024-06-22T21:58:39.189Z","buy"
"2.75330000","0.20000000","2024-06-22T21:58:24.003Z","buy"
"2.75440000","22.10000000","2024-06-22T21:57:49.230Z","buy"
"2.75460000","7.30000000","2024-06-22T21:57:49.230Z","buy"
"2.75850000","36.10000000","2024-06-22T21:57:49.230Z","buy"
"2.75530000","0.10000000","2024-06-22T21:57:06.621Z","buy"
"2.76360000","101.10000000","2024-06-22T21:56:47.705Z","sell"
"2.76420000","17.10000000","2024-06-22T21:56:27.557Z","sell"
"2.76490000","1.10000000","2024-06-22T21:55:39.222Z","sell"
"2.75600000","22.00000000","2024-06-22T21:55:24.395Z","buy"
"2.75700000","22.00000000","2024-06-22T21:55:24.395Z","buy"
"2.75710000","11.50000000","2024-06-22T21:55:24.395Z","buy"
"2.75800000","22.00000000","2024-06-22T21:55:24.395Z","buy"
"2.75880000","654.80000000","2024-06-22T21:55:24.395Z","buy"
"2.75880000","1153.20000000","2024-06-22T21:55:24.246Z","buy"
"2.75890000","360.00000000","2024-06-22T21:55:24.246Z","buy"
"2.75890000","24.10000000","2024-06-22T21:55:24.246Z","buy"
"2.75900000","8.10000000","2024-06-22T21:55:24.246Z","buy"
"2.75900000","10.10000000","2024-06-22T21:55:24.246Z","buy"
"2.76000000","19.00000000","2024-06-22T21:55:14.908Z","sell"
"2.76000000","19.00000000","2024-06-22T21:55:14.908Z","sell"
"2.76000000","19.00000000","2024-06-22T21:55:14.904Z","sell"
"2.76000000","19.00000000","2024-06-22T21:55:14.902Z","sell"
"2.75900000","5.30000000","2024-06-22T21:55:03.830Z","buy"
"2.75900000","6.60000000","2024-06-22T21:55:03.823Z","buy"
"2.75990000","0.40000000","2024-06-22T21:55:03.823Z","buy"
"2.76000000","7.00000000","2024-06-22T21:55:03.495Z","sell"
"2.76000000","8.00000000","2024-06-22T21:55:03.134Z","sell"
"2.76000000","8.00000000","2024-06-22T21:55:03.127Z","sell"
"2.76000000","22.00000000","2024-06-22T21:55:02.856Z","buy"
"2.76000000","406.10000000","2024-06-22T21:55:02.856Z","buy"
"2.76100000","22.00000000","2024-06-22T21:55:02.856Z","buy"
"2.76100000","12.10000000","2024-06-22T21:55:02.856Z","buy"
"2.76210000","67.60000000","2024-06-22T21:55:02.856Z","buy"
"2.76220000","37.90000000","2024-06-22T21:55:02.856Z","buy"
"2.76230000","9.20000000","2024-06-22T21:55:02.856Z","buy"
"2.76240000","0.40000000","2024-06-22T21:55:02.856Z","buy"
"2.76320000","4.30000000","2024-06-22T21:55:02.856Z","buy"
"2.76350000","0.10000000","2024-06-22T21:55:02.856Z","buy"
"2.76750000","0.30000000","2024-06-22T21:54:20.168Z","buy"
"2.76940000","0.10000000","2024-06-22T21:54:20.168Z","buy"
"2.76980000","4.00000000","2024-06-22T21:50:33.598Z","sell"
"2.76980000","15.40000000","2024-06-22T21:50:32.089Z","sell"
"2.76980000","18.00000000","2024-06-22T21:50:31.869Z","sell"
"2.76980000","18.00000000","2024-06-22T21:50:31.840Z","sell"
"2.76980000","23.00000000","2024-06-22T21:50:31.603Z","sell"
"2.76980000","23.00000000","2024-06-22T21:50:31.590Z","sell"
"2.76980000","23.00000000","2024-06-22T21:50:31.587Z","sell"
"2.76980000","23.00000000","2024-06-22T21:50:31.580Z","sell"
"2.76980000","8.00000000","2024-06-22T21:50:31.127Z","sell"
"2.76980000","70.00000000","2024-06-22T21:50:09.285Z","buy"
"2.76980000","19.50000000","2024-06-22T21:48:08.565Z","buy"
"2.77000000","22.00000000","2024-06-22T21:48:08.565Z","buy"
"2.77010000","22.30000000","2024-06-22T21:48:08.565Z","buy"
"2.77270000","5.10000000","2024-06-22T21:48:08.565Z","buy"
"2.77280000","0.40000000","2024-06-22T21:48:08.565Z","buy"
"2.77390000","0.40000000","2024-06-22T21:47:26.394Z","buy"
"2.77400000","18.00000000","2024-06-22T21:47:26.394Z","buy"
"2.77420000","167.00000000","2024-06-22T21:47:26.394Z","buy"
"2.77500000","15.00000000","2024-06-22T21:47:26.244Z","buy"
"2.77530000","1.30000000","2024-06-22T21:47:26.244Z","buy"
"2.77560000","489.70000000","2024-06-22T21:47:26.244Z","buy"
"2.77580000","26.90000000","2024-06-22T21:47:26.244Z","buy"
"2.77590000","81.80000000","2024-06-22T21:47:26.244Z","buy"
"2.77570000","115.00000000","2024-06-22T21:44:10.004Z","buy"
"2.77600000","22.00000000","2024-06-22T21:44:10.004Z","buy"
"2.77700000","22.00000000","2024-06-22T21:44:10.004Z","buy"
"2.77810000","102.80000000","2024-06-22T21:44:10.004Z","buy"
"2.77760000","63.80000000","2024-06-22T21:44:00.004Z","buy"
"2.77990000","7.40000000","2024-06-22T21:44:00.004Z","buy"
"2.78000000","13.80000000","2024-06-22T21:44:00.004Z","buy"
"2.78870000","196.60000000","2024-06-22T21:43:52.988Z","sell"
"2.78800000","22.00000000","2024-06-22T21:43:52.988Z","sell"
"2.78730000","205.60000000","2024-06-22T21:43:52.988Z","sell"
"2.78700000","22.00000000","2024-06-22T21:43:52.988Z","sell"
"2.78690000","74.80000000","2024-06-22T21:43:52.988Z","sell"
"2.78600000","22.00000000","2024-06-22T21:43:52.988Z","sell"
"2.78500000","22.00000000","2024-06-22T21:43:52.988Z","sell"
"2.78400000","16.00000000","2024-06-22T21:43:52.988Z","sell"
"2.78300000","22.00000000","2024-06-22T21:43:52.988Z","sell"
"2.78200000","22.00000000","2024-06-22T21:43:52.988Z","sell"
"2.78100000","8.40000000","2024-06-22T21:43:52.988Z","sell"
"2.78000000","22.00000000","2024-06-22T21:43:23.738Z","sell"
"2.77990000","7.20000000","2024-06-22T21:40:42.572Z","buy"
"2.78100000","3.60000000","2024-06-22T21:38:30.515Z","sell"
"2.78100000","5.00000000","2024-06-22T21:38:12.768Z","sell"
"2.78100000","5.00000000","2024-06-22T21:38:12.759Z","sell"
"2.77990000","0.70000000","2024-06-22T21:37:19.300Z","buy"
"2.78400000","6.00000000","2024-06-22T21:35:33.569Z","sell"
"2.77600000","17.90000000","2024-06-22T21:34:24.649Z","buy"
"2.78660000","139.40000000","2024-06-22T21:33:56.847Z","sell"
"2.77560000","309.20000000","2024-06-22T21:33:40.331Z","buy"
"2.77570000","214.60000000","2024-06-22T21:33:40.331Z","buy"
"2.77670000","32.50000000","2024-06-22T21:33:40.331Z","buy"
"2.77680000","21.40000000","2024-06-22T21:33:40.331Z","buy"
"2.78000000","85.00000000","2024-06-22T21:33:13.596Z","sell"
"2.78000000","30.70000000","2024-06-22T21:33:13.596Z","sell"
"2.78450000","108.90000000","2024-06-22T21:32:32.050Z","sell"
"2.78450000","122.20000000","2024-06-22T21:32:29.225Z","sell"
"2.79180000","32.50000000","2024-06-22T21:32:01.160Z","sell"
"2.79160000","21.50000000","2024-06-22T21:32:01.160Z","sell"
"2.79150000","33.10000000","2024-06-22T21:32:01.160Z","sell"
"2.78500000","37.00000000","2024-06-22T21:31:27.444Z","sell"
"2.78500000","37.00000000","2024-06-22T21:31:27.287Z","sell"
"2.78500000","37.00000000","2024-06-22T21:31:27.286Z","sell"
"2.78500000","37.00000000","2024-06-22T21:31:27.208Z","sell"
"2.78610000","18.80000000","2024-06-22T21:31:27.006Z","buy"
"2.78790000","0.40000000","2024-06-22T21:31:27.006Z","buy"
"2.79200000","6.00000000","2024-06-22T21:31:05.030Z","sell"
"2.78610000","17.00000000","2024-06-22T21:29:25.755Z","buy"
"2.79300000","6.00000000","2024-06-22T21:29:22.389Z","sell"
"2.77940000","16.00000000","2024-06-22T21:28:59.495Z","buy"
"2.78000000","22.00000000","2024-06-22T21:28:59.495Z","buy"
"2.78100000","0.10000000","2024-06-22T21:28:59.495Z","buy"
"2.78100000","22.00000000","2024-06-22T21:28:59.495Z","buy"
"2.78160000","0.30000000","2024-06-22T21:28:59.495Z","buy"
"2.78190000","9.00000000","2024-06-22T21:28:59.495Z","buy"
"2.78200000","22.00000000","2024-06-22T21:28:59.495Z","buy"
"2.78280000","17.00000000","2024-06-22T21:28:59.495Z","buy"
"2.79640000","50.30000000","2024-06-22T21:28:04.968Z","sell"
"2.78300000","10.50000000","2024-06-22T21:27:16.504Z","buy"
"2.78310000","5.10000000","2024-06-22T21:27:16.504Z","buy"
"2.78310000","19.40000000","2024-06-22T21:27:16.489Z","buy"
"2.78360000","0.10000000","2024-06-22T21:27:16.489Z","buy"
"2.78400000","22.00000000","2024-06-22T21:27:16.489Z","buy"
"2.78470000","15.60000000","2024-06-22T21:27:16.489Z","buy"
"2.78500000","22.00000000","2024-06-22T21:27:16.489Z","buy"
"2.78600000","22.00000000","2024-06-22T21:27:16.489Z","buy"
"2.78690000","0.40000000","2024-06-22T21:27:16.489Z","buy"
"2.78700000","22.00000000","2024-06-22T21:27:16.489Z","buy"
"2.78770000","21.40000000","2024-06-22T21:27:16.489Z","buy"
"2.78840000","16.30000000","2024-06-22T21:27:11.629Z","buy"
"2.78760000","81.20000000","2024-06-22T21:27:11.587Z","buy"
"2.78800000","22.00000000","2024-06-22T21:27:11.587Z","buy"
"2.78830000","32.20000000","2024-06-22T21:27:11.587Z","buy"
"2.78840000","24.50000000","2024-06-22T21:27:11.587Z","buy"
"2.78900000","22.00000000","2024-06-22T21:27:11.587Z","buy"
"2.79000000","22.00000000","2024-06-22T21:27:11.587Z","buy"
"2.79100000","22.00000000","2024-06-22T21:27:11.587Z","buy"
"2.79110000","0.40000000","2024-06-22T21:27:11.587Z","buy"
"2.79130000","16.30000000","2024-06-22T21:27:11.587Z","buy"
"2.79200000","22.00000000","2024-06-22T21:27:11.587Z","buy"
"2.79300000","22.00000000","2024-06-22T21:27:11.587Z","buy"
"2.80420000","31.90000000","2024-06-22T21:26:30.367Z","sell"
"2.80410000","245.40000000","2024-06-22T21:26:30.367Z","sell"
"2.79400000","2.20000000","2024-06-22T21:25:57.824Z","buy"
"2.79500000","0.10000000","2024-06-22T21:25:57.824Z","buy"
"2.79500000","22.00000000","2024-06-22T21:25:57.824Z","buy"
"2.79570000","0.30000000","2024-06-22T21:25:57.824Z","buy"
"2.79600000","7.60000000","2024-06-22T21:25:57.824Z","buy"
"2.79600000","14.40000000","2024-06-22T21:25:25.172Z","buy"
"2.79610000","126.80000000","2024-06-22T21:25:25.164Z","buy"
"2.79630000","14.40000000","2024-06-22T21:25:25.164Z","buy"
"2.79700000","22.00000000","2024-06-22T21:25:25.164Z","buy"
"2.79770000","0.10000000","2024-06-22T21:25:25.164Z","buy"
"2.79800000","22.00000000","2024-06-22T21:25:25.164Z","buy"
"2.79900000","22.00000000","2024-06-22T21:25:25.164Z","buy"
"2.80000000","22.00000000","2024-06-22T21:25:25.164Z","buy"
"2.80100000","0.40000000","2024-06-22T21:25:25.164Z","buy"
"2.80100000","22.00000000","2024-06-22T21:25:25.164Z","buy"
"2.80130000","3.70000000","2024-06-22T21:25:25.164Z","buy"
"2.80200000","22.00000000","2024-06-22T21:25:25.164Z","buy"
"2.80500000","7.10000000","2024-06-22T21:24:14.384Z","sell"
"2.80200000","20.50000000","2024-06-22T21:21:31.064Z","buy"
"2.80300000","22.00000000","2024-06-22T21:21:31.064Z","buy"
"2.80400000","22.00000000","2024-06-22T21:21:31.064Z","buy"
"2.80500000","43.60000000","2024-06-22T21:20:27.949Z","sell"
"2.80500000","22.00000000","2024-06-22T21:19:45.668Z","buy"
"2.80570000","187.00000000","2024-06-22T21:19:45.668Z","buy"
"2.80600000","22.00000000","2024-06-22T21:19:45.668Z","buy"
"2.80610000","21.70000000","2024-06-22T21:19:45.668Z","buy"
"2.80700000","22.00000000","2024-06-22T21:19:45.668Z","buy"
"2.80800000","22.00000000","2024-06-22T21:19:45.668Z","buy"
"2.80900000","22.00000000","2024-06-22T21:19:45.668Z","buy"
"2.80980000","0.30000000","2024-06-22T21:19:45.668Z","buy"
"2.82320000","100.30000000","2024-06-22T21:19:26.669Z","sell"
"2.81000000","25.70000000","2024-06-22T21:19:08.901Z","sell"
"2.81000000","246.90000000","2024-06-22T21:18:42.864Z","sell"
"2.81000000","22.00000000","2024-06-22T21:18:42.856Z","buy"
"2.81100000","10.60000000","2024-06-22T21:18:42.856Z","buy"
"2.81170000","88.10000000","2024-06-22T21:18:42.856Z","buy"
"2.81180000","0.10000000","2024-06-22T21:18:42.856Z","buy"
"2.81200000","22.00000000","2024-06-22T21:18:42.856Z","buy"
"2.81210000","63.30000000","2024-06-22T21:18:42.856Z","buy"
"2.81300000","22.00000000","2024-06-22T21:18:42.856Z","buy"
"2.81400000","20.60000000","2024-06-22T21:18:42.856Z","buy"
"2.82590000","0.30000000","2024-06-22T21:18:41.343Z","sell"
"2.81400000","1.40000000","2024-06-22T21:18:20.952Z","buy"
"2.81500000","18.20000000","2024-06-22T21:17:42.334Z","buy"
"2.81600000","22.00000000","2024-06-22T21:17:42.334Z","buy"
"2.81700000","16.00000000","2024-06-22T21:17:42.334Z","buy"
"2.81800000","8.80000000","2024-06-22T21:17:14.896Z","buy"
"2.81800000","22.00000000","2024-06-22T21:17:14.896Z","buy"
"2.81900000","7.70000000","2024-06-22T21:17:14.896Z","buy"
"2.83210000","16.90000000","2024-06-22T21:17:02.999Z","sell"
"2.81900000","14.30000000","2024-06-22T21:16:44.647Z","buy"
"2.82000000","590.10000000","2024-06-22T21:16:22.173Z","sell"
"2.82000000","22.00000000","2024-06-22T21:16:22.167Z","buy"
"2.82100000","22.00000000","2024-06-22T21:16:22.167Z","buy"
"2.82200000","22.00000000","2024-06-22T21:16:22.167Z","buy"
"2.82270000","14.30000000","2024-06-22T21:16:22.167Z","buy"
"2.82300000","22.00000000","2024-06-22T21:16:22.167Z","buy"
"2.82220000","11.70000000","2024-06-22T21:14:54.599Z","buy"
"2.82220000","44.00000000","2024-06-22T21:14:54.598Z","buy"
"2.82220000","37.00000000","2024-06-22T21:14:54.594Z","buy"
"2.82220000","4.10000000","2024-06-22T21:14:54.593Z","buy"
"2.82220000","22.00000000","2024-06-22T21:14:54.592Z","buy"
"2.82220000","49.40000000","2024-06-22T21:14:54.588Z","buy"
"2.82300000","22.00000000","2024-06-22T21:14:54.587Z","buy"
"2.82400000","5.70000000","2024-06-22T21:14:54.584Z","buy"
"2.82500000","22.00000000","2024-06-22T21:14:54.583Z","buy"
"2.82600000","22.00000000","2024-06-22T21:14:54.581Z","buy"
"2.82700000","22.00000000","2024-06-22T21:14:54.574Z","buy"
"2.82800000","21.50000000","2024-06-22T21:14:54.572Z","buy"
"2.83860000","0.30000000","2024-06-22T21:14:43.228Z","sell"
"2.82800000","0.50000000","2024-06-22T21:14:38.307Z","buy"
"2.82500000","22.00000000","2024-06-22T21:08:23.591Z","buy"
"2.82500000","11.50000000","2024-06-22T21:08:23.591Z","buy"
"2.82500000","10.50000000","2024-06-22T21:08:11.175Z","buy"
"2.82510000","25.10000000","2024-06-22T21:08:11.175Z","buy"
"2.82410000","6.90000000","2024-06-22T21:06:45.183Z","buy"
"2.83680000","85.60000000","2024-06-22T21:06:33.202Z","sell"
"2.82500000","21.50000000","2024-06-22T21:05:37.673Z","buy"
"2.82500000","0.50000000","2024-06-22T21:05:37.669Z","buy"
"2.83820000","16.70000000","2024-06-22T21:04:25.395Z","sell"
"2.83730000","35.90000000","2024-06-22T21:04:18.765Z","sell"
"2.83700000","14.10000000","2024-06-22T21:04:18.765Z","sell"
"2.82400000","16.30000000","2024-06-22T21:03:59.346Z","buy"
"2.82500000","22.00000000","2024-06-22T21:03:59.346Z","buy"
"2.82600000","22.00000000","2024-06-22T21:03:59.346Z","buy"
"2.82700000","18.50000000","2024-06-22T21:03:59.346Z","buy"
"2.82710000","31.90000000","2024-06-22T21:03:59.346Z","buy"
"2.82700000","3.50000000","2024-06-22T21:02:56.340Z","buy"
"2.82800000","22.00000000","2024-06-22T21:02:56.340Z","buy"
"2.82810000","63.80000000","2024-06-22T21:02:56.340Z","buy"
"2.83210000","100.80000000","2024-06-22T21:02:01.167Z","buy"
"2.82730000","69.80000000","2024-06-22T21:02:00.961Z","buy"
"2.82740000","7.60000000","2024-06-22T21:02:00.961Z","buy"
"2.82800000","22.00000000","2024-06-22T21:02:00.961Z","buy"
"2.82900000","22.00000000","2024-06-22T21:02:00.961Z","buy"
"2.83000000","22.00000000","2024-06-22T21:02:00.961Z","buy"
"2.83100000","12.00000000","2024-06-22T21:02:00.961Z","buy"
"2.83200000","22.00000000","2024-06-22T21:02:00.961Z","buy"
"2.83230000","20.80000000","2024-06-22T21:01:57.703Z","sell"
"2.83100000","4.00000000","2024-06-22T20:59:35.986Z","buy"
"2.83120000","6.00000000","2024-06-22T20:59:32.901Z","buy"
"2.83120000","9.00000000","2024-06-22T20:59:31.892Z","buy"
"2.83100000","6.00000000","2024-06-22T20:59:31.640Z","buy"
"2.83140000","14.00000000","2024-06-22T20:59:31.400Z","buy"
"2.83110000","3.60000000","2024-06-22T20:59:31.162Z","buy"
"2.83120000","15.40000000","2024-06-22T20:59:31.162Z","buy"
"2.83050000","3.60000000","2024-06-22T20:59:29.394Z","buy"
"2.83060000","15.40000000","2024-06-22T20:59:29.394Z","buy"
"2.84390000","0.20000000","2024-06-22T20:58:56.303Z","sell"
"2.84230000","1.70000000","2024-06-22T20:56:35.854Z","sell"
"2.82830000","16.00000000","2024-06-22T20:56:02.092Z","buy"
"2.82840000","7.10000000","2024-06-22T20:56:02.092Z","buy"
"2.82900000","22.00000000","2024-06-22T20:56:02.092Z","buy"
"2.83000000","22.00000000","2024-06-22T20:56:02.092Z","buy"
"2.83100000","10.90000000","2024-06-22T20:56:02.092Z","buy"
"2.83200000","22.00000000","2024-06-22T20:56:02.092Z","buy"
"2.83300000","15.00000000","2024-06-22T20:56:02.092Z","buy"
"2.83300000","1.00000000","2024-06-22T20:55:21.115Z","buy"
"2.83400000","4.00000000","2024-06-22T20:55:21.115Z","buy"
"2.83400000","8.00000000","2024-06-22T20:55:20.680Z","buy"
"2.83400000","4.00000000","2024-06-22T20:55:20.520Z","buy"
"2.83500000","6.00000000","2024-06-22T20:55:20.520Z","buy"
"2.83500000","8.00000000","2024-06-22T20:55:20.458Z","buy"
"2.83500000","8.00000000","2024-06-22T20:55:20.327Z","buy"
"2.83500000","22.00000000","2024-06-22T20:53:25.440Z","buy"
"2.83500000","5.00000000","2024-06-22T20:52:02.457Z","buy"
"2.83500000","7.00000000","2024-06-22T20:52:02.230Z","buy"
"2.83500000","10.00000000","2024-06-22T20:52:01.986Z","buy"
"2.83400000","6.00000000","2024-06-22T20:50:28.508Z","buy"
"2.84490000","0.30000000","2024-06-22T20:50:23.660Z","sell"
"2.83300000","6.00000000","2024-06-22T20:50:01.052Z","buy"
"2.83600000","159.20000000","2024-06-22T20:48:58.429Z","buy"
"2.83600000","20.00000000","2024-06-22T20:48:58.424Z","buy"
"2.83600000","28.00000000","2024-06-22T20:48:58.153Z","buy"
"2.83600000","39.00000000","2024-06-22T20:48:57.895Z","buy"
"2.83600000","27.00000000","2024-06-22T20:48:57.658Z","buy"
"2.83600000","10.00000000","2024-06-22T20:48:57.410Z","buy"
"2.83600000","14.00000000","2024-06-22T20:48:57.171Z","buy"
"2.83600000","19.00000000","2024-06-22T20:48:56.826Z","buy"
"2.83600000","26.00000000","2024-06-22T20:48:56.714Z","buy"
"2.83600000","6.00000000","2024-06-22T20:48:56.591Z","buy"
"2.83600000","36.00000000","2024-06-22T20:48:56.464Z","buy"
"2.83600000","15.80000000","2024-06-22T20:48:56.224Z","buy"
"2.83610000","6.20000000","2024-06-22T20:48:56.224Z","buy"
"2.83380000","24.80000000","2024-06-22T20:48:55.462Z","buy"
"2.83390000","6.20000000","2024-06-22T20:48:55.462Z","buy"
"2.84700000","4.70000000","2024-06-22T20:48:50.459Z","sell"
"2.84600000","22.00000000","2024-06-22T20:48:50.459Z","sell"
"2.84590000","42.60000000","2024-06-22T20:48:50.459Z","sell"
"2.83380000","22.50000000","2024-06-22T20:48:47.788Z","buy"
"2.83390000","8.50000000","2024-06-22T20:48:47.788Z","buy"
"2.83370000","5.00000000","2024-06-22T20:48:47.537Z","buy"
"2.83350000","7.00000000","2024-06-22T20:48:47.299Z","buy"
"2.83350000","9.00000000","2024-06-22T20:48:47.154Z","buy"
"2.83330000","12.00000000","2024-06-22T20:48:47.037Z","buy"
"2.83310000","6.00000000","2024-06-22T20:48:46.809Z","buy"
"2.83390000","19.00000000","2024-06-22T20:48:46.555Z","buy"
"2.83370000","6.00000000","2024-06-22T20:48:46.300Z","buy"
"2.83400000","11.00000000","2024-06-22T20:48:40.384Z","buy"
"2.83380000","11.00000000","2024-06-22T20:48:40.133Z","buy"
"2.83240000","5.00000000","2024-06-22T20:48:32.817Z","buy"
"2.83220000","7.00000000","2024-06-22T20:48:32.579Z","buy"
"2.83200000","10.00000000","2024-06-22T20:48:32.262Z","buy"
"2.83200000","14.00000000","2024-06-22T20:48:32.012Z","buy"
"2.83180000","19.00000000","2024-06-22T20:48:31.909Z","buy"
"2.83100000","0.80000000","2024-06-22T20:48:27.746Z","buy"
"2.83110000","0.80000000","2024-06-22T20:48:27.746Z","buy"
"2.83100000","3.10000000","2024-06-22T20:48:23.037Z","buy"
"2.83110000","0.80000000","2024-06-22T20:48:23.037Z","buy"
"2.83100000","7.20000000","2024-06-22T20:48:22.831Z","buy"
"2.83110000","0.80000000","2024-06-22T20:48:22.831Z","buy"
"2.83200000","22.00000000","2024-06-22T20:48:22.831Z","buy"
"2.83300000","14.00000000","2024-06-22T20:48:22.831Z","buy"
"2.83300000","8.00000000","2024-06-22T20:48:22.820Z","buy"
"2.83400000","22.00000000","2024-06-22T20:48:22.820Z","buy"
"2.83500000","14.00000000","2024-06-22T20:48:22.820Z","buy"
"2.83500000","8.00000000","2024-06-22T20:48:22.742Z","buy"
"2.84990000","149.00000000","2024-06-22T20:48:22.665Z","sell"
"2.84970000","85.20000000","2024-06-22T20:48:22.665Z","sell"
"2.84960000","92.80000000","2024-06-22T20:48:22.665Z","sell"
"2.84990000","456.60000000","2024-06-22T20:48:22.252Z","sell"
"2.84980000","180.00000000","2024-06-22T20:48:22.252Z","sell"
"2.84900000","22.00000000","2024-06-22T20:48:22.252Z","sell"
"2.84800000","22.00000000","2024-06-22T20:48:22.252Z","sell"
"2.84710000","0.80000000","2024-06-22T20:48:22.252Z","sell"
"2.84700000","22.00000000","2024-06-22T20:48:22.252Z","sell"
"2.84600000","1.30000000","2024-06-22T20:48:22.252Z","sell"
"2.84600000","22.00000000","2024-06-22T20:48:22.252Z","sell"
"2.84580000","9.00000000","2024-06-22T20:48:22.252Z","sell"
"2.84500000","22.00000000","2024-06-22T20:48:22.252Z","sell"
"2.84400000","22.00000000","2024-06-22T20:48:22.252Z","sell"
"2.84320000","243.00000000","2024-06-22T20:48:22.252Z","sell"
"2.84300000","22.00000000","2024-06-22T20:48:22.252Z","sell"
"2.84200000","22.00000000","2024-06-22T20:48:22.252Z","sell"
"2.84100000","22.00000000","2024-06-22T20:48:22.252Z","sell"
"2.84000000","22.00000000","2024-06-22T20:48:22.252Z","sell"
"2.83900000","22.00000000","2024-06-22T20:48:22.252Z","sell"
"2.83800000","22.00000000","2024-06-22T20:48:22.252Z","sell"
"2.83700000","22.00000000","2024-06-22T20:48:22.252Z","sell"
"2.83600000","22.00000000","2024-06-22T20:48:22.252Z","sell"
"2.83500000","22.00000000","2024-06-22T20:48:22.252Z","sell"
"2.83400000","22.00000000","2024-06-22T20:48:22.252Z","sell"
"2.83300000","185.00000000","2024-06-22T20:48:22.252Z","sell"
"2.83300000","22.00000000","2024-06-22T20:48:22.252Z","sell"
"2.83200000","22.00000000","2024-06-22T20:48:22.252Z","sell"
"2.83010000","170.40000000","2024-06-22T20:48:22.252Z","sell"
"2.83000000","352.90000000","2024-06-22T20:48:22.252Z","sell"
"2.81830000","4.20000000","2024-06-22T20:48:12.246Z","buy"
"2.81840000","0.80000000","2024-06-22T20:48:12.246Z","buy"
"2.81810000","5.20000000","2024-06-22T20:48:12.090Z","buy"
"2.81820000","0.80000000","2024-06-22T20:48:12.090Z","buy"
"2.81810000","8.20000000","2024-06-22T20:48:11.967Z","buy"
"2.81820000","0.80000000","2024-06-22T20:48:11.967Z","buy"
"2.81830000","11.00000000","2024-06-22T20:48:11.861Z","buy"
"2.81830000","8.20000000","2024-06-22T20:48:11.689Z","buy"
"2.81840000","0.80000000","2024-06-22T20:48:11.689Z","buy"
"2.81710000","18.00000000","2024-06-22T20:47:45.707Z","buy"
"2.81700000","6.00000000","2024-06-22T20:47:45.444Z","buy"
"2.82840000","5.30000000","2024-06-22T20:47:23.303Z","sell"
"2.81500000","3.80000000","2024-06-22T20:45:48.418Z","buy"
"2.81510000","73.50000000","2024-06-22T20:45:48.418Z","buy"
"2.81550000","7.00000000","2024-06-22T20:44:43.288Z","buy"
"2.81540000","17.00000000","2024-06-22T20:44:43.086Z","buy"
"2.81870000","93.60000000","2024-06-22T20:44:42.949Z","buy"
"2.81540000","50.00000000","2024-06-22T20:44:42.884Z","buy"
"2.81600000","22.00000000","2024-06-22T20:44:42.670Z","buy"
"2.81700000","12.30000000","2024-06-22T20:44:42.670Z","buy"
"2.81700000","9.70000000","2024-06-22T20:44:42.670Z","buy"
"2.81710000","205.60000000","2024-06-22T20:44:42.670Z","buy"
"2.81730000","111.70000000","2024-06-22T20:44:42.670Z","buy"
"2.81800000","22.00000000","2024-06-22T20:44:42.612Z","buy"
"2.81900000","22.00000000","2024-06-22T20:44:42.612Z","buy"
"2.82000000","22.00000000","2024-06-22T20:44:42.612Z","buy"
"2.82100000","22.00000000","2024-06-22T20:44:42.612Z","buy"
"2.82200000","22.00000000","2024-06-22T20:44:42.612Z","buy"
"2.82300000","22.00000000","2024-06-22T20:44:42.612Z","buy"
"2.82410000","111.40000000","2024-06-22T20:44:42.612Z","buy"
"2.82400000","5.60000000","2024-06-22T20:44:42.435Z","buy"
"2.82400000","22.00000000","2024-06-22T20:44:42.435Z","buy"
"2.82410000","55.40000000","2024-06-22T20:44:42.435Z","buy"
"2.82410000","56.00000000","2024-06-22T20:44:42.419Z","buy"
"2.82500000","22.00000000","2024-06-22T20:44:42.419Z","buy"
"2.82600000","5.00000000","2024-06-22T20:44:42.419Z","buy"
"2.82600000","17.00000000","2024-06-22T20:44:42.410Z","buy"
"2.82700000","22.00000000","2024-06-22T20:44:42.410Z","buy"
"2.82800000","22.00000000","2024-06-22T20:44:42.410Z","buy"
"2.82900000","22.00000000","2024-06-22T20:44:42.410Z","buy"
"2.82760000","104.30000000","2024-06-22T20:44:41.772Z","sell"
"2.84370000","352.60000000","2024-06-22T20:44:41.649Z","sell"
"2.84300000","22.00000000","2024-06-22T20:44:41.649Z","sell"
"2.84290000","0.30000000","2024-06-22T20:44:41.649Z","sell"
"2.84200000","22.00000000","2024-06-22T20:44:41.649Z","sell"
"2.84100000","22.00000000","2024-06-22T20:44:41.649Z","sell"
"2.84000000","22.00000000","2024-06-22T20:44:41.649Z","sell"
"2.83900000","22.00000000","2024-06-22T20:44:41.649Z","sell"
"2.83850000","3.70000000","2024-06-22T20:44:41.649Z","sell"
"2.83800000","22.00000000","2024-06-22T20:44:41.649Z","sell"
"2.83700000","22.00000000","2024-06-22T20:44:41.649Z","sell"
"2.83600000","0.20000000","2024-06-22T20:44:41.649Z","sell"
"2.83600000","22.00000000","2024-06-22T20:44:41.649Z","sell"
"2.83500000","22.00000000","2024-06-22T20:44:41.649Z","sell"
"2.83490000","23.80000000","2024-06-22T20:44:41.649Z","sell"
"2.83400000","22.00000000","2024-06-22T20:44:41.649Z","sell"
"2.83350000","79.10000000","2024-06-22T20:44:41.649Z","sell"
"2.83300000","0.80000000","2024-06-22T20:44:41.649Z","sell"
"2.83300000","9.50000000","2024-06-22T20:44:41.649Z","sell"
"2.83200000","22.00000000","2024-06-22T20:44:41.649Z","sell"
"2.83190000","167.00000000","2024-06-22T20:44:41.649Z","sell"
"2.83180000","19.10000000","2024-06-22T20:44:41.649Z","sell"
"2.83170000","111.50000000","2024-06-22T20:44:41.649Z","sell"
"2.83100000","22.00000000","2024-06-22T20:44:41.649Z","sell"
"2.83090000","5.00000000","2024-06-22T20:44:41.649Z","sell"
"2.83000000","22.00000000","2024-06-22T20:44:41.649Z","sell"
"2.82900000","22.00000000","2024-06-22T20:44:41.649Z","sell"
"2.82890000","0.30000000","2024-06-22T20:44:41.649Z","sell"
"2.82800000","22.00000000","2024-06-22T20:44:41.649Z","sell"
"2.82700000","22.00000000","2024-06-22T20:44:41.649Z","sell"
"2.82560000","56.80000000","2024-06-22T20:44:41.649Z","sell"
"2.81400000","1.80000000","2024-06-22T20:44:16.424Z","buy"
"2.81200000","107.00000000","2024-06-22T20:43:38.647Z","buy"
"2.81100000","11.40000000","2024-06-22T20:43:27.686Z","buy"
"2.81200000","22.00000000","2024-06-22T20:43:27.686Z","buy"
"2.81300000","22.00000000","2024-06-22T20:43:27.686Z","buy"
"2.81400000","16.10000000","2024-06-22T20:43:27.686Z","buy"
"2.81400000","5.90000000","2024-06-22T20:43:13.193Z","buy"
"2.81500000","5.60000000","2024-06-22T20:43:13.193Z","buy"
"2.81500000","16.40000000","2024-06-22T20:43:11.899Z","buy"
"2.82560000","9.40000000","2024-06-22T20:42:25.135Z","sell"
"2.82450000","10.30000000","2024-06-22T20:42:25.135Z","sell"
"2.82450000","1.80000000","2024-06-22T20:41:07.135Z","sell"
"2.82210000","10.00000000","2024-06-22T20:33:43.488Z","sell"
"2.82120000","16.80000000","2024-06-22T20:33:23.321Z","sell"
"2.82160000","1.80000000","2024-06-22T20:32:21.326Z","sell"
"2.80840000","1.10000000","2024-06-22T20:31:19.878Z","buy"
"2.81990000","3.50000000","2024-06-22T20:29:42.361Z","sell"
"2.80540000","16.60000000","2024-06-22T20:27:04.071Z","buy"
"2.81900000","6.20000000","2024-06-22T20:24:31.369Z","sell"
"2.81890000","34.30000000","2024-06-22T20:24:31.369Z","sell"
"2.80440000","1.80000000","2024-06-22T20:22:29.314Z","buy"
"2.81900000","4.20000000","2024-06-22T20:22:13.313Z","sell"
"2.81800000","22.00000000","2024-06-22T20:22:13.313Z","sell"
"2.81700000","22.00000000","2024-06-22T20:22:13.313Z","sell"
"2.81600000","22.00000000","2024-06-22T20:22:13.313Z","sell"
"2.81590000","178.00000000","2024-06-22T20:22:13.313Z","sell"
"2.81500000","22.00000000","2024-06-22T20:22:13.313Z","sell"
"2.81490000","0.30000000","2024-06-22T20:22:13.313Z","sell"
"2.81480000","0.10000000","2024-06-22T20:22:13.313Z","sell"
"2.81400000","22.00000000","2024-06-22T20:22:13.313Z","sell"
"2.81370000","68.70000000","2024-06-22T20:22:13.313Z","sell"
"2.81340000","3481.40000000","2024-06-22T20:21:06.635Z","sell"
"2.81330000","360.00000000","2024-06-22T20:21:06.635Z","sell"
"2.81300000","22.00000000","2024-06-22T20:21:06.635Z","sell"
"2.81200000","22.00000000","2024-06-22T20:21:06.635Z","sell"
"2.81100000","22.00000000","2024-06-22T20:21:06.635Z","sell"
"2.81000000","22.00000000","2024-06-22T20:21:06.635Z","sell"
"2.80900000","22.00000000","2024-06-22T20:21:06.635Z","sell"
"2.80800000","22.00000000","2024-06-22T20:21:06.635Z","sell"
"2.80700000","22.00000000","2024-06-22T20:21:06.635Z","sell"
"2.80600000","22.00000000","2024-06-22T20:21:06.635Z","sell"
"2.80590000","23.80000000","2024-06-22T20:21:06.635Z","sell"
"2.80500000","22.00000000","2024-06-22T20:21:06.635Z","sell"
"2.80400000","22.00000000","2024-06-22T20:21:06.635Z","sell"
"2.80300000","22.00000000","2024-06-22T20:21:06.635Z","sell"
"2.80200000","22.00000000","2024-06-22T20:21:06.635Z","sell"
"2.80100000","22.00000000","2024-06-22T20:21:06.635Z","sell"
"2.80090000","0.10000000","2024-06-22T20:21:06.635Z","sell"
"2.80000000","22.00000000","2024-06-22T20:21:06.635Z","sell"
"2.79900000","22.00000000","2024-06-22T20:21:06.635Z","sell"
"2.79800000","22.00000000","2024-06-22T20:21:06.635Z","sell"
"2.79700000","22.00000000","2024-06-22T20:21:06.635Z","sell"
"2.79600000","22.00000000","2024-06-22T20:21:06.635Z","sell"
"2.79500000","22.00000000","2024-06-22T20:21:06.635Z","sell"
"2.79400000","22.00000000","2024-06-22T20:21:06.635Z","sell"
"2.79320000","235.00000000","2024-06-22T20:21:06.635Z","sell"
"2.79300000","22.00000000","2024-06-22T20:21:06.635Z","sell"
"2.79290000","291.70000000","2024-06-22T20:21:06.635Z","sell"
"2.79200000","22.00000000","2024-06-22T20:21:06.635Z","sell"
"2.79100000","12.30000000","2024-06-22T20:21:06.635Z","sell"
"2.78920000","137.30000000","2024-06-22T20:21:06.635Z","sell"
"2.77640000","6.50000000","2024-06-22T20:20:53.273Z","buy"
"2.77650000","3.90000000","2024-06-22T20:20:53.273Z","buy"
"2.78980000","35.40000000","2024-06-22T20:19:59.009Z","sell"
"2.77790000","53.80000000","2024-06-22T20:19:48.396Z","buy"
"2.77760000","13.00000000","2024-06-22T20:19:37.429Z","buy"
"2.77740000","13.00000000","2024-06-22T20:19:37.180Z","buy"
"2.77720000","13.00000000","2024-06-22T20:19:36.916Z","buy"
"2.77700000","13.00000000","2024-06-22T20:19:36.570Z","buy"
"2.77700000","13.00000000","2024-06-22T20:19:36.275Z","buy"
"2.77660000","13.00000000","2024-06-22T20:19:35.996Z","buy"
"2.77770000","41.00000000","2024-06-22T20:19:34.177Z","buy"
"2.77750000","13.00000000","2024-06-22T20:19:33.948Z","buy"
"2.77730000","13.00000000","2024-06-22T20:19:33.670Z","buy"
"2.77710000","13.00000000","2024-06-22T20:19:33.448Z","buy"
"2.77710000","13.00000000","2024-06-22T20:19:33.109Z","buy"
"2.77690000","13.00000000","2024-06-22T20:19:32.965Z","buy"
"2.77670000","13.00000000","2024-06-22T20:19:32.719Z","buy"
"2.77880000","32.00000000","2024-06-22T20:18:30.612Z","buy"
"2.77850000","17.20000000","2024-06-22T20:18:30.375Z","buy"
"2.77870000","16.80000000","2024-06-22T20:18:30.375Z","buy"
"2.77880000","19.00000000","2024-06-22T20:18:27.370Z","buy"
"2.79100000","9.70000000","2024-06-22T20:17:33.274Z","sell"
"2.79000000","7.30000000","2024-06-22T20:17:33.274Z","sell"
"2.79000000","22.00000000","2024-06-22T20:17:33.274Z","sell"
"2.78900000","22.00000000","2024-06-22T20:17:33.274Z","sell"
"2.78800000","22.00000000","2024-06-22T20:17:33.274Z","sell"
"2.78790000","146.10000000","2024-06-22T20:17:33.274Z","sell"
"2.78790000","0.20000000","2024-06-22T20:17:02.351Z","sell"
"2.78540000","3.40000000","2024-06-22T20:13:40.137Z","sell"
"2.78330000","14.40000000","2024-06-22T20:13:40.137Z","sell"
"2.78330000","1.60000000","2024-06-22T20:12:28.793Z","sell"
"2.78330000","1.60000000","2024-06-22T20:12:28.793Z","sell"
"2.77710000","0.20000000","2024-06-22T20:11:35.430Z","buy"
"2.77690000","1.70000000","2024-06-22T20:05:56.539Z","buy"
"2.77740000","4.40000000","2024-06-22T20:05:25.436Z","buy"
"2.78980000","1.10000000","2024-06-22T20:04:15.259Z","sell"
"2.77760000","0.10000000","2024-06-22T20:02:56.258Z","buy"
"2.78940000","8.30000000","2024-06-22T20:02:46.169Z","sell"
"2.78990000","21.80000000","2024-06-22T20:01:36.737Z","sell"
"2.78750000","83.30000000","2024-06-22T20:01:24.257Z","sell"
"2.78720000","21.30000000","2024-06-22T20:01:24.257Z","sell"
"2.78620000","17.10000000","2024-06-22T20:01:05.648Z","sell"
"2.77560000","113.90000000","2024-06-22T19:59:58.545Z","buy"
"2.77600000","22.00000000","2024-06-22T19:59:58.545Z","buy"
"2.77630000","81.70000000","2024-06-22T19:59:58.545Z","buy"
"2.77640000","19.30000000","2024-06-22T19:59:58.545Z","buy"
"2.77700000","0.10000000","2024-06-22T19:59:58.545Z","buy"
"2.77700000","22.00000000","2024-06-22T19:59:58.545Z","buy"
"2.77800000","22.00000000","2024-06-22T19:59:58.545Z","buy"
"2.77900000","22.00000000","2024-06-22T19:59:58.545Z","buy"
"2.78000000","22.00000000","2024-06-22T19:59:58.545Z","buy"
"2.78100000","22.00000000","2024-06-22T19:59:58.545Z","buy"
"2.78200000","22.00000000","2024-06-22T19:59:58.545Z","buy"
"2.78300000","22.00000000","2024-06-22T19:59:58.545Z","buy"
"2.78400000","22.00000000","2024-06-22T19:59:58.545Z","buy"
"2.79100000","100.90000000","2024-06-22T19:53:24.197Z","buy"
"2.79490000","3.50000000","2024-06-22T19:53:24.192Z","sell"
"2.79860000","6.50000000","2024-06-22T19:48:54.718Z","sell"
"2.79840000","0.40000000","2024-06-22T19:47:43.344Z","sell"
"2.78520000","23.10000000","2024-06-22T19:47:32.797Z","buy"
"2.78600000","22.00000000","2024-06-22T19:47:32.797Z","buy"
"2.78700000","22.00000000","2024-06-22T19:47:32.797Z","buy"
"2.78800000","22.00000000","2024-06-22T19:47:32.797Z","buy"
"2.78900000","10.90000000","2024-06-22T19:47:32.797Z","buy"
"2.78900000","1.10000000","2024-06-22T19:47:16.657Z","buy"
"2.78900000","10.00000000","2024-06-22T19:46:33.602Z","buy"
"2.78900000","6.90000000","2024-06-22T19:46:16.673Z","buy"
"2.80010000","11.50000000","2024-06-22T19:41:14.359Z","sell"
"2.80060000","14.40000000","2024-06-22T19:40:21.212Z","sell"
"2.78930000","110.30000000","2024-06-22T19:39:49.080Z","buy"
"2.78940000","34.20000000","2024-06-22T19:39:49.080Z","buy"
"2.79000000","0.30000000","2024-06-22T19:39:49.080Z","buy"
"2.79000000","21.70000000","2024-06-22T19:39:45.556Z","buy"
"2.79100000","22.00000000","2024-06-22T19:39:45.556Z","buy"
"2.79200000","22.00000000","2024-06-22T19:39:45.556Z","buy"
"2.79200000","1.10000000","2024-06-22T19:38:19.979Z","buy"
"2.79300000","22.00000000","2024-06-22T19:38:19.979Z","buy"
"2.79400000","22.00000000","2024-06-22T19:38:19.979Z","buy"
"2.79500000","22.00000000","2024-06-22T19:38:19.979Z","buy"
"2.79600000","22.00000000","2024-06-22T19:38:19.979Z","buy"
"2.79630000","136.20000000","2024-06-22T19:37:45.343Z","buy"
"2.79640000","151.30000000","2024-06-22T19:37:45.343Z","buy"
"2.80900000","300.00000000","2024-06-22T19:37:08.771Z","buy"
"2.80840000","0.90000000","2024-06-22T19:36:35.460Z","sell"
"2.79240000","0.80000000","2024-06-22T19:35:42.929Z","sell"
"2.81170000","519.90000000","2024-06-22T19:35:42.894Z","sell"
"2.81160000","360.00000000","2024-06-22T19:35:42.894Z","sell"
"2.81100000","22.00000000","2024-06-22T19:35:42.894Z","sell"
"2.81060000","1.30000000","2024-06-22T19:35:42.894Z","sell"
"2.81000000","22.00000000","2024-06-22T19:35:42.894Z","sell"
"2.80900000","22.00000000","2024-06-22T19:35:42.894Z","sell"
"2.80800000","22.00000000","2024-06-22T19:35:42.894Z","sell"
"2.80780000","0.10000000","2024-06-22T19:35:42.894Z","sell"
"2.80700000","22.00000000","2024-06-22T19:35:42.894Z","sell"
"2.80600000","0.60000000","2024-06-22T19:35:42.894Z","sell"
"2.80600000","22.00000000","2024-06-22T19:35:42.894Z","sell"
"2.80500000","22.00000000","2024-06-22T19:35:42.894Z","sell"
"2.80400000","22.00000000","2024-06-22T19:35:42.894Z","sell"
"2.80300000","22.00000000","2024-06-22T19:35:42.894Z","sell"
"2.80200000","22.00000000","2024-06-22T19:35:42.894Z","sell"
"2.80100000","22.00000000","2024-06-22T19:35:42.894Z","sell"
"2.80000000","22.00000000","2024-06-22T19:35:42.894Z","sell"
"2.79910000","170.00000000","2024-06-22T19:35:42.894Z","sell"
"2.79900000","22.00000000","2024-06-22T19:35:42.894Z","sell"
"2.79800000","22.00000000","2024-06-22T19:35:42.894Z","sell"
"2.79700000","22.00000000","2024-06-22T19:35:42.894Z","sell"
"2.79600000","22.00000000","2024-06-22T19:35:42.894Z","sell"
"2.79500000","22.00000000","2024-06-22T19:35:42.894Z","sell"
"2.79430000","223.00000000","2024-06-22T19:35:42.894Z","sell"
"2.79400000","22.00000000","2024-06-22T19:35:42.894Z","sell"
"2.79300000","22.00000000","2024-06-22T19:35:42.894Z","sell"
"2.79260000","112.80000000","2024-06-22T19:35:42.894Z","sell"
"2.79250000","47.70000000","2024-06-22T19:35:42.894Z","sell"
"2.79200000","8.90000000","2024-06-22T19:35:42.894Z","sell"
"2.79100000","22.00000000","2024-06-22T19:35:42.894Z","sell"
"2.79000000","22.00000000","2024-06-22T19:35:42.894Z","sell"
"2.78900000","22.00000000","2024-06-22T19:35:42.894Z","sell"
"2.78800000","22.00000000","2024-06-22T19:35:42.894Z","sell"
"2.78700000","22.00000000","2024-06-22T19:35:42.894Z","sell"
"2.78600000","22.00000000","2024-06-22T19:35:42.894Z","sell"
"2.78500000","4.90000000","2024-06-22T19:35:42.894Z","sell"
"2.77890000","53.60000000","2024-06-22T19:35:40.642Z","buy"
"2.78500000","17.10000000","2024-06-22T19:34:47.444Z","sell"
"2.77900000","22.50000000","2024-06-22T19:33:37.218Z","buy"
"2.77900000","0.90000000","2024-06-22T19:32:45.671Z","buy"
"2.77890000","30.10000000","2024-06-22T19:31:56.261Z","buy"
"2.77900000","44.70000000","2024-06-22T19:31:56.261Z","buy"
"2.78030000","29.20000000","2024-06-22T19:28:32.085Z","buy"
"2.77940000","25.00000000","2024-06-22T19:28:07.345Z","buy"
"2.78100000","23.10000000","2024-06-22T19:24:23.417Z","buy"
"2.78590000","19.30000000","2024-06-22T19:24:23.417Z","buy"
"2.79200000","8.90000000","2024-06-22T19:24:01.966Z","sell"
"2.78590000","11.50000000","2024-06-22T19:21:17.767Z","buy"
"2.79200000","4.20000000","2024-06-22T19:21:16.170Z","sell"
"2.78590000","6.90000000","2024-06-22T19:20:37.439Z","buy"
"2.79950000","88.70000000","2024-06-22T19:19:22.560Z","sell"
"2.79900000","0.30000000","2024-06-22T19:19:22.560Z","sell"
"2.79900000","22.00000000","2024-06-22T19:19:22.560Z","sell"
"2.79800000","22.00000000","2024-06-22T19:19:22.560Z","sell"
"2.79700000","22.00000000","2024-06-22T19:19:22.560Z","sell"
"2.79600000","22.00000000","2024-06-22T19:19:22.560Z","sell"
"2.79500000","22.00000000","2024-06-22T19:19:22.560Z","sell"
"2.79400000","22.00000000","2024-06-22T19:19:22.560Z","sell"
"2.79390000","0.10000000","2024-06-22T19:19:22.560Z","sell"
"2.79300000","22.00000000","2024-06-22T19:19:22.560Z","sell"
"2.79200000","9.90000000","2024-06-22T19:19:22.560Z","sell"
"2.79100000","22.00000000","2024-06-22T19:19:22.560Z","sell"
"2.78590000","25.80000000","2024-06-22T19:18:26.051Z","buy"
"2.79200000","12.10000000","2024-06-22T19:17:24.831Z","sell"
"2.79100000","22.00000000","2024-06-22T19:17:24.831Z","sell"
"2.79190000","6.20000000","2024-06-22T19:16:19.358Z","sell"
"2.79260000","22.00000000","2024-06-22T19:14:38.258Z","sell"
"2.79250000","1.50000000","2024-06-22T19:14:38.258Z","sell"
"2.79200000","22.00000000","2024-06-22T19:14:38.258Z","sell"
"2.79100000","15.50000000","2024-06-22T19:14:38.258Z","sell"
"2.79000000","19.00000000","2024-06-22T19:14:38.258Z","sell"
"2.79000000","3.00000000","2024-06-22T19:14:15.412Z","sell"
"2.78980000","0.30000000","2024-06-22T19:14:15.412Z","sell"
"2.78900000","22.00000000","2024-06-22T19:14:15.412Z","sell"
"2.78800000","22.00000000","2024-06-22T19:14:15.412Z","sell"
"2.78700000","22.00000000","2024-06-22T19:14:15.412Z","sell"
"2.78600000","22.00000000","2024-06-22T19:14:15.412Z","sell"
"2.78500000","13.30000000","2024-06-22T19:14:15.412Z","sell"
"2.78500000","8.70000000","2024-06-22T19:13:44.165Z","sell"
"2.78490000","154.30000000","2024-06-22T19:13:44.165Z","sell"
"2.78400000","19.10000000","2024-06-22T19:13:44.165Z","sell"
"2.78300000","22.00000000","2024-06-22T19:13:44.165Z","sell"
"2.78200000","22.00000000","2024-06-22T19:13:44.165Z","sell"
"2.78100000","22.00000000","2024-06-22T19:13:44.165Z","sell"
"2.78000000","22.00000000","2024-06-22T19:13:44.165Z","sell"
"2.77950000","7.30000000","2024-06-22T19:13:44.165Z","sell"
"2.77950000","7.30000000","2024-06-22T19:13:44.165Z","sell"
"2.77900000","22.00000000","2024-06-22T19:13:44.165Z","sell"
"2.77890000","50.00000000","2024-06-22T19:12:30.133Z","buy"
"2.77560000","87.20000000","2024-06-22T19:08:28.505Z","buy"