"price","volume","time","side","orderType"
"4.27170000","65.10000000","2024-05-27T19:11:44.412Z","buy","maker"
"4.27180000","6.20000000","2024-05-27T19:11:44.412Z","buy","maker"
"4.27220000","51.20000000","2024-05-27T19:11:41.406Z","buy","maker"
"4.27230000","7.00000000","2024-05-27T19:11:41.406Z","buy","maker"
"4.27210000","50.10000000","2024-05-27T19:11:39.925Z","buy","maker"
"4.27220000","8.10000000","2024-05-27T19:11:39.925Z","buy","maker"
"4.28650000","4.00000000","2024-05-27T19:11:36.170Z","sell","maker"
"4.27240000","45.60000000","2024-05-27T19:11:34.402Z","buy","maker"
"4.27250000","12.60000000","2024-05-27T19:11:34.402Z","buy","maker"
"4.27220000","52.30000000","2024-05-27T19:11:30.961Z","buy","maker"
"4.27230000","12.60000000","2024-05-27T19:11:30.961Z","buy","maker"
"4.27560000","27.60000000","2024-05-27T19:11:28.904Z","buy","maker"
"4.27570000","17.70000000","2024-05-27T19:11:28.904Z","buy","maker"
"4.27560000","6.20000000","2024-05-27T19:11:28.430Z","buy","maker"
"4.27530000","40.50000000","2024-05-27T19:11:27.416Z","buy","maker"
"4.27560000","17.70000000","2024-05-27T19:11:27.416Z","buy","maker"
"4.27390000","18.40000000","2024-05-27T19:11:21.905Z","buy","maker"
"4.27400000","22.00000000","2024-05-27T19:11:21.905Z","buy","maker"
"4.27530000","17.70000000","2024-05-27T19:11:21.905Z","buy","maker"
"4.27610000","58.20000000","2024-05-27T19:11:18.941Z","buy","maker"
"4.27300000","58.20000000","2024-05-27T19:11:15.906Z","buy","maker"
"4.28890000","11.60000000","2024-05-27T19:11:14.163Z","sell","maker"
"4.28800000","20.00000000","2024-05-27T19:11:14.163Z","sell","maker"
"4.28780000","4.90000000","2024-05-27T19:11:14.163Z","sell","maker"
"4.28760000","69.30000000","2024-05-27T19:11:14.163Z","sell","maker"
"4.28700000","20.00000000","2024-05-27T19:11:14.163Z","sell","maker"
"4.28600000","20.00000000","2024-05-27T19:11:14.163Z","sell","maker"
"4.28500000","20.00000000","2024-05-27T19:11:14.163Z","sell","maker"
"4.28400000","20.00000000","2024-05-27T19:11:14.163Z","sell","maker"
"4.28300000","20.00000000","2024-05-27T19:11:14.163Z","sell","maker"
"4.28200000","20.00000000","2024-05-27T19:11:14.163Z","sell","maker"
"4.28100000","20.00000000","2024-05-27T19:11:14.163Z","sell","maker"
"4.28000000","2726.30000000","2024-05-27T19:11:14.163Z","sell","maker"
"4.27990000","1.90000000","2024-05-27T19:11:14.163Z","sell","maker"
"4.27990000","162.30000000","2024-05-27T19:09:22.884Z","sell","maker"
"4.27900000","20.00000000","2024-05-27T19:09:22.884Z","sell","maker"
"4.27800000","20.00000000","2024-05-27T19:09:22.884Z","sell","maker"
"4.27690000","87.00000000","2024-05-27T19:09:22.884Z","sell","maker"
"4.27650000","95.50000000","2024-05-27T19:09:22.884Z","sell","maker"
"4.27640000","197.40000000","2024-05-27T19:09:22.884Z","sell","maker"
"4.27630000","24.40000000","2024-05-27T19:09:22.884Z","sell","maker"
"4.26690000","46.70000000","2024-05-27T19:09:22.884Z","sell","maker"
"4.26690000","46.80000000","2024-05-27T19:09:22.884Z","sell","maker"
"4.26690000","46.10000000","2024-05-27T19:09:22.884Z","sell","maker"
"4.25640000","61.40000000","2024-05-27T19:08:17.718Z","buy","maker"
"4.25700000","20.00000000","2024-05-27T19:08:17.718Z","buy","maker"
"4.25800000","20.00000000","2024-05-27T19:08:17.718Z","buy","maker"
"4.25900000","20.00000000","2024-05-27T19:08:17.718Z","buy","maker"
"4.26000000","20.00000000","2024-05-27T19:08:17.718Z","buy","maker"
"4.26100000","20.00000000","2024-05-27T19:08:17.718Z","buy","maker"
"4.26200000","20.00000000","2024-05-27T19:08:17.718Z","buy","maker"
"4.26250000","45.80000000","2024-05-27T19:08:17.718Z","buy","maker"
"4.26260000","6.60000000","2024-05-27T19:08:17.718Z","buy","maker"
"4.26240000","58.80000000","2024-05-27T19:08:17.344Z","buy","maker"
"4.26250000","6.60000000","2024-05-27T19:08:17.344Z","buy","maker"
"4.26300000","0.40000000","2024-05-27T19:08:17.344Z","buy","maker"
"4.26340000","95.80000000","2024-05-27T19:08:10.846Z","buy","maker"
"4.26350000","7.50000000","2024-05-27T19:08:10.846Z","buy","maker"
"4.26300000","19.60000000","2024-05-27T19:08:04.330Z","buy","maker"
"4.26400000","20.00000000","2024-05-27T19:08:04.330Z","buy","maker"
"4.26450000","8.90000000","2024-05-27T19:08:04.330Z","buy","maker"
"4.26510000","46.70000000","2024-05-27T19:08:04.330Z","buy","maker"
"4.26520000","8.10000000","2024-05-27T19:08:04.330Z","buy","maker"
"4.26600000","37.90000000","2024-05-27T19:07:24.592Z","buy","maker"
"4.26610000","10.40000000","2024-05-27T19:07:24.592Z","buy","maker"
"4.27220000","39.70000000","2024-05-27T19:07:23.331Z","buy","maker"
"4.27220000","88.00000000","2024-05-27T19:07:20.330Z","buy","maker"
"4.27220000","88.00000000","2024-05-27T19:07:16.848Z","buy","maker"
"4.27220000","52.50000000","2024-05-27T19:07:15.354Z","buy","maker"
"4.27220000","39.20000000","2024-05-27T19:07:14.649Z","buy","maker"
"4.27230000","48.80000000","2024-05-27T19:07:14.649Z","buy","maker"
"4.27220000","66.40000000","2024-05-27T19:07:10.827Z","buy","maker"
"4.27240000","43.30000000","2024-05-27T19:07:10.827Z","buy","maker"
"4.27240000","47.70000000","2024-05-27T19:07:10.827Z","buy","maker"
"4.27230000","160.10000000","2024-05-27T19:07:09.819Z","buy","maker"
"4.28000000","342.30000000","2024-05-27T19:06:52.118Z","sell","maker"
"4.27660000","47.50000000","2024-05-27T19:06:52.118Z","sell","maker"
"4.27680000","34.70000000","2024-05-27T19:06:42.390Z","sell","maker"
"4.27180000","22.90000000","2024-05-27T19:06:37.067Z","buy","maker"
"4.27820000","10.70000000","2024-05-27T19:05:29.773Z","sell","maker"
"4.28000000","24.20000000","2024-05-27T19:04:37.280Z","sell","maker"
"4.27990000","1.30000000","2024-05-27T19:04:37.280Z","sell","maker"
"4.27980000","7.60000000","2024-05-27T19:04:37.280Z","sell","maker"
"4.27000000","100.00000000","2024-05-27T19:04:13.355Z","sell","maker"
"4.28000000","269.20000000","2024-05-27T19:03:58.940Z","sell","maker"
"4.27990000","11.50000000","2024-05-27T19:03:58.940Z","sell","maker"
"4.27990000","22.20000000","2024-05-27T19:03:58.940Z","sell","maker"
"4.27980000","131.10000000","2024-05-27T19:03:58.940Z","sell","maker"
"4.27110000","11.50000000","2024-05-27T19:03:28.399Z","buy","maker"
"4.27120000","4.50000000","2024-05-27T19:03:28.399Z","buy","maker"
"4.27120000","16.00000000","2024-05-27T19:03:28.395Z","buy","maker"
"4.27120000","16.00000000","2024-05-27T19:03:28.394Z","buy","maker"
"4.27160000","90.70000000","2024-05-27T19:03:12.432Z","buy","maker"
"4.27120000","4.00000000","2024-05-27T19:03:11.873Z","buy","maker"
"4.27120000","4.00000000","2024-05-27T19:02:46.014Z","buy","maker"
"4.27090000","5.00000000","2024-05-27T19:02:45.357Z","buy","maker"
"4.28000000","64.00000000","2024-05-27T19:02:22.823Z","sell","maker"
"4.27990000","180.00000000","2024-05-27T19:02:22.823Z","sell","maker"
"4.27980000","33.80000000","2024-05-27T19:02:22.823Z","sell","maker"
"4.27970000","122.80000000","2024-05-27T19:02:22.823Z","sell","maker"
"4.27740000","45.90000000","2024-05-27T19:02:22.823Z","sell","maker"
"4.27550000","9.20000000","2024-05-27T19:02:22.823Z","sell","maker"
"4.26720000","7.60000000","2024-05-27T19:02:13.051Z","buy","maker"
"4.26730000","1.80000000","2024-05-27T19:01:34.518Z","buy","maker"
"4.27620000","24.60000000","2024-05-27T19:01:24.690Z","sell","maker"
"4.27800000","72.40000000","2024-05-27T19:01:07.515Z","sell","maker"
"4.27120000","45.20000000","2024-05-27T19:00:58.596Z","buy","maker"
"4.27120000","38.40000000","2024-05-27T19:00:58.585Z","buy","maker"
"4.27120000","261.20000000","2024-05-27T19:00:58.249Z","buy","maker"
"4.27130000","46.80000000","2024-05-27T19:00:58.249Z","buy","maker"
"4.27130000","45.90000000","2024-05-27T19:00:58.249Z","buy","maker"
"4.27140000","166.80000000","2024-05-27T19:00:58.249Z","buy","maker"
"4.27140000","19.30000000","2024-05-27T19:00:16.242Z","buy","maker"
"4.27530000","6.90000000","2024-05-27T19:00:16.242Z","buy","maker"
"4.27990000","173.40000000","2024-05-27T18:58:16.178Z","sell","maker"
"4.27940000","67.50000000","2024-05-27T18:58:16.178Z","sell","maker"
"4.27900000","20.00000000","2024-05-27T18:58:16.178Z","sell","maker"
"4.27890000","95.50000000","2024-05-27T18:58:16.178Z","sell","maker"
"4.27870000","10.30000000","2024-05-27T18:58:16.178Z","sell","maker"
"4.27690000","23.50000000","2024-05-27T18:58:16.178Z","sell","maker"
"4.27680000","10.30000000","2024-05-27T18:58:16.178Z","sell","maker"
"4.27680000","32.00000000","2024-05-27T18:58:11.057Z","sell","maker"
"4.27710000","4.60000000","2024-05-27T18:57:50.597Z","sell","maker"
"4.26890000","26.90000000","2024-05-27T18:57:29.501Z","buy","maker"
"4.26940000","24.00000000","2024-05-27T18:57:29.501Z","buy","maker"
"4.26910000","69.40000000","2024-05-27T18:56:55.204Z","buy","maker"
"4.26980000","23.90000000","2024-05-27T18:56:55.204Z","buy","maker"
"4.26800000","13.00000000","2024-05-27T18:55:38.566Z","buy","maker"
"4.26790000","11.00000000","2024-05-27T18:55:38.521Z","buy","maker"
"4.26790000","3.90000000","2024-05-27T18:55:38.266Z","buy","maker"
"4.26800000","7.10000000","2024-05-27T18:55:38.266Z","buy","maker"
"4.26800000","11.00000000","2024-05-27T18:55:38.180Z","buy","maker"
"4.26800000","11.00000000","2024-05-27T18:55:38.093Z","buy","maker"
"4.26800000","11.00000000","2024-05-27T18:55:38.059Z","buy","maker"
"4.27700000","2.60000000","2024-05-27T18:55:29.924Z","sell","maker"
"4.27600000","8.70000000","2024-05-27T18:55:29.924Z","sell","maker"
"4.27600000","11.30000000","2024-05-27T18:55:23.907Z","sell","maker"
"4.27500000","20.00000000","2024-05-27T18:55:23.907Z","sell","maker"
"4.27400000","341.30000000","2024-05-27T18:55:23.907Z","sell","maker"
"4.27400000","10.30000000","2024-05-27T18:55:20.213Z","sell","maker"
"4.27390000","12.90000000","2024-05-27T18:55:20.213Z","sell","maker"
"4.26660000","13.00000000","2024-05-27T18:55:17.715Z","buy","maker"
"4.27400000","378.90000000","2024-05-27T18:55:11.117Z","sell","maker"
"4.27000000","58.30000000","2024-05-27T18:55:11.117Z","sell","maker"
"4.26650000","0.20000000","2024-05-27T18:53:41.338Z","buy","maker"
"4.27000000","92.60000000","2024-05-27T18:53:32.509Z","sell","maker"
"4.26640000","42.50000000","2024-05-27T18:53:20.765Z","buy","maker"
"4.26640000","44.50000000","2024-05-27T18:53:20.765Z","buy","maker"
"4.27000000","5.10000000","2024-05-27T18:52:55.213Z","sell","maker"
"4.27000000","65.30000000","2024-05-27T18:52:32.000Z","sell","maker"
"4.27000000","28.70000000","2024-05-27T18:52:06.620Z","sell","maker"
"4.26640000","7.30000000","2024-05-27T18:51:52.873Z","buy","maker"
"4.27000000","1.20000000","2024-05-27T18:51:42.403Z","sell","maker"
"4.27000000","325.30000000","2024-05-27T18:51:31.542Z","sell","maker"
"4.26960000","66.20000000","2024-05-27T18:51:31.542Z","sell","maker"
"4.26950000","44.40000000","2024-05-27T18:51:31.542Z","sell","maker"
"4.26640000","41.00000000","2024-05-27T18:50:40.071Z","buy","maker"
"4.26640000","111.10000000","2024-05-27T18:50:40.046Z","buy","maker"
"4.26640000","195.50000000","2024-05-27T18:50:38.822Z","buy","maker"
"4.26640000","3.30000000","2024-05-27T18:50:38.822Z","buy","maker"
"4.27090000","49.30000000","2024-05-27T18:49:55.092Z","sell","maker"
"4.27100000","29.70000000","2024-05-27T18:49:40.579Z","sell","maker"
"4.27100000","20.00000000","2024-05-27T18:49:40.579Z","sell","maker"
"4.27090000","250.50000000","2024-05-27T18:49:40.579Z","sell","maker"
"4.27080000","2.20000000","2024-05-27T18:49:40.579Z","sell","maker"
"4.27000000","20.00000000","2024-05-27T18:49:40.579Z","sell","maker"
"4.26900000","20.00000000","2024-05-27T18:49:40.579Z","sell","maker"
"4.26800000","20.00000000","2024-05-27T18:49:40.579Z","sell","maker"
"4.26700000","20.00000000","2024-05-27T18:49:40.579Z","sell","maker"
"4.26600000","20.00000000","2024-05-27T18:49:40.579Z","sell","maker"
"4.26500000","20.00000000","2024-05-27T18:49:40.579Z","sell","maker"
"4.26400000","15.30000000","2024-05-27T18:49:40.579Z","sell","maker"
"4.26390000","42.30000000","2024-05-27T18:49:08.700Z","sell","maker"
"4.26390000","21.70000000","2024-05-27T18:49:08.700Z","sell","maker"
"4.26400000","4.70000000","2024-05-27T18:48:36.524Z","sell","maker"
"4.25860000","56.50000000","2024-05-27T18:48:28.669Z","sell","maker"
"4.25850000","226.60000000","2024-05-27T18:48:28.669Z","sell","maker"
"4.25540000","3.30000000","2024-05-27T18:48:28.669Z","sell","maker"
"4.25540000","29.40000000","2024-05-27T18:48:28.669Z","sell","maker"
"4.25530000","17.80000000","2024-05-27T18:48:28.669Z","sell","maker"
"4.24160000","3.30000000","2024-05-27T18:48:17.435Z","buy","maker"
"4.24170000","3.90000000","2024-05-27T18:48:17.435Z","buy","maker"
"4.25110000","45.90000000","2024-05-27T18:47:58.708Z","sell","maker"
"4.25200000","10.70000000","2024-05-27T18:47:48.963Z","sell","maker"
"4.25560000","6.00000000","2024-05-27T18:47:29.265Z","sell","maker"
"4.25050000","39.60000000","2024-05-27T18:47:29.265Z","sell","maker"
"4.24130000","13.60000000","2024-05-27T18:47:26.841Z","buy","maker"
"4.25510000","7.10000000","2024-05-27T18:46:55.192Z","sell","maker"
"4.24010000","20.20000000","2024-05-27T18:46:29.405Z","buy","maker"
"4.24020000","0.40000000","2024-05-27T18:46:29.405Z","buy","maker"
"4.24020000","5.10000000","2024-05-27T18:46:29.405Z","buy","maker"
"4.24010000","17.00000000","2024-05-27T18:45:52.957Z","buy","maker"
"4.24020000","18.40000000","2024-05-27T18:45:52.957Z","buy","maker"
"4.24030000","4.40000000","2024-05-27T18:45:52.957Z","buy","maker"
"4.24030000","6.30000000","2024-05-27T18:45:44.884Z","buy","maker"
"4.24040000","4.60000000","2024-05-27T18:45:44.884Z","buy","maker"
"4.24030000","0.90000000","2024-05-27T18:45:42.091Z","buy","maker"
"4.24000000","1099.60000000","2024-05-27T18:45:36.240Z","buy","maker"
"4.24010000","360.00000000","2024-05-27T18:45:36.240Z","buy","maker"
"4.24090000","83.00000000","2024-05-27T18:45:36.240Z","buy","maker"
"4.24100000","4.80000000","2024-05-27T18:45:36.240Z","buy","maker"
"4.24110000","24.70000000","2024-05-27T18:45:36.240Z","buy","maker"
"4.24200000","20.00000000","2024-05-27T18:45:36.240Z","buy","maker"
"4.24210000","17.80000000","2024-05-27T18:45:36.240Z","buy","maker"
"4.24220000","5.00000000","2024-05-27T18:45:36.240Z","buy","maker"
"4.24370000","0.80000000","2024-05-27T18:45:36.240Z","buy","maker"
"4.24380000","39.40000000","2024-05-27T18:45:36.240Z","buy","maker"
"4.24100000","0.90000000","2024-05-27T18:44:59.254Z","buy","maker"
"4.24200000","2.20000000","2024-05-27T18:44:59.254Z","buy","maker"
"4.24220000","49.40000000","2024-05-27T18:44:59.254Z","buy","maker"
"4.24230000","6.70000000","2024-05-27T18:44:59.254Z","buy","maker"
"4.24160000","15.90000000","2024-05-27T18:44:42.017Z","buy","maker"
"4.24170000","8.00000000","2024-05-27T18:44:42.017Z","buy","maker"
"4.24250000","5.80000000","2024-05-27T18:44:29.116Z","buy","maker"
"4.26330000","12.60000000","2024-05-27T18:44:19.837Z","buy","maker"
"4.25410000","114.70000000","2024-05-27T18:44:19.766Z","buy","maker"
"4.26340000","13.30000000","2024-05-27T18:44:19.755Z","buy","maker"
"4.24100000","14.30000000","2024-05-27T18:44:19.739Z","buy","maker"
"4.24200000","20.00000000","2024-05-27T18:44:19.739Z","buy","maker"
"4.24300000","20.00000000","2024-05-27T18:44:19.739Z","buy","maker"
"4.24400000","20.00000000","2024-05-27T18:44:19.739Z","buy","maker"
"4.24500000","20.00000000","2024-05-27T18:44:19.739Z","buy","maker"
"4.24510000","229.40000000","2024-05-27T18:44:19.739Z","buy","maker"
"4.24600000","20.00000000","2024-05-27T18:44:19.739Z","buy","maker"
"4.24700000","20.00000000","2024-05-27T18:44:19.739Z","buy","maker"
"4.24800000","20.00000000","2024-05-27T18:44:19.739Z","buy","maker"
"4.24900000","20.00000000","2024-05-27T18:44:19.739Z","buy","maker"
"4.25000000","20.00000000","2024-05-27T18:44:19.739Z","buy","maker"
"4.25100000","20.00000000","2024-05-27T18:44:19.739Z","buy","maker"
"4.25190000","75.00000000","2024-05-27T18:44:19.739Z","buy","maker"
"4.25200000","20.00000000","2024-05-27T18:44:19.739Z","buy","maker"
"4.25300000","20.00000000","2024-05-27T18:44:19.739Z","buy","maker"
"4.25400000","20.00000000","2024-05-27T18:44:19.739Z","buy","maker"
"4.25500000","20.00000000","2024-05-27T18:44:19.739Z","buy","maker"
"4.25600000","20.00000000","2024-05-27T18:44:19.739Z","buy","maker"
"4.25700000","20.00000000","2024-05-27T18:44:19.739Z","buy","maker"
"4.25800000","20.00000000","2024-05-27T18:44:19.739Z","buy","maker"
"4.25910000","96.00000000","2024-05-27T18:44:19.739Z","buy","maker"
"4.26210000","387.50000000","2024-05-27T18:44:19.739Z","buy","maker"
"4.26330000","44.70000000","2024-05-27T18:44:19.739Z","buy","maker"
"4.26340000","13.30000000","2024-05-27T18:44:19.739Z","buy","maker"
"4.26210000","119.80000000","2024-05-27T18:44:12.563Z","buy","maker"
"4.26220000","156.00000000","2024-05-27T18:44:12.563Z","buy","maker"
"4.26230000","1.20000000","2024-05-27T18:44:12.563Z","buy","maker"
"4.26310000","14.60000000","2024-05-27T18:43:58.613Z","buy","maker"
"4.26320000","6.10000000","2024-05-27T18:43:58.613Z","buy","maker"
"4.27940000","3.00000000","2024-05-27T18:43:55.929Z","sell","maker"
"4.27880000","6.50000000","2024-05-27T18:43:55.929Z","sell","maker"
"4.27740000","27.20000000","2024-05-27T18:43:55.929Z","sell","maker"
"4.27570000","44.50000000","2024-05-27T18:43:55.929Z","sell","maker"
"4.27560000","42.20000000","2024-05-27T18:43:55.929Z","sell","maker"
"4.27490000","34.10000000","2024-05-27T18:43:55.929Z","sell","maker"
"4.27480000","181.30000000","2024-05-27T18:43:55.929Z","sell","maker"
"4.26520000","4.50000000","2024-05-27T18:43:39.102Z","buy","maker"
"4.26540000","37.50000000","2024-05-27T18:43:39.102Z","buy","maker"
"4.26550000","9.10000000","2024-05-27T18:43:39.102Z","buy","maker"
"4.26530000","3.70000000","2024-05-27T18:43:28.754Z","buy","maker"
"4.26530000","3.90000000","2024-05-27T18:43:28.682Z","buy","maker"
"4.26520000","9.90000000","2024-05-27T18:43:28.610Z","buy","maker"
"4.26540000","0.50000000","2024-05-27T18:43:28.610Z","buy","maker"
"4.26570000","27.20000000","2024-05-27T18:43:28.610Z","buy","maker"
"4.26580000","13.50000000","2024-05-27T18:43:28.610Z","buy","maker"
"4.26580000","4.00000000","2024-05-27T18:43:28.131Z","buy","maker"
"4.27800000","17.60000000","2024-05-27T18:43:00.338Z","sell","maker"
"4.27610000","23.40000000","2024-05-27T18:43:00.338Z","sell","maker"
"4.26520000","31.70000000","2024-05-27T18:42:38.770Z","buy","maker"
"4.26530000","13.20000000","2024-05-27T18:42:38.770Z","buy","maker"
"4.26540000","5.20000000","2024-05-27T18:42:38.770Z","buy","maker"
"4.26560000","3.80000000","2024-05-27T18:42:37.801Z","buy","maker"
"4.26540000","3.40000000","2024-05-27T18:42:32.834Z","buy","maker"
"4.26590000","0.30000000","2024-05-27T18:42:32.834Z","buy","maker"
"4.26590000","5.00000000","2024-05-27T18:42:32.574Z","buy","maker"
"4.26590000","6.00000000","2024-05-27T18:42:32.317Z","buy","maker"
"4.27830000","2.30000000","2024-05-27T18:42:26.766Z","sell","maker"
"4.27660000","23.40000000","2024-05-27T18:42:26.766Z","sell","maker"
"4.27380000","48.60000000","2024-05-27T18:42:26.766Z","sell","maker"
"4.26520000","56.50000000","2024-05-27T18:42:16.775Z","buy","maker"
"4.26520000","223.70000000","2024-05-27T18:42:02.920Z","buy","maker"
"4.26530000","26.00000000","2024-05-27T18:42:02.920Z","buy","maker"
"4.26540000","0.30000000","2024-05-27T18:42:02.920Z","buy","maker"
"4.26530000","4.00000000","2024-05-27T18:41:41.643Z","buy","maker"
"4.26530000","3.70000000","2024-05-27T18:41:35.652Z","buy","maker"
"4.27700000","49.00000000","2024-05-27T18:41:33.622Z","sell","maker"
"4.26530000","5.00000000","2024-05-27T18:41:32.668Z","buy","maker"
"4.26530000","5.00000000","2024-05-27T18:41:32.665Z","buy","maker"
"4.26530000","4.00000000","2024-05-27T18:41:28.145Z","buy","maker"
"4.26520000","11.30000000","2024-05-27T18:41:27.353Z","buy","maker"
"4.26530000","5.70000000","2024-05-27T18:41:27.353Z","buy","maker"
"4.26530000","17.00000000","2024-05-27T18:41:27.351Z","buy","maker"
"4.26530000","3.70000000","2024-05-27T18:41:27.350Z","buy","maker"
"4.26560000","2.40000000","2024-05-27T18:41:27.350Z","buy","maker"
"4.26590000","10.90000000","2024-05-27T18:41:27.350Z","buy","maker"
"4.26550000","5.00000000","2024-05-27T18:41:20.090Z","buy","maker"
"4.26550000","5.00000000","2024-05-27T18:41:20.080Z","buy","maker"
"4.26550000","118.40000000","2024-05-27T18:41:20.009Z","buy","maker"
"4.26520000","4.00000000","2024-05-27T18:41:18.590Z","buy","maker"
"4.26630000","3.80000000","2024-05-27T18:41:13.926Z","buy","maker"
"4.26630000","5.00000000","2024-05-27T18:41:13.828Z","buy","maker"
"4.26390000","4.00000000","2024-05-27T18:41:11.062Z","buy","maker"
"4.26590000","3.70000000","2024-05-27T18:41:08.563Z","buy","maker"
"4.26580000","11.00000000","2024-05-27T18:41:07.449Z","buy","maker"
"4.26580000","11.00000000","2024-05-27T18:41:07.444Z","buy","maker"
"4.26580000","11.00000000","2024-05-27T18:41:07.443Z","buy","maker"
"4.26580000","4.00000000","2024-05-27T18:41:07.074Z","buy","maker"
"4.27800000","18.20000000","2024-05-27T18:41:04.868Z","sell","maker"
"4.27730000","84.40000000","2024-05-27T18:41:04.868Z","sell","maker"
"4.27720000","212.90000000","2024-05-27T18:41:04.868Z","sell","maker"
"4.27660000","1.70000000","2024-05-27T18:41:04.868Z","sell","maker"
"4.27560000","13.80000000","2024-05-27T18:41:04.868Z","sell","maker"
"4.27510000","23.40000000","2024-05-27T18:41:04.868Z","sell","maker"
"4.27380000","40.20000000","2024-05-27T18:41:04.868Z","sell","maker"
"4.26570000","4.00000000","2024-05-27T18:40:56.064Z","buy","maker"
"4.26580000","8.00000000","2024-05-27T18:40:34.884Z","buy","maker"
"4.26580000","0.60000000","2024-05-27T18:40:34.881Z","buy","maker"
"4.26590000","7.40000000","2024-05-27T18:40:34.881Z","buy","maker"
"4.26580000","1.20000000","2024-05-27T18:40:34.774Z","buy","maker"
"4.26580000","12.80000000","2024-05-27T18:40:34.774Z","buy","maker"
"4.26580000","6.60000000","2024-05-27T18:40:34.772Z","buy","maker"
"4.26590000","7.40000000","2024-05-27T18:40:34.772Z","buy","maker"
"4.26660000","4.00000000","2024-05-27T18:40:33.743Z","buy","maker"
"4.26640000","6.00000000","2024-05-27T18:40:31.147Z","buy","maker"
"4.26640000","6.00000000","2024-05-27T18:40:31.132Z","buy","maker"
"4.26560000","3.60000000","2024-05-27T18:40:25.850Z","buy","maker"
"4.26560000","4.00000000","2024-05-27T18:40:25.674Z","buy","maker"
"4.26560000","4.00000000","2024-05-27T18:40:25.652Z","buy","maker"
"4.26560000","4.00000000","2024-05-27T18:40:25.493Z","buy","maker"
"4.26560000","4.00000000","2024-05-27T18:40:25.476Z","buy","maker"
"4.26560000","4.00000000","2024-05-27T18:40:25.395Z","buy","maker"
"4.26560000","4.00000000","2024-05-27T18:40:25.363Z","buy","maker"
"4.26560000","4.00000000","2024-05-27T18:40:25.148Z","buy","maker"
"4.26560000","4.00000000","2024-05-27T18:40:25.122Z","buy","maker"
"4.26550000","41.10000000","2024-05-27T18:40:23.587Z","buy","maker"
"4.26550000","41.00000000","2024-05-27T18:40:23.570Z","buy","maker"
"4.26550000","27.40000000","2024-05-27T18:40:23.202Z","buy","maker"
"4.26550000","36.50000000","2024-05-27T18:40:23.197Z","buy","maker"
"4.26550000","3.10000000","2024-05-27T18:40:19.562Z","buy","maker"
"4.26550000","0.90000000","2024-05-27T18:40:19.562Z","buy","maker"
"4.26100000","4.00000000","2024-05-27T18:39:52.164Z","buy","maker"
"4.27410000","8.50000000","2024-05-27T18:39:34.439Z","sell","maker"
"4.26820000","12.00000000","2024-05-27T18:39:34.439Z","sell","maker"
"4.26810000","7.20000000","2024-05-27T18:39:34.439Z","sell","maker"
"4.26690000","17.80000000","2024-05-27T18:39:34.439Z","sell","maker"
"4.25990000","1.60000000","2024-05-27T18:39:23.761Z","buy","maker"
"4.25980000","5.00000000","2024-05-27T18:39:23.480Z","buy","maker"
"4.25980000","2.20000000","2024-05-27T18:39:23.414Z","buy","maker"
"4.25990000","7.80000000","2024-05-27T18:39:23.414Z","buy","maker"
"4.25990000","10.00000000","2024-05-27T18:39:23.381Z","buy","maker"
"4.25680000","12.00000000","2024-05-27T18:39:06.456Z","buy","maker"
"4.25790000","12.00000000","2024-05-27T18:39:06.449Z","buy","maker"
"4.25790000","11.00000000","2024-05-27T18:39:06.446Z","buy","maker"
"4.25650000","80.10000000","2024-05-27T18:38:39.411Z","buy","maker"
"4.25660000","143.40000000","2024-05-27T18:38:39.411Z","buy","maker"
"4.24530000","5.20000000","2024-05-27T18:38:32.168Z","buy","maker"
"4.27600000","0.50000000","2024-05-27T18:38:31.851Z","sell","maker"
"4.26090000","88.80000000","2024-05-27T18:38:31.842Z","sell","maker"
"4.27510000","168.70000000","2024-05-27T18:38:31.821Z","sell","maker"
"4.27500000","20.00000000","2024-05-27T18:38:31.821Z","sell","maker"
"4.27420000","2.40000000","2024-05-27T18:38:31.821Z","sell","maker"
"4.27400000","20.00000000","2024-05-27T18:38:31.821Z","sell","maker"
"4.27300000","20.00000000","2024-05-27T18:38:31.821Z","sell","maker"
"4.27200000","20.00000000","2024-05-27T18:38:31.821Z","sell","maker"
"4.27110000","80.30000000","2024-05-27T18:38:31.821Z","sell","maker"
"4.27100000","20.00000000","2024-05-27T18:38:31.821Z","sell","maker"
"4.27000000","20.00000000","2024-05-27T18:38:31.821Z","sell","maker"
"4.26900000","20.00000000","2024-05-27T18:38:31.821Z","sell","maker"
"4.26800000","20.00000000","2024-05-27T18:38:31.821Z","sell","maker"
"4.26700000","20.00000000","2024-05-27T18:38:31.821Z","sell","maker"
"4.26600000","20.00000000","2024-05-27T18:38:31.821Z","sell","maker"
"4.26500000","20.00000000","2024-05-27T18:38:31.821Z","sell","maker"
"4.26490000","98.50000000","2024-05-27T18:38:31.821Z","sell","maker"
"4.26480000","2.20000000","2024-05-27T18:38:31.821Z","sell","maker"
"4.26480000","44.00000000","2024-05-27T18:38:31.821Z","sell","maker"
"4.26460000","51.90000000","2024-05-27T18:38:31.821Z","sell","maker"
"4.26400000","20.00000000","2024-05-27T18:38:31.821Z","sell","maker"
"4.26300000","20.00000000","2024-05-27T18:38:31.821Z","sell","maker"
"4.26200000","20.00000000","2024-05-27T18:38:31.821Z","sell","maker"
"4.26120000","14.40000000","2024-05-27T18:38:31.821Z","sell","maker"
"4.26110000","79.00000000","2024-05-27T18:38:31.821Z","sell","maker"
"4.26100000","20.00000000","2024-05-27T18:38:31.821Z","sell","maker"
"4.26010000","65.30000000","2024-05-27T18:38:31.821Z","sell","maker"
"4.26010000","1.30000000","2024-05-27T18:38:31.821Z","sell","maker"
"4.26000000","20.00000000","2024-05-27T18:38:31.821Z","sell","maker"
"4.25990000","177.50000000","2024-05-27T18:38:31.821Z","sell","maker"
"4.25980000","1.80000000","2024-05-27T18:38:31.821Z","sell","maker"
"4.25900000","20.00000000","2024-05-27T18:38:31.821Z","sell","maker"
"4.25800000","20.00000000","2024-05-27T18:38:31.821Z","sell","maker"
"4.25600000","24.20000000","2024-05-27T18:38:31.821Z","sell","maker"
"4.25780000","1.10000000","2024-05-27T18:38:13.354Z","sell","maker"
"4.25770000","185.40000000","2024-05-27T18:38:13.354Z","sell","maker"
"4.25550000","1.70000000","2024-05-27T18:38:13.354Z","sell","maker"
"4.25410000","4.30000000","2024-05-27T18:38:13.354Z","sell","maker"
"4.25300000","23.50000000","2024-05-27T18:38:13.354Z","sell","maker"
"4.25240000","0.70000000","2024-05-27T18:38:13.354Z","sell","maker"
"4.25140000","41.70000000","2024-05-27T18:38:13.354Z","sell","maker"
"4.24280000","47.10000000","2024-05-27T18:37:27.041Z","buy","maker"
"4.24290000","9.80000000","2024-05-27T18:37:27.041Z","buy","maker"
"4.24280000","10.50000000","2024-05-27T18:36:58.181Z","buy","maker"
"4.24290000","12.30000000","2024-05-27T18:36:58.181Z","buy","maker"
"4.24280000","63.90000000","2024-05-27T18:36:29.371Z","buy","maker"
"4.24300000","36.00000000","2024-05-27T18:36:29.371Z","buy","maker"
"4.24310000","17.60000000","2024-05-27T18:36:29.371Z","buy","maker"
"4.24280000","52.50000000","2024-05-27T18:35:52.240Z","buy","maker"
"4.24320000","180.90000000","2024-05-27T18:35:52.240Z","buy","maker"
"4.24330000","147.30000000","2024-05-27T18:35:52.240Z","buy","maker"
"4.24430000","23.50000000","2024-05-27T18:35:52.240Z","buy","maker"
"4.24540000","41.70000000","2024-05-27T18:35:52.240Z","buy","maker"
"4.24550000","23.60000000","2024-05-27T18:35:52.240Z","buy","maker"
"4.25160000","2.50000000","2024-05-27T18:35:22.487Z","sell","maker"
"4.25100000","11.50000000","2024-05-27T18:35:22.487Z","sell","maker"
"4.25000000","8.80000000","2024-05-27T18:35:22.476Z","sell","maker"
"4.25000000","491.20000000","2024-05-27T18:35:20.524Z","sell","maker"
"4.24660000","11.90000000","2024-05-27T18:33:38.918Z","sell","maker"
"4.25000000","83.20000000","2024-05-27T18:33:17.901Z","sell","maker"
"4.25000000","447.80000000","2024-05-27T18:32:29.868Z","sell","maker"
"4.24990000","22.90000000","2024-05-27T18:32:29.868Z","sell","maker"
"4.24920000","30.40000000","2024-05-27T18:32:29.868Z","sell","maker"
"4.24210000","12.80000000","2024-05-27T18:32:27.817Z","buy","maker"
"4.24250000","5.00000000","2024-05-27T18:32:27.817Z","buy","maker"
"4.24190000","8.60000000","2024-05-27T18:30:09.551Z","buy","maker"
"4.24300000","47.80000000","2024-05-27T18:30:09.551Z","buy","maker"
"4.24300000","28.20000000","2024-05-27T18:30:09.551Z","buy","maker"
"4.25000000","60.40000000","2024-05-27T18:29:37.354Z","sell","maker"
"4.24990000","172.80000000","2024-05-27T18:29:37.354Z","sell","maker"
"4.24820000","24.70000000","2024-05-27T18:29:37.354Z","sell","maker"
"4.24210000","52.10000000","2024-05-27T18:29:04.494Z","buy","maker"
"4.24220000","11.50000000","2024-05-27T18:29:04.494Z","buy","maker"
"4.24260000","27.30000000","2024-05-27T18:29:04.494Z","buy","maker"
"4.24210000","47.40000000","2024-05-27T18:29:01.501Z","buy","maker"
"4.24220000","15.20000000","2024-05-27T18:29:01.501Z","buy","maker"
"4.24280000","28.30000000","2024-05-27T18:29:01.501Z","buy","maker"
"4.24210000","33.00000000","2024-05-27T18:28:58.489Z","buy","maker"
"4.24220000","31.50000000","2024-05-27T18:28:58.489Z","buy","maker"
"4.24260000","26.40000000","2024-05-27T18:28:58.489Z","buy","maker"
"4.24930000","4.10000000","2024-05-27T18:28:02.274Z","sell","maker"
"4.24710000","19.30000000","2024-05-27T18:28:02.274Z","sell","maker"
"4.23520000","15.00000000","2024-05-27T18:27:50.961Z","buy","maker"
"4.24650000","0.40000000","2024-05-27T18:25:36.288Z","sell","maker"
"4.23690000","4.30000000","2024-05-27T18:25:31.895Z","buy","maker"
"4.24150000","153.10000000","2024-05-27T18:25:09.735Z","buy","maker"
"4.24150000","125.70000000","2024-05-27T18:25:09.715Z","buy","maker"
"4.24150000","125.80000000","2024-05-27T18:24:57.964Z","buy","maker"
"4.24150000","22.80000000","2024-05-27T18:24:55.977Z","buy","maker"
"4.24160000","75.80000000","2024-05-27T18:24:08.445Z","buy","maker"
"4.25000000","344.50000000","2024-05-27T18:23:52.815Z","sell","maker"
"4.24920000","59.30000000","2024-05-27T18:23:52.815Z","sell","maker"
"4.24910000","75.50000000","2024-05-27T18:23:52.815Z","sell","maker"
"4.24860000","30.60000000","2024-05-27T18:23:52.815Z","sell","maker"
"4.24110000","43.90000000","2024-05-27T18:23:52.702Z","buy","maker"
"4.24170000","31.90000000","2024-05-27T18:23:52.702Z","buy","maker"
"4.24130000","75.90000000","2024-05-27T18:23:45.416Z","buy","maker"
"4.24840000","12.20000000","2024-05-27T18:23:14.780Z","sell","maker"
"4.24980000","0.30000000","2024-05-27T18:23:01.632Z","sell","maker"
"4.24990000","216.90000000","2024-05-27T18:23:01.606Z","sell","maker"
"4.24900000","20.00000000","2024-05-27T18:23:01.606Z","sell","maker"
"4.24800000","20.00000000","2024-05-27T18:23:01.606Z","sell","maker"
"4.24700000","85.00000000","2024-05-27T18:23:01.606Z","sell","maker"
"4.24700000","20.00000000","2024-05-27T18:23:01.606Z","sell","maker"
"4.24680000","198.90000000","2024-05-27T18:23:01.606Z","sell","maker"
"4.24670000","35.30000000","2024-05-27T18:23:01.606Z","sell","maker"
"4.24600000","20.00000000","2024-05-27T18:23:01.606Z","sell","maker"
"4.24500000","20.00000000","2024-05-27T18:23:01.606Z","sell","maker"
"4.24400000","20.00000000","2024-05-27T18:23:01.606Z","sell","maker"
"4.24300000","20.00000000","2024-05-27T18:23:01.606Z","sell","maker"
"4.24200000","13.20000000","2024-05-27T18:23:01.606Z","sell","maker"
"4.24050000","23.80000000","2024-05-27T18:23:01.606Z","sell","maker"
"4.24040000","36.70000000","2024-05-27T18:23:01.606Z","sell","maker"
"4.23260000","23.80000000","2024-05-27T18:22:19.471Z","buy","maker"
"4.22810000","26.20000000","2024-05-27T18:21:26.664Z","buy","maker"
"4.24200000","6.80000000","2024-05-27T18:21:25.859Z","sell","maker"
"4.24100000","20.00000000","2024-05-27T18:21:25.859Z","sell","maker"
"4.24000000","20.00000000","2024-05-27T18:21:25.859Z","sell","maker"
"4.23900000","2.30000000","2024-05-27T18:21:25.859Z","sell","maker"
"4.23800000","20.00000000","2024-05-27T18:21:25.859Z","sell","maker"
"4.23700000","20.00000000","2024-05-27T18:21:25.859Z","sell","maker"
"4.23630000","0.80000000","2024-05-27T18:21:25.859Z","sell","maker"
"4.23620000","36.70000000","2024-05-27T18:21:25.859Z","sell","maker"
"4.23770000","100.50000000","2024-05-27T18:21:00.273Z","sell","maker"
"4.23700000","20.00000000","2024-05-27T18:21:00.273Z","sell","maker"
"4.23600000","20.00000000","2024-05-27T18:21:00.273Z","sell","maker"
"4.23500000","20.00000000","2024-05-27T18:21:00.273Z","sell","maker"
"4.23400000","20.00000000","2024-05-27T18:21:00.273Z","sell","maker"
"4.23300000","20.00000000","2024-05-27T18:21:00.273Z","sell","maker"
"4.23200000","20.00000000","2024-05-27T18:21:00.273Z","sell","maker"
"4.23100000","20.00000000","2024-05-27T18:21:00.273Z","sell","maker"
"4.22980000","43.90000000","2024-05-27T18:21:00.273Z","sell","maker"
"4.22980000","39.10000000","2024-05-27T18:21:00.273Z","sell","maker"
"4.22950000","41.40000000","2024-05-27T18:21:00.273Z","sell","maker"
"4.22950000","25.30000000","2024-05-27T18:21:00.273Z","sell","maker"
"4.22160000","5.70000000","2024-05-27T18:20:18.712Z","buy","maker"
"4.22090000","165.20000000","2024-05-27T18:19:13.863Z","buy","maker"
"4.22150000","38.80000000","2024-05-27T18:19:13.863Z","buy","maker"
"4.22180000","19.80000000","2024-05-27T18:19:13.863Z","buy","maker"
"4.22190000","38.10000000","2024-05-27T18:19:13.863Z","buy","maker"
"4.22240000","25.20000000","2024-05-27T18:19:13.863Z","buy","maker"
"4.23140000","0.30000000","2024-05-27T18:18:40.027Z","sell","maker"
"4.22120000","24.00000000","2024-05-27T18:18:16.018Z","buy","maker"
"4.22120000","24.00000000","2024-05-27T18:18:16.013Z","buy","maker"
"4.22120000","24.00000000","2024-05-27T18:18:16.006Z","buy","maker"
"4.22120000","24.00000000","2024-05-27T18:18:16.004Z","buy","maker"
"4.23120000","26.20000000","2024-05-27T18:18:09.261Z","sell","maker"
"4.23100000","20.00000000","2024-05-27T18:18:09.261Z","sell","maker"
"4.23090000","204.80000000","2024-05-27T18:18:09.261Z","sell","maker"
"4.23000000","20.00000000","2024-05-27T18:18:09.261Z","sell","maker"
"4.22900000","20.00000000","2024-05-27T18:18:09.261Z","sell","maker"
"4.22800000","20.00000000","2024-05-27T18:18:09.261Z","sell","maker"
"4.22700000","20.00000000","2024-05-27T18:18:09.261Z","sell","maker"
"4.22680000","23.70000000","2024-05-27T18:18:09.261Z","sell","maker"
"4.22230000","62.80000000","2024-05-27T18:17:27.489Z","sell","maker"
"4.21940000","38.40000000","2024-05-27T18:17:27.489Z","sell","maker"
"4.21570000","40.50000000","2024-05-27T18:17:27.489Z","sell","maker"
"4.20870000","11.20000000","2024-05-27T18:16:25.574Z","buy","maker"
"4.20880000","2.80000000","2024-05-27T18:16:25.574Z","buy","maker"
"4.20870000","13.00000000","2024-05-27T18:16:25.566Z","buy","maker"
"4.20870000","11.20000000","2024-05-27T18:16:25.566Z","buy","maker"
"4.20880000","2.80000000","2024-05-27T18:16:25.566Z","buy","maker"
"4.20870000","19.00000000","2024-05-27T18:16:25.356Z","buy","maker"
"4.20870000","16.20000000","2024-05-27T18:16:25.354Z","buy","maker"
"4.20880000","2.80000000","2024-05-27T18:16:25.354Z","buy","maker"
"4.20880000","10.50000000","2024-05-27T18:16:25.272Z","buy","maker"
"4.20880000","3.50000000","2024-05-27T18:16:25.272Z","buy","maker"
"4.20870000","14.00000000","2024-05-27T18:16:25.266Z","buy","maker"
"4.20870000","9.50000000","2024-05-27T18:16:25.261Z","buy","maker"
"4.20880000","3.50000000","2024-05-27T18:16:25.261Z","buy","maker"
"4.20870000","20.00000000","2024-05-27T18:16:25.129Z","buy","maker"
"4.20870000","17.50000000","2024-05-27T18:16:25.125Z","buy","maker"
"4.20880000","3.50000000","2024-05-27T18:16:25.125Z","buy","maker"
"4.20870000","24.50000000","2024-05-27T18:16:25.089Z","buy","maker"
"4.20880000","3.50000000","2024-05-27T18:16:25.089Z","buy","maker"
"4.20870000","34.00000000","2024-05-27T18:16:25.055Z","buy","maker"
"4.20870000","16.20000000","2024-05-27T18:16:25.052Z","buy","maker"
"4.20900000","14.30000000","2024-05-27T18:16:25.052Z","buy","maker"
"4.20910000","3.50000000","2024-05-27T18:16:25.052Z","buy","maker"
"4.20900000","26.20000000","2024-05-27T18:16:24.948Z","buy","maker"
"4.20910000","3.80000000","2024-05-27T18:16:24.948Z","buy","maker"
"4.20900000","26.20000000","2024-05-27T18:16:24.929Z","buy","maker"
"4.20910000","3.80000000","2024-05-27T18:16:24.929Z","buy","maker"
"4.20900000","26.20000000","2024-05-27T18:16:24.904Z","buy","maker"
"4.20910000","3.80000000","2024-05-27T18:16:24.904Z","buy","maker"
"4.20870000","7.40000000","2024-05-27T18:16:24.669Z","buy","maker"
"4.20880000","3.80000000","2024-05-27T18:16:24.669Z","buy","maker"
"4.20870000","13.00000000","2024-05-27T18:16:24.663Z","buy","maker"
"4.20870000","8.40000000","2024-05-27T18:16:24.659Z","buy","maker"
"4.20880000","3.80000000","2024-05-27T18:16:24.659Z","buy","maker"
"4.20940000","1.80000000","2024-05-27T18:16:24.659Z","buy","maker"
"4.20940000","14.00000000","2024-05-27T18:16:24.655Z","buy","maker"
"4.21060000","14.00000000","2024-05-27T18:16:18.180Z","buy","maker"
"4.21060000","2.50000000","2024-05-27T18:16:18.173Z","buy","maker"
"4.21180000","10.50000000","2024-05-27T18:16:18.173Z","buy","maker"
"4.21180000","14.00000000","2024-05-27T18:16:18.171Z","buy","maker"
"4.22300000","24.80000000","2024-05-27T18:15:16.446Z","sell","maker"
"4.20720000","10.30000000","2024-05-27T18:14:44.956Z","buy","maker"
"4.20730000","4.20000000","2024-05-27T18:14:44.956Z","buy","maker"
"4.20760000","4.00000000","2024-05-27T18:13:48.362Z","buy","maker"
"4.20760000","13.00000000","2024-05-27T18:13:48.254Z","buy","maker"
"4.20770000","13.00000000","2024-05-27T18:13:48.235Z","buy","maker"
"4.20770000","13.00000000","2024-05-27T18:13:48.232Z","buy","maker"
"4.20770000","7.00000000","2024-05-27T18:13:48.133Z","buy","maker"
"4.20770000","7.00000000","2024-05-27T18:13:48.123Z","buy","maker"
"4.20760000","11.00000000","2024-05-27T18:13:48.032Z","buy","maker"
"4.20760000","11.00000000","2024-05-27T18:13:48.025Z","buy","maker"
"4.20750000","4.00000000","2024-05-27T18:13:47.470Z","buy","maker"
"4.20440000","5.60000000","2024-05-27T18:13:35.437Z","buy","maker"
"4.20450000","8.40000000","2024-05-27T18:13:35.437Z","buy","maker"
"4.20410000","9.40000000","2024-05-27T18:13:35.428Z","buy","maker"
"4.20420000","6.60000000","2024-05-27T18:13:35.428Z","buy","maker"
"4.20420000","5.60000000","2024-05-27T18:13:35.427Z","buy","maker"
"4.20430000","8.40000000","2024-05-27T18:13:35.427Z","buy","maker"
"4.20420000","5.60000000","2024-05-27T18:13:35.417Z","buy","maker"
"4.20430000","8.40000000","2024-05-27T18:13:35.417Z","buy","maker"
"4.20400000","8.80000000","2024-05-27T18:13:35.321Z","buy","maker"
"4.20690000","4.20000000","2024-05-27T18:13:35.321Z","buy","maker"
"4.20690000","15.00000000","2024-05-27T18:13:35.251Z","buy","maker"
"4.20690000","7.00000000","2024-05-27T18:13:35.249Z","buy","maker"
"4.20690000","16.00000000","2024-05-27T18:13:35.244Z","buy","maker"
"4.20670000","17.00000000","2024-05-27T18:13:35.095Z","buy","maker"
"4.20670000","11.00000000","2024-05-27T18:13:35.093Z","buy","maker"
"4.20680000","5.00000000","2024-05-27T18:13:35.093Z","buy","maker"
"4.20680000","16.00000000","2024-05-27T18:13:35.092Z","buy","maker"
"4.20680000","15.00000000","2024-05-27T18:13:34.793Z","buy","maker"
"4.20680000","15.00000000","2024-05-27T18:13:34.793Z","buy","maker"
"4.20680000","15.00000000","2024-05-27T18:13:34.787Z","buy","maker"
"4.20620000","15.00000000","2024-05-27T18:13:34.477Z","buy","maker"
"4.20620000","15.00000000","2024-05-27T18:13:34.476Z","buy","maker"
"4.20620000","15.00000000","2024-05-27T18:13:34.475Z","buy","maker"
"4.20570000","16.00000000","2024-05-27T18:13:34.237Z","buy","maker"
"4.20570000","16.00000000","2024-05-27T18:13:34.235Z","buy","maker"
"4.20570000","16.00000000","2024-05-27T18:13:34.234Z","buy","maker"
"4.20510000","17.00000000","2024-05-27T18:13:34.016Z","buy","maker"
"4.20500000","17.00000000","2024-05-27T18:13:34.011Z","buy","maker"
"4.20500000","17.00000000","2024-05-27T18:13:34.009Z","buy","maker"
"4.22510000","20.10000000","2024-05-27T18:13:33.342Z","sell","maker"
"4.22500000","20.00000000","2024-05-27T18:13:33.342Z","sell","maker"
"4.22400000","4.90000000","2024-05-27T18:13:33.342Z","sell","maker"
"4.22260000","3.80000000","2024-05-27T18:13:33.342Z","sell","maker"
"4.22190000","230.70000000","2024-05-27T18:13:33.342Z","sell","maker"
"4.22180000","231.80000000","2024-05-27T18:13:33.342Z","sell","maker"
"4.20290000","3.80000000","2024-05-27T18:13:28.448Z","buy","maker"
"4.20270000","1.20000000","2024-05-27T18:13:27.451Z","buy","maker"
"4.20280000","3.80000000","2024-05-27T18:13:27.451Z","buy","maker"
"4.21650000","44.70000000","2024-05-27T18:13:24.325Z","sell","maker"
"4.21650000","39.60000000","2024-05-27T18:13:24.325Z","sell","maker"
"4.21640000","15.50000000","2024-05-27T18:13:24.325Z","sell","maker"
"4.20200000","7.50000000","2024-05-27T18:13:05.826Z","buy","maker"
"4.20200000","10.00000000","2024-05-27T18:13:05.596Z","buy","maker"
"4.20290000","5.00000000","2024-05-27T18:13:00.805Z","buy","maker"
"4.20210000","12.00000000","2024-05-27T18:12:59.675Z","buy","maker"
"4.20210000","8.00000000","2024-05-27T18:12:59.674Z","buy","maker"
"4.20220000","4.00000000","2024-05-27T18:12:59.674Z","buy","maker"
"4.20270000","5.80000000","2024-05-27T18:12:58.685Z","buy","maker"
"4.20280000","4.20000000","2024-05-27T18:12:58.685Z","buy","maker"
"4.22340000","46.00000000","2024-05-27T18:12:57.528Z","sell","maker"
"4.22380000","57.00000000","2024-05-27T18:12:57.420Z","sell","maker"
"4.20290000","24.00000000","2024-05-27T18:12:57.159Z","buy","maker"
"4.20290000","24.00000000","2024-05-27T18:12:57.143Z","buy","maker"
"4.20290000","57.00000000","2024-05-27T18:12:57.114Z","buy","maker"
"4.20290000","58.00000000","2024-05-27T18:12:57.077Z","buy","maker"
"4.20260000","24.10000000","2024-05-27T18:12:56.884Z","buy","maker"
"4.20400000","32.90000000","2024-05-27T18:12:56.884Z","buy","maker"
"4.20250000","57.00000000","2024-05-27T18:12:56.801Z","buy","maker"
"4.20650000","10.60000000","2024-05-27T18:12:56.587Z","buy","maker"
"4.20660000","34.40000000","2024-05-27T18:12:56.587Z","buy","maker"
"4.22310000","82.90000000","2024-05-27T18:12:55.276Z","sell","maker"
"4.22210000","28.10000000","2024-05-27T18:12:55.276Z","sell","maker"
"4.22400000","15.10000000","2024-05-27T18:12:54.604Z","sell","maker"
"4.22300000","11.00000000","2024-05-27T18:12:54.604Z","sell","maker"
"4.22090000","17.80000000","2024-05-27T18:12:54.604Z","sell","maker"
"4.22080000","26.10000000","2024-05-27T18:12:54.604Z","sell","maker"
"4.21700000","20.00000000","2024-05-27T18:12:54.604Z","sell","maker"
"4.22300000","9.00000000","2024-05-27T18:12:54.475Z","sell","maker"
"4.22200000","20.00000000","2024-05-27T18:12:54.475Z","sell","maker"
"4.22100000","20.00000000","2024-05-27T18:12:54.475Z","sell","maker"
"4.22000000","20.00000000","2024-05-27T18:12:54.475Z","sell","maker"
"4.21670000","21.00000000","2024-05-27T18:12:54.475Z","sell","maker"
"4.21670000","67.00000000","2024-05-27T18:12:54.458Z","sell","maker"
"4.21990000","71.50000000","2024-05-27T18:12:54.381Z","sell","maker"
"4.21900000","4.50000000","2024-05-27T18:12:54.381Z","sell","maker"
"4.19650000","6.00000000","2024-05-27T18:12:54.352Z","buy","maker"
"4.21900000","15.50000000","2024-05-27T18:12:54.341Z","sell","maker"
"4.21800000","20.00000000","2024-05-27T18:12:54.341Z","sell","maker"
"4.21660000","29.60000000","2024-05-27T18:12:54.341Z","sell","maker"
"4.19600000","77.00000000","2024-05-27T18:12:54.257Z","buy","maker"
"4.19600000","2.10000000","2024-05-27T18:12:54.257Z","buy","maker"
"4.19660000","9.30000000","2024-05-27T18:12:54.257Z","buy","maker"
"4.19670000","29.60000000","2024-05-27T18:12:54.257Z","buy","maker"
"4.19600000","101.70000000","2024-05-27T18:12:54.205Z","buy","maker"
"4.19610000","9.30000000","2024-05-27T18:12:54.205Z","buy","maker"
"4.21600000","20.00000000","2024-05-27T18:12:54.182Z","buy","maker"
"4.21500000","20.00000000","2024-05-27T18:12:54.140Z","buy","maker"
"4.21400000","20.00000000","2024-05-27T18:12:54.112Z","buy","maker"
"4.19600000","76.00000000","2024-05-27T18:12:54.087Z","buy","maker"
"4.19600000","66.30000000","2024-05-27T18:12:54.085Z","buy","maker"
"4.19610000","9.70000000","2024-05-27T18:12:54.085Z","buy","maker"
"4.19600000","52.60000000","2024-05-27T18:12:54.071Z","buy","maker"
"4.19600000","7.70000000","2024-05-27T18:12:54.071Z","buy","maker"
"4.19910000","9.70000000","2024-05-27T18:12:54.071Z","buy","maker"
"4.20900000","20.00000000","2024-05-27T18:12:54.071Z","buy","maker"
"4.19610000","5.70000000","2024-05-27T18:12:54.061Z","buy","maker"
"4.19880000","39.60000000","2024-05-27T18:12:54.061Z","buy","maker"
"4.19900000","15.00000000","2024-05-27T18:12:54.061Z","buy","maker"
"4.19910000","9.70000000","2024-05-27T18:12:54.061Z","buy","maker"
"4.20800000","20.00000000","2024-05-27T18:12:54.061Z","buy","maker"
"4.19900000","50.50000000","2024-05-27T18:12:54.003Z","buy","maker"
"4.19910000","9.70000000","2024-05-27T18:12:54.003Z","buy","maker"
"4.19920000","29.80000000","2024-05-27T18:12:54.003Z","buy","maker"
"4.21300000","20.00000000","2024-05-27T18:12:54.003Z","buy","maker"
"4.21200000","20.00000000","2024-05-27T18:12:53.971Z","buy","maker"
"4.21000000","20.00000000","2024-05-27T18:12:53.955Z","buy","maker"
"4.21100000","20.00000000","2024-05-27T18:12:53.908Z","buy","maker"
"4.19600000","9.60000000","2024-05-27T18:12:53.812Z","buy","maker"
"4.19760000","57.40000000","2024-05-27T18:12:53.812Z","buy","maker"
"4.19760000","20.60000000","2024-05-27T18:12:53.805Z","buy","maker"
"4.19870000","45.60000000","2024-05-27T18:12:53.805Z","buy","maker"
"4.19880000","0.80000000","2024-05-27T18:12:53.805Z","buy","maker"
"4.19600000","2.70000000","2024-05-27T18:12:53.774Z","buy","maker"
"4.19860000","80.90000000","2024-05-27T18:12:53.774Z","buy","maker"
"4.19870000","26.60000000","2024-05-27T18:12:53.774Z","buy","maker"
"4.19870000","0.80000000","2024-05-27T18:12:53.774Z","buy","maker"
"4.19860000","92.00000000","2024-05-27T18:12:53.668Z","buy","maker"
"4.19760000","42.00000000","2024-05-27T18:12:53.651Z","buy","maker"
"4.19770000","0.80000000","2024-05-27T18:12:53.651Z","buy","maker"
"4.19850000","49.20000000","2024-05-27T18:12:53.651Z","buy","maker"
"4.19850000","44.80000000","2024-05-27T18:12:53.630Z","buy","maker"
"4.19770000","60.00000000","2024-05-27T18:12:53.534Z","buy","maker"
"4.19770000","66.00000000","2024-05-27T18:12:53.532Z","buy","maker"
"4.23900000","17.70000000","2024-05-27T18:12:53.503Z","sell","maker"
"4.23800000","20.00000000","2024-05-27T18:12:53.503Z","sell","maker"
"4.23700000","20.00000000","2024-05-27T18:12:53.503Z","sell","maker"
"4.23600000","20.00000000","2024-05-27T18:12:53.503Z","sell","maker"
"4.23500000","20.00000000","2024-05-27T18:12:53.503Z","sell","maker"
"4.23470000","39.30000000","2024-05-27T18:12:53.503Z","sell","maker"
"4.23450000","52.00000000","2024-05-27T18:12:53.503Z","sell","maker"
"4.23000000","20.00000000","2024-05-27T18:12:53.503Z","sell","maker"
"4.22900000","20.00000000","2024-05-27T18:12:53.503Z","sell","maker"
"4.19760000","47.40000000","2024-05-27T18:12:53.491Z","buy","maker"
"4.19830000","17.80000000","2024-05-27T18:12:53.491Z","buy","maker"
"4.19850000","0.80000000","2024-05-27T18:12:53.491Z","buy","maker"
"4.23450000","16.00000000","2024-05-27T18:12:53.410Z","sell","maker"
"4.23440000","45.20000000","2024-05-27T18:12:53.410Z","sell","maker"
"4.23400000","20.00000000","2024-05-27T18:12:53.410Z","sell","maker"
"4.23390000","107.80000000","2024-05-27T18:12:53.410Z","sell","maker"
"4.23300000","20.00000000","2024-05-27T18:12:53.410Z","sell","maker"
"4.23100000","20.00000000","2024-05-27T18:12:53.410Z","sell","maker"
"4.23300000","191.20000000","2024-05-27T18:12:53.392Z","sell","maker"
"4.23200000","20.00000000","2024-05-27T18:12:53.392Z","sell","maker"
"4.23030000","17.80000000","2024-05-27T18:12:53.392Z","sell","maker"
"4.19650000","26.00000000","2024-05-27T18:12:53.347Z","buy","maker"
"4.19650000","25.20000000","2024-05-27T18:12:53.343Z","buy","maker"
"4.19660000","0.80000000","2024-05-27T18:12:53.343Z","buy","maker"
"4.23290000","204.50000000","2024-05-27T18:12:53.338Z","sell","maker"
"4.23030000","24.50000000","2024-05-27T18:12:53.338Z","sell","maker"
"4.19800000","26.00000000","2024-05-27T18:12:53.333Z","buy","maker"
"4.19800000","26.00000000","2024-05-27T18:12:53.331Z","buy","maker"
"4.20810000","31.00000000","2024-05-27T18:12:53.305Z","buy","maker"
"4.20810000","66.00000000","2024-05-27T18:12:53.293Z","buy","maker"
"4.19610000","107.10000000","2024-05-27T18:12:53.174Z","buy","maker"
"4.19610000","134.80000000","2024-05-27T18:12:53.174Z","buy","maker"
"4.19700000","20.00000000","2024-05-27T18:12:53.174Z","buy","maker"
"4.19800000","20.00000000","2024-05-27T18:12:53.174Z","buy","maker"
"4.19900000","20.00000000","2024-05-27T18:12:53.174Z","buy","maker"
"4.20000000","19.40000000","2024-05-27T18:12:53.174Z","buy","maker"
"4.20000000","99.30000000","2024-05-27T18:12:53.174Z","buy","maker"
"4.20000000","20.00000000","2024-05-27T18:12:53.174Z","buy","maker"
"4.20100000","20.00000000","2024-05-27T18:12:53.174Z","buy","maker"
"4.20200000","20.00000000","2024-05-27T18:12:53.174Z","buy","maker"
"4.20300000","20.00000000","2024-05-27T18:12:53.174Z","buy","maker"
"4.20400000","20.00000000","2024-05-27T18:12:53.174Z","buy","maker"
"4.20500000","20.00000000","2024-05-27T18:12:53.174Z","buy","maker"
"4.20600000","20.00000000","2024-05-27T18:12:53.174Z","buy","maker"
"4.20700000","20.00000000","2024-05-27T18:12:53.174Z","buy","maker"
"4.20800000","20.00000000","2024-05-27T18:12:53.174Z","buy","maker"
"4.20900000","20.00000000","2024-05-27T18:12:53.174Z","buy","maker"
"4.20920000","129.10000000","2024-05-27T18:12:53.174Z","buy","maker"
"4.20920000","752.30000000","2024-05-27T18:12:53.174Z","buy","maker"
"4.21000000","9.50000000","2024-05-27T18:12:53.174Z","buy","maker"
"4.21010000","94.30000000","2024-05-27T18:12:53.174Z","buy","maker"
"4.21020000","0.80000000","2024-05-27T18:12:53.174Z","buy","maker"
"4.21000000","10.50000000","2024-05-27T18:12:53.015Z","buy","maker"
"4.21100000","20.00000000","2024-05-27T18:12:53.015Z","buy","maker"
"4.21200000","20.00000000","2024-05-27T18:12:53.015Z","buy","maker"
"4.21300000","20.00000000","2024-05-27T18:12:53.015Z","buy","maker"
"4.21400000","20.00000000","2024-05-27T18:12:53.015Z","buy","maker"
"4.21500000","20.00000000","2024-05-27T18:12:53.015Z","buy","maker"
"4.21600000","20.00000000","2024-05-27T18:12:53.015Z","buy","maker"
"4.21700000","20.00000000","2024-05-27T18:12:53.015Z","buy","maker"
"4.21790000","72.00000000","2024-05-27T18:12:53.015Z","buy","maker"
"4.21800000","6.50000000","2024-05-27T18:12:53.015Z","buy","maker"
"4.21800000","13.50000000","2024-05-27T18:12:53.014Z","buy","maker"
"4.21810000","214.70000000","2024-05-27T18:12:53.014Z","buy","maker"
"4.21970000","0.80000000","2024-05-27T18:12:53.014Z","buy","maker"
"4.21810000","226.30000000","2024-05-27T18:12:53.008Z","buy","maker"
"4.21950000","2.70000000","2024-05-27T18:12:53.008Z","buy","maker"
"4.21950000","15.10000000","2024-05-27T18:12:53.006Z","buy","maker"
"4.21960000","188.60000000","2024-05-27T18:12:53.006Z","buy","maker"
"4.21970000","0.80000000","2024-05-27T18:12:53.006Z","buy","maker"
"4.22050000","24.50000000","2024-05-27T18:12:53.006Z","buy","maker"
"4.23470000","78.40000000","2024-05-27T18:12:48.275Z","sell","maker"
"4.23390000","24.00000000","2024-05-27T18:12:48.275Z","sell","maker"
"4.23150000","12.10000000","2024-05-27T18:12:48.275Z","sell","maker"
"4.22170000","3.60000000","2024-05-27T18:12:46.307Z","buy","maker"
"4.23440000","5.70000000","2024-05-27T18:12:46.026Z","sell","maker"
"4.21980000","4.00000000","2024-05-27T18:12:35.588Z","buy","maker"
"4.21900000","7.40000000","2024-05-27T18:12:32.874Z","buy","maker"
"4.21900000","12.00000000","2024-05-27T18:12:32.851Z","buy","maker"
"4.21900000","0.60000000","2024-05-27T18:12:32.850Z","buy","maker"
"4.22000000","11.40000000","2024-05-27T18:12:32.850Z","buy","maker"
"4.22000000","8.60000000","2024-05-27T18:12:32.752Z","buy","maker"
"4.22100000","14.00000000","2024-05-27T18:12:32.752Z","buy","maker"
"4.22220000","0.40000000","2024-05-27T18:12:32.752Z","buy","maker"
"4.22100000","6.00000000","2024-05-27T18:12:32.731Z","buy","maker"
"4.22200000","17.00000000","2024-05-27T18:12:32.731Z","buy","maker"
"4.22200000","3.00000000","2024-05-27T18:12:32.726Z","buy","maker"
"4.22300000","20.00000000","2024-05-27T18:12:32.726Z","buy","maker"
"4.22390000","9.80000000","2024-05-27T18:12:32.418Z","buy","maker"
"4.22400000","13.80000000","2024-05-27T18:12:32.418Z","buy","maker"
"4.22410000","0.40000000","2024-05-27T18:12:32.418Z","buy","maker"
"4.22490000","10.00000000","2024-05-27T18:12:28.037Z","buy","maker"
"4.22490000","30.60000000","2024-05-27T18:12:28.037Z","buy","maker"
"4.22500000","0.40000000","2024-05-27T18:12:28.037Z","buy","maker"
"4.22400000","6.20000000","2024-05-27T18:12:27.938Z","buy","maker"
"4.22500000","16.80000000","2024-05-27T18:12:27.938Z","buy","maker"
"4.22500000","3.20000000","2024-05-27T18:12:27.884Z","buy","maker"
"4.22600000","0.40000000","2024-05-27T18:12:27.884Z","buy","maker"
"4.22600000","5.00000000","2024-05-27T18:12:27.714Z","buy","maker"
"4.22600000","15.00000000","2024-05-27T18:12:27.679Z","buy","maker"
"4.22990000","70.00000000","2024-05-27T18:12:27.455Z","buy","maker"
"4.22990000","6.00000000","2024-05-27T18:12:27.389Z","buy","maker"
"4.22700000","10.70000000","2024-05-27T18:12:27.360Z","buy","maker"
"4.22700000","9.30000000","2024-05-27T18:12:27.339Z","buy","maker"
"4.22800000","9.70000000","2024-05-27T18:12:27.339Z","buy","maker"
"4.22800000","10.30000000","2024-05-27T18:12:27.339Z","buy","maker"
"4.22900000","0.70000000","2024-05-27T18:12:27.339Z","buy","maker"
"4.22900000","19.30000000","2024-05-27T18:12:27.331Z","buy","maker"
"4.23000000","11.70000000","2024-05-27T18:12:27.331Z","buy","maker"
"4.23000000","4.00000000","2024-05-27T18:12:27.232Z","buy","maker"
"4.23000000","4.30000000","2024-05-27T18:12:27.017Z","buy","maker"
"4.23100000","1.70000000","2024-05-27T18:12:27.017Z","buy","maker"
"4.23100000","18.30000000","2024-05-27T18:12:26.739Z","buy","maker"
"4.23200000","20.00000000","2024-05-27T18:12:26.739Z","buy","maker"
"4.23230000","1.70000000","2024-05-27T18:12:26.739Z","buy","maker"
"4.23230000","40.00000000","2024-05-27T18:12:26.711Z","buy","maker"
"4.23230000","26.30000000","2024-05-27T18:12:26.680Z","buy","maker"
"4.23240000","13.70000000","2024-05-27T18:12:26.680Z","buy","maker"
"4.23240000","26.00000000","2024-05-27T18:12:26.360Z","buy","maker"
"4.23240000","82.00000000","2024-05-27T18:12:26.357Z","buy","maker"
"4.23240000","82.00000000","2024-05-27T18:12:26.336Z","buy","maker"
"4.23240000","82.00000000","2024-05-27T18:12:26.305Z","buy","maker"
"4.23240000","9.00000000","2024-05-27T18:12:26.287Z","buy","maker"
"4.23240000","63.00000000","2024-05-27T18:12:26.153Z","buy","maker"
"4.23240000","64.00000000","2024-05-27T18:12:26.145Z","buy","maker"
"4.23240000","25.20000000","2024-05-27T18:12:26.075Z","buy","maker"
"4.23300000","15.00000000","2024-05-27T18:12:26.075Z","buy","maker"
"4.23400000","20.00000000","2024-05-27T18:12:26.075Z","buy","maker"
"4.23500000","3.80000000","2024-05-27T18:12:26.075Z","buy","maker"
"4.23500000","15.70000000","2024-05-27T18:12:25.869Z","buy","maker"
"4.23600000","10.30000000","2024-05-27T18:12:25.869Z","buy","maker"
"4.23600000","9.70000000","2024-05-27T18:12:25.862Z","buy","maker"
"4.23700000","16.30000000","2024-05-27T18:12:25.862Z","buy","maker"
"4.23700000","1.10000000","2024-05-27T18:12:25.859Z","buy","maker"
"4.23800000","0.20000000","2024-05-27T18:12:25.859Z","buy","maker"
"4.23900000","20.00000000","2024-05-27T18:12:25.859Z","buy","maker"
"4.24000000","4.70000000","2024-05-27T18:12:25.859Z","buy","maker"
"4.24000000","15.30000000","2024-05-27T18:11:46.311Z","buy","maker"
"4.24100000","1.20000000","2024-05-27T18:11:46.311Z","buy","maker"
"4.24200000","20.00000000","2024-05-27T18:11:46.311Z","buy","maker"
"4.24100000","18.80000000","2024-05-27T18:11:25.482Z","buy","maker"
"4.24110000","45.20000000","2024-05-27T18:11:25.482Z","buy","maker"
"4.24120000","39.30000000","2024-05-27T18:11:25.482Z","buy","maker"
"4.24200000","20.00000000","2024-05-27T18:11:25.482Z","buy","maker"
"4.24300000","20.00000000","2024-05-27T18:11:25.482Z","buy","maker"
"4.24640000","330.80000000","2024-05-27T18:11:25.482Z","buy","maker"
"4.24640000","51.40000000","2024-05-27T18:10:54.579Z","buy","maker"
"4.24640000","21.20000000","2024-05-27T18:10:37.299Z","buy","maker"
"4.24640000","26.70000000","2024-05-27T18:10:37.299Z","buy","maker"
"4.25000000","289.50000000","2024-05-27T18:09:48.558Z","sell","maker"
"4.25000000","51.10000000","2024-05-27T18:09:34.159Z","sell","maker"
"4.25000000","207.30000000","2024-05-27T18:09:34.149Z","sell","maker"
"4.24990000","1.30000000","2024-05-27T18:09:34.149Z","sell","maker"
"4.25000000","275.20000000","2024-05-27T18:09:33.581Z","sell","maker"
"4.24990000","134.50000000","2024-05-27T18:09:33.581Z","sell","maker"
"4.24190000","92.80000000","2024-05-27T18:09:24.370Z","buy","maker"
"4.24200000","135.80000000","2024-05-27T18:09:24.370Z","buy","maker"
"4.24270000","11.10000000","2024-05-27T18:09:24.370Z","buy","maker"
"4.25000000","29.40000000","2024-05-27T18:07:24.058Z","sell","maker"
"4.24270000","6.70000000","2024-05-27T18:07:12.977Z","buy","maker"
"4.25000000","31.20000000","2024-05-27T18:07:00.784Z","sell","maker"
"4.24990000","2.60000000","2024-05-27T18:07:00.784Z","sell","maker"
"4.24090000","2.60000000","2024-05-27T18:06:49.551Z","buy","maker"
"4.25000000","416.40000000","2024-05-27T18:06:40.147Z","sell","maker"
"4.25000000","690.00000000","2024-05-27T18:04:31.479Z","sell","maker"
"4.24000000","1238.10000000","2024-05-27T18:04:31.479Z","sell","maker"
"4.24000000","956.60000000","2024-05-27T18:04:31.479Z","sell","maker"
"4.24000000","416.20000000","2024-05-27T18:03:48.977Z","sell","maker"
"4.24000000","56.40000000","2024-05-27T18:03:17.934Z","sell","maker"
"4.23900000","14.60000000","2024-05-27T18:03:11.118Z","buy","maker"
"4.23900000","11.00000000","2024-05-27T18:03:11.118Z","buy","maker"
"4.24000000","168.90000000","2024-05-27T18:03:10.267Z","sell","maker"
"4.24000000","2.10000000","2024-05-27T18:03:07.048Z","sell","maker"
"4.24000000","45.20000000","2024-05-27T18:02:41.086Z","sell","maker"
"4.23990000","23.60000000","2024-05-27T18:02:41.086Z","sell","maker"
"4.24000000","8.30000000","2024-05-27T18:02:39.358Z","sell","maker"
"4.24000000","331.70000000","2024-05-27T18:00:55.935Z","sell","maker"
"4.23990000","75.50000000","2024-05-27T18:00:55.935Z","sell","maker"
"4.23900000","9.00000000","2024-05-27T18:00:36.163Z","buy","maker"
"4.23990000","17.20000000","2024-05-27T17:59:37.852Z","sell","maker"
"4.23800000","19.80000000","2024-05-27T17:58:52.039Z","buy","maker"
"4.23700000","2.60000000","2024-05-27T17:58:13.511Z","buy","maker"
"4.23990000","149.90000000","2024-05-27T17:58:04.442Z","sell","maker"
"4.23800000","241.00000000","2024-05-27T17:57:54.231Z","buy","maker"
"4.23800000","1.00000000","2024-05-27T17:57:54.231Z","buy","maker"
"4.23900000","20.00000000","2024-05-27T17:57:54.231Z","buy","maker"
"4.23990000","17.90000000","2024-05-27T17:57:35.806Z","sell","maker"
"4.23950000","14.30000000","2024-05-27T17:57:35.806Z","sell","maker"
"4.24000000","140.00000000","2024-05-27T17:56:19.592Z","sell","maker"
"4.24000000","7.10000000","2024-05-27T17:56:14.276Z","sell","maker"
"4.24000000","1.20000000","2024-05-27T17:56:06.325Z","sell","maker"
"4.24000000","431.60000000","2024-05-27T17:55:12.975Z","sell","maker"
"4.24000000","0.70000000","2024-05-27T17:55:04.973Z","sell","maker"
"4.24000000","88.50000000","2024-05-27T17:54:44.875Z","sell","maker"
"4.23900000","19.10000000","2024-05-27T17:54:40.985Z","buy","maker"
"4.23900000","6.40000000","2024-05-27T17:54:40.985Z","buy","maker"
"4.24000000","53.60000000","2024-05-27T17:52:57.613Z","sell","maker"
"4.23900000","13.60000000","2024-05-27T17:52:33.532Z","buy","maker"
"4.24000000","474.50000000","2024-05-27T17:52:19.556Z","sell","maker"
"4.24000000","5.60000000","2024-05-27T17:51:17.590Z","sell","maker"
"4.24000000","25.60000000","2024-05-27T17:51:06.165Z","sell","maker"
"4.23800000","19.00000000","2024-05-27T17:50:50.671Z","buy","maker"
"4.23900000","3.60000000","2024-05-27T17:50:50.671Z","buy","maker"
"4.24000000","9.50000000","2024-05-27T17:50:44.852Z","sell","maker"
"4.23900000","4.70000000","2024-05-27T17:50:40.474Z","buy","maker"
"4.23900000","11.70000000","2024-05-27T17:50:25.524Z","buy","maker"
"4.24000000","583.00000000","2024-05-27T17:49:27.142Z","sell","maker"
"4.23990000","0.30000000","2024-05-27T17:49:27.142Z","sell","maker"
"4.24000000","525.40000000","2024-05-27T17:46:35.439Z","sell","maker"
"4.23990000","28.00000000","2024-05-27T17:46:35.439Z","sell","maker"
"4.23990000","2.30000000","2024-05-27T17:46:19.833Z","sell","maker"
"4.23510000","30.60000000","2024-05-27T17:45:15.241Z","buy","maker"
"4.24000000","1.60000000","2024-05-27T17:45:08.322Z","sell","maker"
"4.24000000","45.30000000","2024-05-27T17:45:05.595Z","sell","maker"
"4.23990000","0.90000000","2024-05-27T17:45:05.595Z","sell","maker"
"4.23500000","0.50000000","2024-05-27T17:43:52.274Z","buy","maker"
"4.24000000","345.90000000","2024-05-27T17:43:44.268Z","sell","maker"
"4.23990000","96.90000000","2024-05-27T17:43:44.268Z","sell","maker"
"4.23920000","56.80000000","2024-05-27T17:43:44.268Z","sell","maker"
"4.23410000","1.70000000","2024-05-27T17:43:09.827Z","buy","maker"
"4.23410000","68.10000000","2024-05-27T17:42:48.585Z","buy","maker"
"4.23500000","19.50000000","2024-05-27T17:42:48.585Z","buy","maker"
"4.23500000","0.50000000","2024-05-27T17:42:48.573Z","buy","maker"
"4.23920000","25.20000000","2024-05-27T17:42:12.741Z","sell","maker"
"4.23920000","0.30000000","2024-05-27T17:42:09.030Z","sell","maker"
"4.23410000","9.70000000","2024-05-27T17:42:03.353Z","buy","maker"
"4.23650000","146.60000000","2024-05-27T17:42:03.353Z","buy","maker"
"4.23650000","89.00000000","2024-05-27T17:42:03.347Z","buy","maker"
"4.23650000","1241.70000000","2024-05-27T17:42:03.332Z","buy","maker"
"4.23410000","18.20000000","2024-05-27T17:41:21.360Z","buy","maker"
"4.23500000","20.00000000","2024-05-27T17:41:21.360Z","buy","maker"
"4.24000000","440.10000000","2024-05-27T17:40:53.075Z","sell","maker"
"4.23990000","42.60000000","2024-05-27T17:40:53.075Z","sell","maker"
"4.23990000","40.20000000","2024-05-27T17:40:53.075Z","sell","maker"
"4.23990000","50.30000000","2024-05-27T17:40:53.075Z","sell","maker"
"4.23950000","3.20000000","2024-05-27T17:40:51.691Z","sell","maker"
"4.23980000","2.30000000","2024-05-27T17:40:38.727Z","sell","maker"
"4.23410000","2.40000000","2024-05-27T17:40:23.203Z","buy","maker"
"4.23700000","75.80000000","2024-05-27T17:40:07.678Z","buy","maker"
"4.23700000","42.00000000","2024-05-27T17:40:07.667Z","buy","maker"
"4.23400000","17.00000000","2024-05-27T17:38:33.773Z","buy","maker"
"4.23400000","20.00000000","2024-05-27T17:38:33.773Z","buy","maker"
"4.24000000","232.80000000","2024-05-27T17:38:00.264Z","sell","maker"
"4.23990000","47.10000000","2024-05-27T17:38:00.264Z","sell","maker"
"4.23990000","360.00000000","2024-05-27T17:38:00.264Z","sell","maker"
"4.23900000","8.20000000","2024-05-27T17:38:00.264Z","sell","maker"
"4.23300000","5.00000000","2024-05-27T17:37:57.095Z","buy","maker"
"4.23890000","64.20000000","2024-05-27T17:37:05.599Z","sell","maker"
"4.24070000","0.20000000","2024-05-27T17:36:22.287Z","sell","maker"
"4.23230000","6.10000000","2024-05-27T17:35:26.271Z","buy","maker"
"4.23420000","70.50000000","2024-05-27T17:35:26.271Z","buy","maker"
"4.24320000","5.50000000","2024-05-27T17:35:14.373Z","sell","maker"
"4.24830000","133.70000000","2024-05-27T17:35:08.798Z","sell","maker"
"4.24820000","207.80000000","2024-05-27T17:35:08.798Z","sell","maker"
"4.24470000","23.80000000","2024-05-27T17:35:08.798Z","sell","maker"
"4.24470000","31.00000000","2024-05-27T17:35:08.798Z","sell","maker"
"4.24460000","65.20000000","2024-05-27T17:35:08.798Z","sell","maker"
"4.23490000","44.80000000","2024-05-27T17:34:43.510Z","buy","maker"
"4.23480000","29.70000000","2024-05-27T17:34:43.190Z","buy","maker"
"4.23490000","10.30000000","2024-05-27T17:34:43.190Z","buy","maker"
"4.23490000","6.40000000","2024-05-27T17:34:43.190Z","buy","maker"
"4.23500000","3.50000000","2024-05-27T17:34:42.758Z","buy","maker"
"4.23500000","14.20000000","2024-05-27T17:34:41.011Z","buy","maker"
"4.23500000","14.20000000","2024-05-27T17:34:40.759Z","buy","maker"
"4.23490000","0.20000000","2024-05-27T17:33:21.093Z","buy","maker"
"4.23490000","165.90000000","2024-05-27T17:33:05.759Z","buy","maker"
"4.23680000","47.10000000","2024-05-27T17:33:03.769Z","buy","maker"
"4.23680000","23.60000000","2024-05-27T17:33:03.769Z","buy","maker"
"4.24700000","0.40000000","2024-05-27T17:32:34.325Z","sell","maker"
"4.24740000","346.10000000","2024-05-27T17:32:34.295Z","sell","maker"
"4.24720000","62.50000000","2024-05-27T17:32:34.295Z","sell","maker"
"4.24390000","84.00000000","2024-05-27T17:32:34.295Z","sell","maker"
"4.24230000","23.60000000","2024-05-27T17:32:34.295Z","sell","maker"
"4.24230000","47.10000000","2024-05-27T17:32:34.295Z","sell","maker"
"4.24220000","166.80000000","2024-05-27T17:32:34.295Z","sell","maker"
"4.23800000","50.90000000","2024-05-27T17:32:34.295Z","sell","maker"
"4.23790000","74.00000000","2024-05-27T17:32:34.295Z","sell","maker"
"4.23420000","45.00000000","2024-05-27T17:32:34.295Z","sell","maker"
"4.23420000","39.90000000","2024-05-27T17:32:34.295Z","sell","maker"
"4.23430000","1.20000000","2024-05-27T17:32:23.954Z","sell","maker"
"4.23720000","469.80000000","2024-05-27T17:31:43.585Z","buy","maker"
"4.23820000","35.30000000","2024-05-27T17:31:38.091Z","buy","maker"
"4.23820000","11.80000000","2024-05-27T17:31:38.085Z","buy","maker"
"4.23820000","23.60000000","2024-05-27T17:31:38.085Z","buy","maker"
"4.24710000","0.70000000","2024-05-27T17:31:24.172Z","sell","maker"
"4.23420000","8.80000000","2024-05-27T17:29:52.800Z","buy","maker"
"4.23430000","168.40000000","2024-05-27T17:29:52.800Z","buy","maker"
"4.23300000","33.00000000","2024-05-27T17:29:46.260Z","buy","maker"
"4.23330000","67.80000000","2024-05-27T17:29:46.009Z","buy","maker"
"4.24980000","34.20000000","2024-05-27T17:29:26.388Z","sell","maker"
"4.24900000","20.00000000","2024-05-27T17:29:26.388Z","sell","maker"
"4.24800000","20.00000000","2024-05-27T17:29:26.388Z","sell","maker"
"4.24700000","20.00000000","2024-05-27T17:29:26.388Z","sell","maker"
"4.24690000","135.70000000","2024-05-27T17:29:26.388Z","sell","maker"
"4.24680000","1.90000000","2024-05-27T17:29:26.388Z","sell","maker"
"4.24600000","20.00000000","2024-05-27T17:29:26.388Z","sell","maker"
"4.24570000","71.00000000","2024-05-27T17:29:26.388Z","sell","maker"
"4.24500000","20.00000000","2024-05-27T17:29:26.388Z","sell","maker"
"4.24480000","6.00000000","2024-05-27T17:29:26.388Z","sell","maker"
"4.24470000","124.90000000","2024-05-27T17:29:26.388Z","sell","maker"
"4.24400000","20.00000000","2024-05-27T17:29:26.388Z","sell","maker"
"4.24390000","1.80000000","2024-05-27T17:29:26.388Z","sell","maker"
"4.24300000","20.00000000","2024-05-27T17:29:26.388Z","sell","maker"
"4.24200000","20.00000000","2024-05-27T17:29:26.388Z","sell","maker"
"4.24100000","20.00000000","2024-05-27T17:29:26.388Z","sell","maker"
"4.24000000","20.00000000","2024-05-27T17:29:26.388Z","sell","maker"
"4.23900000","20.00000000","2024-05-27T17:29:26.388Z","sell","maker"
"4.23880000","173.20000000","2024-05-27T17:29:25.296Z","sell","maker"
"4.23870000","184.40000000","2024-05-27T17:29:25.296Z","sell","maker"
"4.23800000","20.00000000","2024-05-27T17:29:25.296Z","sell","maker"
"4.23700000","20.00000000","2024-05-27T17:29:25.296Z","sell","maker"
"4.23600000","20.00000000","2024-05-27T17:29:25.296Z","sell","maker"
"4.23500000","20.00000000","2024-05-27T17:29:25.296Z","sell","maker"
"4.23400000","20.00000000","2024-05-27T17:29:25.296Z","sell","maker"
"4.23370000","28.70000000","2024-05-27T17:29:25.296Z","sell","maker"
"4.22320000","30.80000000","2024-05-27T17:29:24.759Z","buy","maker"