"price","volume","timestamp","type"
"0.10300","39387.567","2024-05-25T22:00:56.000Z","ask"
"0.10400","9416.233","2024-05-25T21:59:19.000Z","ask"
"0.10500","6796.117","2024-05-25T21:58:51.000Z","ask"
"0.10600","6961.399","2024-05-25T22:00:56.000Z","ask"
"0.10700","3883.496","2024-05-25T22:00:56.000Z","ask"
"0.10800","500.000","2024-05-25T22:00:56.000Z","ask"
"0.11000","5315.269","2024-05-25T22:00:56.000Z","ask"
"0.11100","4886.685","2024-05-25T22:00:56.000Z","ask"
"0.11200","8981.404","2024-05-25T22:00:56.000Z","ask"
"0.11300","3605.606","2024-05-25T21:45:28.000Z","ask"
"0.11400","378.831","2024-05-25T22:00:56.000Z","ask"
"0.11500","1038.321","2024-05-25T21:38:19.000Z","ask"
"0.11600","46808.786","2024-05-25T12:10:28.000Z","ask"
"0.11800","13574.000","2024-05-25T21:35:55.000Z","ask"
"0.11900","1320.249","2024-05-25T21:35:55.000Z","ask"
"0.12200","354.108","2024-05-24T18:23:35.000Z","ask"
"0.12400","924.891","2024-05-24T17:10:58.000Z","ask"
"0.12500","345.471","2024-05-24T17:10:50.000Z","ask"
"0.12700","307.692","2024-05-22T04:37:07.000Z","ask"
"0.12800","337.246","2024-05-22T02:26:40.000Z","ask"
"0.12900","887.597","2024-05-21T00:32:16.000Z","ask"
"0.13100","329.403","2024-05-10T10:25:55.000Z","ask"
"0.13400","3973.125","2024-05-10T05:29:14.000Z","ask"
"0.13700","314.763","2024-05-07T20:18:25.000Z","ask"
"0.13800","2623.599","2024-05-07T17:17:45.000Z","ask"
"0.14000","1129.279","2024-05-17T04:01:30.000Z","ask"
"0.14300","501.369","2024-05-16T08:27:27.000Z","ask"
"0.14500","100.000","2024-05-08T11:44:46.000Z","ask"
"0.14600","1061.158","2024-05-07T17:23:39.000Z","ask"
"0.14700","1475.266","2024-05-22T21:18:31.000Z","ask"
"0.14800","533.130","2024-05-17T23:20:30.000Z","ask"
"0.15000","833.597","2024-05-20T15:17:57.000Z","ask"
"0.15200","753.850","2024-05-04T12:38:58.000Z","ask"
"0.15300","217.705","2024-04-11T14:17:12.000Z","ask"
"0.15600","277.732","2024-05-04T12:38:22.000Z","ask"
"0.15800","724.093","2024-05-04T12:38:36.000Z","ask"
"0.15900","772.391","2024-04-14T18:27:58.000Z","ask"
"0.16200","267.252","2024-04-10T01:01:21.000Z","ask"
"0.16400","696.595","2024-04-10T01:21:32.000Z","ask"
"0.16500","262.299","2024-05-04T12:38:14.000Z","ask"
"0.16800","257.533","2024-04-09T13:58:54.000Z","ask"
"0.17100","924.044","2024-04-09T14:31:21.000Z","ask"
"0.17500","100.000","2024-04-14T20:55:10.000Z","ask"
"0.17800","886.601","2024-05-04T12:38:48.000Z","ask"
"0.18200","237.296","2024-04-01T07:19:37.000Z","ask"
"0.18500","448.587","2024-04-21T07:58:59.000Z","ask"
"0.18600","1102.064","2024-04-01T06:43:19.000Z","ask"
"0.18800","1022.596","2024-03-31T11:01:20.000Z","ask"
"0.18900","13177.826","2024-05-06T15:22:41.000Z","ask"
"0.19200","132.047","2024-04-08T10:53:39.000Z","ask"
"0.19300","591.732","2024-03-31T10:10:18.000Z","ask"
"0.19500","222.387","2024-03-31T10:10:30.000Z","ask"
"0.19800","757.576","2024-03-31T10:28:05.000Z","ask"
"0.19900","1228.044","2024-04-03T05:12:59.000Z","ask"
"0.20000","7595.422","2024-05-21T15:37:14.000Z","ask"
"0.20100","570.270","2024-03-30T21:33:15.000Z","ask"
"0.20300","213.661","2024-03-30T21:08:33.000Z","ask"
"0.20600","100.000","2024-04-07T01:27:28.000Z","ask"
"0.20700","209.451","2024-03-25T17:50:15.000Z","ask"
"0.20900","526.613","2024-03-30T10:58:42.000Z","ask"
"0.21000","500.000","2024-04-29T01:17:38.000Z","ask"
"0.21100","18705.978","2024-03-25T08:54:31.000Z","ask"
"0.21500","201.510","2024-03-24T22:59:14.000Z","ask"
"0.21600","510.205","2024-03-26T13:45:31.000Z","ask"
"0.21800","504.872","2024-03-30T10:58:42.000Z","ask"
"0.21900","807.761","2024-03-31T10:33:41.000Z","ask"
"0.22000","135313.873","2024-04-21T07:58:59.000Z","ask"
"0.22300","194.110","2024-03-16T17:50:00.000Z","ask"
"0.22700","675.483","2024-03-30T10:58:42.000Z","ask"
"0.22800","100.000","2024-03-16T21:59:03.000Z","ask"
"0.23000","33206.759","2024-03-21T16:42:58.000Z","ask"
"0.23100","187.082","2024-03-16T17:44:15.000Z","ask"
"0.23600","649.598","2024-03-30T10:58:42.000Z","ask"
"0.23700","25585.000","2024-03-17T16:26:56.000Z","ask"
"0.24100","299.000","2022-09-17T23:27:36.000Z","ask"
"0.24200","179.188","2024-03-13T13:07:21.000Z","ask"
"0.24600","447.407","2024-03-30T10:58:42.000Z","ask"
"0.25000","671.207","2024-04-08T13:58:30.000Z","ask"
"0.25200","7470.944","2023-05-22T17:39:49.000Z","ask"
"0.25600","429.930","2024-03-30T10:58:43.000Z","ask"
"0.26600","413.767","2024-03-30T10:58:43.000Z","ask"
"0.27100","1851.113","2024-03-13T01:33:12.000Z","ask"
"0.27400","42000.000","2024-03-17T16:27:14.000Z","ask"
"0.27700","397.336","2024-03-30T10:58:43.000Z","ask"
"0.28000","100.000","2024-05-02T10:06:42.000Z","ask"
"0.28200","250.000","2024-04-07T17:02:51.000Z","ask"
"0.28500","340.000","2024-04-07T17:02:43.000Z","ask"
"0.28600","874.126","2024-04-21T03:22:04.000Z","ask"
"0.28800","1995.451","2023-12-24T15:24:58.000Z","ask"
"0.28900","380.838","2024-03-30T10:58:43.000Z","ask"
"0.29000","215.000","2024-03-15T01:00:19.000Z","ask"
"0.29500","400.000","2024-03-13T02:37:23.000Z","ask"
"0.29700","2600.373","2024-03-13T20:01:01.000Z","ask"
"0.29900","219.000","2022-09-15T15:27:26.000Z","ask"
"0.30000","42201.699","2024-04-08T13:58:41.000Z","ask"
"0.30100","365.655","2024-03-30T10:58:43.000Z","ask"
"0.30800","262.604","2022-08-14T15:24:14.000Z","ask"
"0.31000","358.420","2024-01-04T19:08:39.000Z","ask"
"0.31100","260.210","2022-10-10T17:58:10.000Z","ask"
"0.31300","1051.636","2024-03-30T10:58:43.000Z","ask"
"0.10200","1920.077","2024-05-25T22:00:56.000Z","bid"
"0.10100","1544.504","2024-05-25T21:36:47.000Z","bid"
"0.10000","2746.937","2024-05-25T21:58:46.000Z","bid"
"0.09900","2978.354","2024-05-25T21:38:47.000Z","bid"
"0.09800","17050.138","2024-05-25T21:49:50.000Z","bid"
"0.09700","3579.576","2024-05-25T21:38:47.000Z","bid"
"0.09600","86150.070","2024-05-25T22:00:43.000Z","bid"
"0.09500","10157.896","2024-05-25T21:58:38.000Z","bid"
"0.09400","11947.391","2024-05-25T21:58:30.000Z","bid"
"0.09300","8602.151","2024-05-25T21:59:36.000Z","bid"
"0.09200","10626.060","2024-05-25T21:29:39.000Z","bid"
"0.09100","130.000","2024-05-25T21:35:55.000Z","bid"
"0.09000","11330.468","2024-05-25T21:39:14.000Z","bid"
"0.08900","254.712","2024-05-25T17:00:29.000Z","bid"
"0.08800","10000.000","2024-05-25T09:10:33.000Z","bid"
"0.08700","115.440","2024-05-25T09:10:33.000Z","bid"
"0.08600","1279.791","2024-05-25T12:10:12.000Z","bid"
"0.08500","206.000","2024-05-24T10:11:40.000Z","bid"
"0.08300","1326.049","2024-05-20T18:22:43.000Z","bid"
"0.07800","750.000","2024-05-21T06:20:46.000Z","bid"
"0.07500","3536.514","2024-05-25T08:44:01.000Z","bid"
"0.07300","100.000","2024-05-25T08:21:06.000Z","bid"
"0.07000","5000.000","2024-05-20T12:03:56.000Z","bid"
"0.06000","65500.000","2024-05-20T18:20:58.000Z","bid"
"0.04300","200.000","2024-05-24T19:18:20.000Z","bid"
"0.03500","100000.000","2024-05-10T14:58:42.000Z","bid"
"0.03200","3125.000","2024-03-23T08:45:40.000Z","bid"
"0.02100","32142.858","2024-04-17T12:15:12.000Z","bid"
"0.00100","1000.000","2024-05-20T17:21:44.000Z","bid"