"price","volume","time","side","orderType"
"0.10300","830.00000000","2024-05-20T16:00:35.917Z","b","maker"
"0.10300","1078.00000000","2024-05-20T16:00:35.942Z","b","maker"
"0.10300","497.00000000","2024-05-20T16:01:42.488Z","b","maker"
"0.10300","383.00000000","2024-05-20T16:01:42.625Z","b","maker"
"0.10300","1172.00000000","2024-05-20T16:01:42.770Z","b","maker"
"0.10300","497.00000000","2024-05-20T16:01:42.850Z","b","maker"
"0.10300","499.00000000","2024-05-20T16:01:42.856Z","b","maker"
"0.10300","499.00000000","2024-05-20T16:01:42.927Z","b","maker"
"0.10300","499.00000000","2024-05-20T16:01:43.082Z","b","maker"
"0.10300","618.00000000","2024-05-20T16:01:43.087Z","b","maker"
"0.10300","2168.00000000","2024-05-20T16:01:43.107Z","b","maker"
"0.10300","2015.00000000","2024-05-20T16:01:43.123Z","b","maker"
"0.10300","2176.00000000","2024-05-20T16:01:43.182Z","b","maker"
"0.10300","1293.12244897","2024-05-20T16:01:43.207Z","b","maker"
"0.10300","375.87755103","2024-05-20T16:01:43.207Z","b","maker"
"0.10300","1692.00000000","2024-05-20T16:01:43.208Z","b","maker"
"0.10300","2023.00000000","2024-05-20T16:01:43.211Z","b","maker"
"0.10300","364.56799352","2024-05-20T16:01:43.273Z","b","maker"
"0.10300","132.43200648","2024-05-20T16:01:43.273Z","b","maker"
"0.10300","1394.27972362","2024-05-20T16:01:43.340Z","b","maker"
"0.10300","616.00000000","2024-05-20T16:01:43.509Z","b","maker"
"0.10300","303.72027638","2024-05-20T16:01:43.801Z","b","maker"
"0.10300","470.00000000","2024-05-20T16:18:11.172Z","b","maker"
"0.10400","416.59737050","2024-05-20T16:39:32.066Z","b","maker"
"0.10400","21.40262950","2024-05-20T16:39:32.066Z","b","maker"
"0.10400","438.00000000","2024-05-20T16:39:32.070Z","b","maker"
"0.10400","408.79184379","2024-05-20T16:39:32.108Z","b","maker"
"0.10400","31.20815621","2024-05-20T16:39:32.108Z","b","maker"
"0.10400","50.79184379","2024-05-20T16:39:32.549Z","b","maker"
"0.10400","517.00000000","2024-05-20T19:22:44.363Z","b","maker"
"0.10400","590.00000000","2024-05-20T19:22:44.369Z","b","maker"
"0.10400","588.00000000","2024-05-20T19:22:44.382Z","b","maker"
"0.10400","36.05239689","2024-05-20T19:22:44.399Z","b","maker"
"0.10400","551.94760311","2024-05-20T19:22:44.399Z","b","maker"
"0.10400","707.00000000","2024-05-20T19:22:44.502Z","b","maker"
"0.10400","590.00000000","2024-05-20T19:22:44.544Z","b","maker"
"0.10400","169.22562479","2024-05-20T19:22:44.636Z","b","maker"
"0.10500","50.00000000","2024-05-20T19:30:48.208Z","b","maker"
"0.10500","50.50500000","2024-05-20T19:30:48.208Z","b","maker"
"0.10500","51.80000000","2024-05-20T19:30:48.208Z","b","maker"
"0.10500","82.00000000","2024-05-20T19:30:48.208Z","b","maker"
"0.10600","51.58597877","2024-05-20T19:38:04.052Z","b","maker"
"0.10600","1089.72277227","2024-05-20T19:38:04.052Z","b","maker"
"0.10600","344.35459764","2024-05-20T19:38:04.052Z","b","maker"
"0.10600","1485.66334868","2024-05-20T19:38:04.115Z","b","maker"
"0.10600","2496.00000000","2024-05-20T19:38:04.285Z","b","maker"
"0.10600","2256.02021706","2024-05-20T19:38:04.289Z","b","maker"
"0.10700","156.00000000","2024-05-20T19:38:05.031Z","b","maker"
"0.10700","787.00000000","2024-05-20T19:38:05.531Z","b","maker"
"0.10700","170.00000000","2024-05-20T19:38:05.531Z","b","maker"
"0.10700","542.00000000","2024-05-20T19:38:07.244Z","b","maker"
"0.10700","62.63978294","2024-05-20T19:38:10.193Z","b","maker"
"0.10400","1196.00000000","2024-05-20T19:44:39.412Z","s","maker"
"0.10700","56.30686946","2024-05-20T20:03:08.127Z","b","maker"
"0.10700","112.05334760","2024-05-20T20:03:08.127Z","b","maker"
"0.10800","2260.89185717","2024-05-20T20:03:42.196Z","b","maker"
"0.10800","442.10814283","2024-05-20T20:03:42.196Z","b","maker"
"0.10800","1251.00000000","2024-05-20T20:07:14.383Z","b","maker"
"0.10900","1251.00000000","2024-05-20T20:07:20.254Z","b","maker"
"0.10700","1913.40273430","2024-05-20T20:11:08.285Z","s","maker"
"0.10800","169.73259289","2024-05-20T21:42:38.977Z","b","maker"
"0.10800","366.26740711","2024-05-20T21:42:38.977Z","b","maker"
"0.10700","2364.57457004","2024-05-20T21:52:24.485Z","s","maker"
"0.10700","225.49019608","2024-05-20T21:52:24.485Z","s","maker"
"0.10600","14.50980392","2024-05-20T21:52:24.485Z","s","maker"
"0.10700","1013.99094998","2024-05-20T21:52:25.692Z","s","maker"
"0.10900","225.45641608","2024-05-20T22:14:22.552Z","b","maker"
"0.10900","197.54358392","2024-05-20T22:14:22.552Z","b","maker"
"0.10900","616.00000000","2024-05-20T22:14:27.665Z","b","maker"
"0.10900","507.00000000","2024-05-20T22:14:27.677Z","b","maker"
"0.10900","275.00000000","2024-05-20T22:14:28.060Z","b","maker"
"0.10900","423.00000000","2024-05-20T22:16:30.983Z","b","maker"
"0.10900","349.00000000","2024-05-20T22:16:31.021Z","b","maker"
"0.10900","341.00000000","2024-05-20T22:16:31.512Z","b","maker"
"0.10900","976.00000000","2024-05-20T22:16:31.587Z","b","maker"
"0.10900","446.00000000","2024-05-20T22:16:32.040Z","b","maker"
"0.10900","263.03149194","2024-05-20T22:16:32.066Z","b","maker"
"0.10900","277.96850806","2024-05-20T22:16:32.066Z","b","maker"
"0.10900","541.00000000","2024-05-20T22:16:32.141Z","b","maker"
"0.10900","406.00000000","2024-05-20T22:16:32.401Z","b","maker"
"0.10900","140.00000000","2024-05-20T22:19:23.300Z","b","maker"
"0.10900","534.00000000","2024-05-20T22:19:23.480Z","b","maker"
"0.10900","534.00000000","2024-05-20T22:19:23.673Z","b","maker"
"0.10900","420.00000000","2024-05-20T22:22:36.612Z","b","maker"
"0.10900","293.00000000","2024-05-20T22:22:36.829Z","b","maker"
"0.10900","204.00000000","2024-05-20T22:22:40.348Z","b","maker"
"0.10900","190.00000000","2024-05-20T22:22:40.358Z","b","maker"
"0.10900","190.00000000","2024-05-20T22:22:40.718Z","b","maker"
"0.10900","179.00000000","2024-05-20T22:22:41.263Z","b","maker"
"0.10900","68.16238532","2024-05-20T22:22:41.497Z","b","maker"
"0.10900","98.83761468","2024-05-20T22:22:41.917Z","b","maker"
"0.10900","11.10690000","2024-05-20T22:28:33.793Z","b","maker"
"0.10600","4668.00821472","2024-05-20T22:42:04.961Z","s","maker"
"0.10600","90.19299528","2024-05-20T22:42:04.961Z","s","maker"
"0.10900","90.01260928","2024-05-20T23:01:54.441Z","b","maker"
"0.10900","96.98739072","2024-05-20T23:01:54.441Z","b","maker"
"0.10900","156.00000000","2024-05-20T23:02:00.308Z","b","maker"
"0.10900","342.00000000","2024-05-20T23:03:05.450Z","b","maker"
"0.10900","282.00000000","2024-05-20T23:03:05.478Z","b","maker"
"0.10900","361.00000000","2024-05-20T23:03:05.502Z","b","maker"
"0.10900","238.00000000","2024-05-20T23:03:06.188Z","b","maker"
"0.11000","393.45307215","2024-05-20T23:29:03.035Z","b","maker"
"0.11000","257.54692785","2024-05-20T23:29:03.035Z","b","maker"
"0.11000","674.00000000","2024-05-20T23:29:03.113Z","b","maker"
"0.11000","106.77382686","2024-05-20T23:29:03.331Z","b","maker"
"0.10800","35.40528000","2024-05-21T00:08:28.595Z","s","maker"
"0.11200","111.88072000","2024-05-21T00:31:56.039Z","b","maker"
"0.10800","144.77606060","2024-05-21T00:32:33.689Z","s","maker"
"0.10800","214.06025007","2024-05-21T01:18:25.117Z","s","maker"
"0.10800","1166.87612222","2024-05-21T01:18:25.117Z","s","maker"
"0.10800","1438.57394685","2024-05-21T01:18:25.117Z","s","maker"
"0.10800","2819.51031914","2024-05-21T01:18:28.809Z","s","maker"
"0.10800","2223.39721549","2024-05-21T01:18:28.817Z","s","maker"
"0.10800","68.22284630","2024-05-21T01:18:28.817Z","s","maker"
"0.10800","179.24528302","2024-05-21T01:18:28.817Z","s","maker"
"0.10800","214.95327103","2024-05-21T01:18:28.817Z","s","maker"
"0.10800","133.69170330","2024-05-21T01:18:28.817Z","s","maker"
"0.10800","73.49616553","2024-05-21T01:18:28.826Z","s","maker"
"0.10800","254.90196078","2024-05-21T01:18:28.826Z","s","maker"
"0.10800","259.25925926","2024-05-21T01:18:28.826Z","s","maker"
"0.10800","198.11320755","2024-05-21T01:18:28.826Z","s","maker"
"0.10800","216.98113208","2024-05-21T01:20:02.787Z","s","maker"
"0.10600","254.86342078","2024-05-21T02:25:51.258Z","s","taker"
"0.10700","98.34800000","2024-05-21T03:08:48.293Z","s","maker"
"0.10700","114.00000000","2024-05-21T03:32:59.779Z","s","maker"
"0.10800","471.69811320","2024-05-21T03:43:57.443Z","b","maker"
"0.10600","68.92895900","2024-05-21T03:58:06.472Z","s","taker"
"0.10700","268.00000000","2024-05-21T05:01:05.705Z","b","maker"
"0.10700","184.00000000","2024-05-21T05:01:05.968Z","b","maker"
"0.10800","116.09743000","2024-05-21T05:14:50.541Z","b","maker"
"0.10700","2784.27965302","2024-05-21T05:26:47.857Z","s","maker"
"0.10600","114.18824749","2024-05-21T05:26:47.857Z","s","maker"
"0.10700","374.00000000","2024-05-21T06:36:47.056Z","s","maker"
"0.10700","149.53271028","2024-05-21T06:36:47.056Z","s","maker"
"0.10800","198.62696470","2024-05-21T06:39:00.824Z","b","maker"
"0.10800","221.77777777","2024-05-21T06:39:00.824Z","b","maker"
"0.10800","259.39740589","2024-05-21T06:39:00.824Z","b","maker"
"0.10800","215.05394159","2024-05-21T06:39:00.824Z","b","maker"
"0.10800","217.02040914","2024-05-21T06:39:00.824Z","b","maker"
"0.10800","1829.79017091","2024-05-21T06:39:00.824Z","b","maker"
"0.10800","759.54611784","2024-05-21T06:39:48.163Z","b","maker"
"0.10800","2151.09192216","2024-05-21T06:39:48.163Z","b","maker"
"0.10600","245.87002000","2024-05-21T07:01:54.587Z","s","maker"
"0.10900","149.51031028","2024-05-21T07:30:59.243Z","b","maker"
"0.10900","7.48968972","2024-05-21T07:30:59.243Z","b","maker"
"0.10900","49.17400000","2024-05-21T07:41:38.074Z","s","maker"
"0.10900","250.00000000","2024-05-21T07:47:11.691Z","b","maker"
"0.10900","250.00000000","2024-05-21T07:47:11.699Z","b","maker"
"0.10800","17.12890000","2024-05-21T07:48:46.086Z","s","maker"
"0.10700","24.58700000","2024-05-21T08:09:57.227Z","s","maker"
"0.10900","236.00000000","2024-05-21T08:13:53.175Z","b","maker"
"0.11000","393.44570281","2024-05-21T08:14:10.263Z","b","maker"
"0.11000","175.11671657","2024-05-21T08:14:10.263Z","b","maker"
"0.11000","273.43758062","2024-05-21T08:14:10.263Z","b","maker"
"0.11000","617.00000000","2024-05-21T08:14:12.846Z","b","maker"
"0.10900","138.00000000","2024-05-21T08:44:06.876Z","s","maker"
"0.10800","394.24159067","2024-05-21T08:44:06.876Z","s","maker"
"0.10700","214.95327103","2024-05-21T08:44:06.876Z","s","maker"
"0.10700","2383.18040243","2024-05-21T08:44:06.876Z","s","maker"
"0.10900","40.00000000","2024-05-21T08:48:45.359Z","s","maker"
"0.10900","367.00000000","2024-05-21T09:31:31.600Z","s","maker"
"0.10600","295.04401000","2024-05-21T09:36:17.593Z","s","maker"
"0.10800","457.00000000","2024-05-21T10:01:39.202Z","b","maker"
"0.10800","457.00000000","2024-05-21T10:01:39.224Z","b","maker"
"0.10800","445.00000000","2024-05-21T10:01:39.286Z","b","maker"
"0.10800","87.76449205","2024-05-21T10:01:39.356Z","b","maker"
"0.10800","457.00000000","2024-05-21T10:03:07.070Z","b","maker"
"0.10800","457.00000000","2024-05-21T10:03:07.078Z","b","maker"
"0.10800","457.00000000","2024-05-21T10:03:07.092Z","b","maker"
"0.10800","75.76449205","2024-05-21T10:03:07.122Z","b","maker"
"0.10800","313.00000000","2024-05-21T10:03:07.335Z","b","maker"
"0.10800","313.00000000","2024-05-21T10:03:07.352Z","b","maker"
"0.10800","457.00000000","2024-05-21T10:03:07.485Z","b","maker"
"0.10800","363.76449205","2024-05-21T10:03:07.488Z","b","maker"
"0.10900","77.45876000","2024-05-21T10:36:17.955Z","b","maker"
"0.10900","213.00000000","2024-05-21T11:33:08.301Z","b","maker"
"0.10900","1.92107103","2024-05-21T13:46:29.911Z","b","maker"
"0.10900","1444.77353174","2024-05-21T13:49:33.934Z","s","maker"
"0.10900","367.00000000","2024-05-21T14:03:49.626Z","s","maker"
"0.10900","89.00000000","2024-05-21T14:04:01.562Z","s","maker"
"0.10900","367.00000000","2024-05-21T14:32:08.337Z","s","maker"
"0.10900","73.00000000","2024-05-21T15:50:39.164Z","s","maker"
"0.10800","248.30345194","2024-05-21T15:58:52.122Z","b","maker"
"0.10800","1129.44462000","2024-05-21T16:15:31.867Z","s","maker"
"0.10800","34.25779000","2024-05-21T16:17:49.032Z","s","maker"
"0.10900","1005.84282507","2024-05-21T16:31:36.078Z","b","maker"
"0.10900","501.51009174","2024-05-21T17:52:05.516Z","b","maker"
"0.10900","151.57981651","2024-05-21T18:04:13.898Z","b","maker"
"0.10800","65.54212962","2024-05-21T18:47:19.473Z","s","maker"
"0.10900","1311.00458715","2024-05-21T18:52:29.690Z","b","maker"
"0.10900","342.69633027","2024-05-21T18:53:29.486Z","b","maker"
"0.10800","2457.63648495","2024-05-21T18:58:09.718Z","s","maker"
"0.10800","90.12912962","2024-05-21T19:35:49.400Z","b","maker"
"0.10800","854.15518004","2024-05-21T19:46:13.933Z","s","maker"
"0.10700","245.87002000","2024-05-21T20:09:45.810Z","s","maker"
"0.10800","88.52500000","2024-05-21T20:27:34.213Z","b","maker"
"0.10800","283.47500000","2024-05-21T21:08:08.001Z","b","maker"
"0.10800","372.00000000","2024-05-21T21:20:42.507Z","s","maker"
"0.10800","194.00000000","2024-05-21T21:21:23.419Z","s","maker"
"0.10800","153.00000000","2024-05-21T21:21:25.774Z","s","maker"
"0.10800","67.00000000","2024-05-21T21:34:33.588Z","s","maker"
"0.10800","67.00000000","2024-05-21T21:34:37.325Z","s","maker"
"0.10800","2841.00000000","2024-05-21T21:54:01.520Z","s","maker"
"0.10800","2841.00000000","2024-05-21T21:54:01.520Z","s","maker"
"0.10800","939.93791489","2024-05-21T21:54:01.537Z","s","maker"
"0.10800","1913.06208511","2024-05-21T21:54:01.537Z","s","maker"
"0.10800","67.00000000","2024-05-21T21:54:01.781Z","s","maker"
"0.10800","1064.89563413","2024-05-21T21:54:01.781Z","s","maker"
"0.10800","1064.89563413","2024-05-21T21:54:01.787Z","s","maker"
"0.10800","1064.89563413","2024-05-21T21:54:01.801Z","s","maker"
"0.10800","1064.89563413","2024-05-21T21:54:01.824Z","s","maker"
"0.10800","1064.89563413","2024-05-21T21:54:01.838Z","s","maker"
"0.10800","240.00000000","2024-05-21T21:54:01.928Z","s","maker"
"0.10800","240.00000000","2024-05-21T21:54:01.931Z","s","maker"
"0.10800","348.00000000","2024-05-21T21:54:02.014Z","s","maker"
"0.10800","350.00000000","2024-05-21T21:54:02.032Z","s","maker"
"0.10800","329.00000000","2024-05-21T21:54:02.055Z","s","maker"
"0.10800","328.00000000","2024-05-21T21:54:02.078Z","s","maker"
"0.10800","338.00000000","2024-05-21T21:54:02.106Z","s","maker"
"0.10800","19.23765159","2024-05-21T21:54:02.110Z","s","maker"
"0.10700","530.10436587","2024-05-21T21:54:02.171Z","s","maker"
"0.10800","283.65000000","2024-05-21T21:54:02.312Z","b","maker"
"0.10800","88.35000000","2024-05-21T22:02:34.919Z","b","maker"
"0.10800","369.33143000","2024-05-21T23:10:15.697Z","s","maker"
"0.11000","113.94268000","2024-05-22T00:29:20.036Z","b","maker"
"0.11000","279.51039216","2024-05-22T00:53:56.339Z","b","maker"
"0.10900","279.51039215","2024-05-22T01:03:21.095Z","s","maker"
"0.11000","639.79909090","2024-05-22T02:03:28.456Z","b","maker"
"0.10800","394.24159067","2024-05-22T04:18:50.595Z","s","maker"
"0.10800","2105.75840933","2024-05-22T04:18:50.595Z","s","maker"
"0.10800","65.54212962","2024-05-22T04:28:56.769Z","s","maker"
"0.10800","129.45787038","2024-05-22T04:28:56.769Z","s","maker"
"0.10800","195.00000000","2024-05-22T04:28:56.820Z","s","maker"
"0.10800","95.56570605","2024-05-22T04:30:18.365Z","s","maker"
"0.10800","586.43429395","2024-05-22T04:30:18.365Z","s","maker"
"0.10800","680.00000000","2024-05-22T04:30:18.368Z","s","maker"
"0.10800","551.00000000","2024-05-22T04:30:18.393Z","s","maker"
"0.10800","108.00000000","2024-05-22T04:30:18.967Z","s","maker"
"0.10800","289.00000000","2024-05-22T04:30:19.027Z","s","maker"
"0.10800","288.00000000","2024-05-22T04:30:19.039Z","s","maker"
"0.10800","262.00000000","2024-05-22T04:30:19.267Z","s","maker"
"0.10700","2912.41000000","2024-05-22T04:50:22.427Z","s","maker"
"0.10700","1210.00000000","2024-05-22T04:50:22.705Z","s","maker"
"0.10700","1210.00000000","2024-05-22T04:50:22.724Z","s","maker"
"0.10700","5656.00000000","2024-05-22T04:50:22.982Z","s","maker"
"0.10700","8721.00000000","2024-05-22T04:50:22.998Z","s","maker"
"0.10700","8702.00000000","2024-05-22T04:50:23.004Z","s","maker"
"0.10700","8721.00000000","2024-05-22T04:50:23.010Z","s","maker"
"0.10700","1295.00000000","2024-05-22T04:50:23.031Z","s","maker"
"0.10700","842.00000000","2024-05-22T04:50:23.258Z","s","maker"
"0.10700","845.00000000","2024-05-22T04:50:23.281Z","s","maker"
"0.10700","785.00000000","2024-05-22T04:50:23.283Z","s","maker"
"0.10700","785.00000000","2024-05-22T04:50:23.283Z","s","maker"
"0.10700","785.00000000","2024-05-22T04:50:23.316Z","s","maker"
"0.10700","463.00000000","2024-05-22T04:50:23.320Z","s","maker"
"0.10700","824.00000000","2024-05-22T04:50:23.523Z","s","maker"
"0.10700","661.00000000","2024-05-22T04:50:23.531Z","s","maker"
"0.10700","827.00000000","2024-05-22T04:50:23.534Z","s","maker"
"0.10700","871.00000000","2024-05-22T04:50:23.561Z","s","maker"
"0.10700","376.00000000","2024-05-22T04:50:23.566Z","s","maker"
"0.10700","432.00000000","2024-05-22T04:50:23.570Z","s","maker"
"0.10700","431.00000000","2024-05-22T04:50:23.602Z","s","maker"
"0.10700","463.00000000","2024-05-22T04:50:23.604Z","s","maker"
"0.10700","316.00000000","2024-05-22T04:50:23.608Z","s","maker"
"0.10700","316.00000000","2024-05-22T04:50:23.627Z","s","maker"
"0.10700","566.00000000","2024-05-22T04:50:23.791Z","s","maker"
"0.10700","546.00000000","2024-05-22T04:50:23.792Z","s","maker"
"0.10700","225.00000000","2024-05-22T04:50:23.868Z","s","maker"
"0.10700","226.00000000","2024-05-22T04:50:23.875Z","s","maker"
"0.10700","1564.00000000","2024-05-22T04:50:24.003Z","s","maker"
"0.10700","752.00000000","2024-05-22T04:50:24.050Z","s","maker"
"0.10700","1250.00000000","2024-05-22T04:50:24.068Z","s","maker"
"0.10700","1138.00000000","2024-05-22T04:50:24.085Z","s","maker"
"0.10700","292.00000000","2024-05-22T04:50:24.183Z","s","maker"
"0.10700","431.00000000","2024-05-22T04:50:24.335Z","s","maker"
"0.10700","201.00000000","2024-05-22T04:50:24.412Z","s","maker"
"0.10700","831.00000000","2024-05-22T04:50:24.493Z","s","maker"
"0.10700","544.00000000","2024-05-22T04:50:24.540Z","s","maker"
"0.10700","1360.00000000","2024-05-22T04:50:24.664Z","s","maker"
"0.10700","678.00000000","2024-05-22T04:50:24.667Z","s","maker"
"0.10700","1701.00000000","2024-05-22T04:50:24.692Z","s","maker"
"0.10700","283.00000000","2024-05-22T04:50:24.768Z","s","maker"
"0.10700","465.00000000","2024-05-22T04:50:24.817Z","s","maker"
"0.10700","166.00000000","2024-05-22T04:50:24.981Z","s","maker"
"0.10700","186.00000000","2024-05-22T04:50:25.037Z","s","maker"
"0.10700","1134.00000000","2024-05-22T04:50:25.122Z","s","maker"
"0.10700","727.00000000","2024-05-22T04:50:25.253Z","s","maker"
"0.10700","398.00000000","2024-05-22T04:50:25.306Z","s","maker"
"0.10700","274.00000000","2024-05-22T04:50:25.379Z","s","maker"
"0.10700","910.00000000","2024-05-22T04:50:25.416Z","s","maker"
"0.10700","190.00000000","2024-05-22T04:50:26.765Z","s","maker"
"0.10700","152.00000000","2024-05-22T04:50:26.768Z","s","maker"
"0.10700","887.00000000","2024-05-22T04:50:29.776Z","s","maker"
"0.10700","712.00000000","2024-05-22T04:50:29.780Z","s","maker"
"0.10700","891.00000000","2024-05-22T04:50:29.782Z","s","maker"
"0.10700","508.00000000","2024-05-22T04:50:30.065Z","s","maker"
"0.10700","506.00000000","2024-05-22T04:50:30.083Z","s","maker"
"0.10700","295.00000000","2024-05-22T04:50:30.332Z","s","maker"
"0.10700","369.00000000","2024-05-22T04:50:30.337Z","s","maker"
"0.10700","368.00000000","2024-05-22T04:50:30.557Z","s","maker"
"0.10700","230.00000000","2024-05-22T04:50:32.816Z","s","maker"
"0.10700","184.00000000","2024-05-22T04:50:32.816Z","s","maker"
"0.10700","423.00000000","2024-05-22T04:50:33.217Z","s","maker"
"0.10700","424.00000000","2024-05-22T04:50:33.227Z","s","maker"
"0.10700","229.00000000","2024-05-22T04:50:33.323Z","s","maker"
"0.10700","465.00000000","2024-05-22T04:50:33.541Z","s","maker"
"0.10700","668.00000000","2024-05-22T04:50:33.555Z","s","maker"
"0.10700","464.00000000","2024-05-22T04:50:33.580Z","s","maker"
"0.10700","670.00000000","2024-05-22T04:50:33.590Z","s","maker"
"0.10700","662.00000000","2024-05-22T04:50:48.959Z","s","maker"
"0.10700","825.00000000","2024-05-22T04:50:48.962Z","s","maker"
"0.10700","828.00000000","2024-05-22T04:50:48.968Z","s","maker"
"0.10700","404.00000000","2024-05-22T04:50:49.584Z","s","maker"
"0.10700","330.00000000","2024-05-22T04:50:49.842Z","s","maker"
"0.10700","329.00000000","2024-05-22T04:50:49.861Z","s","maker"
"0.10700","275.00000000","2024-05-22T04:50:50.117Z","s","maker"
"0.10700","264.00000000","2024-05-22T04:50:50.151Z","s","maker"
"0.10700","313.00000000","2024-05-22T04:50:50.390Z","s","maker"
"0.10700","1081.00000000","2024-05-22T04:50:50.450Z","s","maker"
"0.10700","978.00000000","2024-05-22T04:50:50.672Z","s","maker"
"0.10700","701.00000000","2024-05-22T04:50:50.773Z","s","maker"
"0.10700","482.00000000","2024-05-22T04:50:50.946Z","s","maker"
"0.10700","1061.00000000","2024-05-22T04:50:51.082Z","s","maker"
"0.10700","964.00000000","2024-05-22T04:50:51.237Z","s","maker"
"0.10700","663.00000000","2024-05-22T04:50:51.356Z","s","maker"
"0.10700","455.00000000","2024-05-22T04:50:51.491Z","s","maker"
"0.10700","163.00000000","2024-05-22T04:50:52.195Z","s","maker"
"0.10700","475.00000000","2024-05-22T04:50:52.493Z","s","maker"
"0.10700","618.00000000","2024-05-22T04:50:52.777Z","s","maker"
"0.10700","575.00000000","2024-05-22T04:50:53.050Z","s","maker"
"0.10700","574.00000000","2024-05-22T04:50:53.324Z","s","maker"
"0.10700","394.00000000","2024-05-22T04:50:53.683Z","s","maker"
"0.10700","903.00000000","2024-05-22T04:50:56.244Z","s","maker"
"0.10700","693.00000000","2024-05-22T04:50:56.626Z","s","maker"
"0.10700","839.00000000","2024-05-22T04:50:56.895Z","s","maker"
"0.10700","204.00000000","2024-05-22T04:50:57.165Z","s","maker"
"0.10700","637.38378229","2024-05-22T04:50:58.156Z","s","maker"
"0.10700","1688.00000000","2024-05-22T04:50:58.292Z","s","maker"
"0.10700","209.00000000","2024-05-22T04:50:58.425Z","s","maker"
"0.10700","1250.00000000","2024-05-22T04:50:58.712Z","s","maker"
"0.10700","987.00000000","2024-05-22T04:50:58.840Z","s","maker"
"0.10700","732.00000000","2024-05-22T04:50:58.995Z","s","maker"
"0.10700","2426.00000000","2024-05-22T04:50:59.113Z","s","maker"
"0.10700","230.00000000","2024-05-22T04:50:59.379Z","s","maker"
"0.10700","460.00000000","2024-05-22T04:50:59.394Z","s","maker"
"0.10700","377.00000000","2024-05-22T04:50:59.636Z","s","maker"
"0.10700","218.00000000","2024-05-22T04:50:59.645Z","s","maker"
"0.10700","1269.00000000","2024-05-22T04:50:59.663Z","s","maker"
"0.10700","377.00000000","2024-05-22T04:51:03.042Z","s","maker"
"0.10700","377.00000000","2024-05-22T04:51:06.418Z","s","maker"
"0.10700","377.00000000","2024-05-22T04:51:09.813Z","s","maker"
"0.10700","377.00000000","2024-05-22T04:51:13.227Z","s","maker"
"0.10700","377.00000000","2024-05-22T04:51:16.672Z","s","maker"
"0.10700","377.00000000","2024-05-22T04:51:23.927Z","s","maker"
"0.10700","377.00000000","2024-05-22T04:51:27.338Z","s","maker"
"0.10700","377.00000000","2024-05-22T04:51:30.708Z","s","maker"
"0.10700","207.00000000","2024-05-22T05:05:52.675Z","s","maker"
"0.10700","1115.00000000","2024-05-22T05:05:52.732Z","s","maker"
"0.10700","1458.00000000","2024-05-22T05:05:53.010Z","s","maker"
"0.10700","1183.00000000","2024-05-22T05:05:53.081Z","s","maker"
"0.10700","726.00000000","2024-05-22T05:05:53.143Z","s","maker"
"0.10700","1082.00000000","2024-05-22T05:05:53.408Z","s","maker"
"0.10700","2750.00000000","2024-05-22T05:05:53.596Z","s","maker"
"0.10700","126.00000000","2024-05-22T05:05:53.778Z","s","maker"
"0.10700","718.00000000","2024-05-22T05:05:53.824Z","s","maker"
"0.10700","309.00000000","2024-05-22T05:05:54.025Z","s","maker"
"0.10700","664.00000000","2024-05-22T05:05:54.118Z","s","maker"
"0.10700","427.00000000","2024-05-22T05:05:54.192Z","s","maker"
"0.10700","294.00000000","2024-05-22T05:05:54.324Z","s","maker"
"0.10700","163.00000000","2024-05-22T05:05:54.359Z","s","maker"
"0.10700","693.00000000","2024-05-22T05:05:54.621Z","s","maker"
"0.10700","512.00000000","2024-05-22T05:05:54.809Z","s","maker"
"0.10700","352.00000000","2024-05-22T05:05:54.989Z","s","maker"
"0.10700","243.00000000","2024-05-22T05:05:55.208Z","s","maker"
"0.10700","268.00000000","2024-05-22T05:05:55.380Z","s","maker"
"0.10700","286.00000000","2024-05-22T05:05:55.461Z","s","maker"
"0.10700","148.00000000","2024-05-22T05:05:55.591Z","s","maker"
"0.10700","185.00000000","2024-05-22T05:05:55.903Z","s","maker"
"0.10700","265.00000000","2024-05-22T05:05:56.044Z","s","maker"
"0.10700","146.00000000","2024-05-22T05:05:56.214Z","s","maker"
"0.10700","182.00000000","2024-05-22T05:05:56.396Z","s","maker"
"0.10700","285.00000000","2024-05-22T05:05:56.636Z","s","maker"
"0.10700","196.00000000","2024-05-22T05:05:56.749Z","s","maker"
"0.10700","319.00000000","2024-05-22T05:05:57.284Z","s","maker"
"0.10700","256.00000000","2024-05-22T05:05:57.299Z","s","maker"
"0.10700","112.00000000","2024-05-22T05:05:57.617Z","s","maker"
"0.10700","310.00000000","2024-05-22T05:05:57.911Z","s","maker"
"0.10700","213.00000000","2024-05-22T05:05:58.087Z","s","maker"
"0.10700","118.00000000","2024-05-22T05:05:58.225Z","s","maker"
"0.10700","294.00000000","2024-05-22T05:05:58.624Z","s","maker"
"0.10700","287.00000000","2024-05-22T05:05:58.773Z","s","maker"
"0.10700","157.00000000","2024-05-22T05:05:58.941Z","s","maker"
"0.10700","185.55893464","2024-05-22T05:05:58.999Z","s","maker"
"0.10600","59.42609744","2024-05-22T05:27:48.432Z","s","maker"
"0.10600","1898.90595186","2024-05-22T05:27:48.432Z","s","maker"
"0.10600","245.28301887","2024-05-22T05:27:48.432Z","s","maker"
"0.10600","3440.00000000","2024-05-22T05:27:48.435Z","b","maker"
"0.10600","3451.92920409","2024-05-22T05:27:48.436Z","b","maker"
"0.10600","1898.90595186","2024-05-22T05:27:48.437Z","b","maker"
"0.10600","1255.79977588","2024-05-22T05:27:48.461Z","b","maker"
"0.10600","1898.90595186","2024-05-22T05:28:18.481Z","s","maker"
"0.10600","353.00000000","2024-05-22T05:28:18.736Z","b","maker"
"0.10600","4534.17330588","2024-05-22T05:28:18.743Z","b","maker"
"0.10600","3358.29448081","2024-05-22T05:28:18.747Z","b","maker"
"0.10600","758.00000000","2024-05-22T05:28:18.757Z","b","maker"
"0.10600","1812.00000000","2024-05-22T05:28:18.779Z","b","maker"
"0.10600","224.00000000","2024-05-22T05:28:18.826Z","b","maker"
"0.10600","232.36360000","2024-05-22T05:28:19.301Z","b","maker"
"0.10600","757.00000000","2024-05-22T05:28:35.831Z","b","maker"
"0.10600","488.00000000","2024-05-22T05:28:36.101Z","b","maker"
"0.10600","334.00000000","2024-05-22T05:28:36.356Z","b","maker"
"0.10600","229.00000000","2024-05-22T05:28:36.622Z","b","maker"
"0.10600","157.00000000","2024-05-22T05:28:36.883Z","b","maker"
"0.10600","531.00000000","2024-05-22T05:28:37.145Z","b","maker"
"0.10600","277.10611778","2024-05-22T05:28:37.148Z","b","maker"
"0.10600","261.00000000","2024-05-22T05:28:37.750Z","b","maker"
"0.10600","372.00000000","2024-05-22T05:28:37.944Z","b","maker"
"0.10600","183.00000000","2024-05-22T05:28:38.033Z","b","maker"
"0.10600","176.00000000","2024-05-22T05:29:03.478Z","b","maker"
"0.10600","416.00000000","2024-05-22T05:30:07.771Z","b","maker"
"0.10600","319.00000000","2024-05-22T05:30:23.435Z","b","maker"
"0.10600","218.00000000","2024-05-22T05:30:23.698Z","b","maker"
"0.10600","218.00000000","2024-05-22T05:30:23.959Z","b","maker"
"0.10600","218.00000000","2024-05-22T05:30:23.971Z","b","maker"
"0.10600","40.85451536","2024-05-22T05:30:24.053Z","b","maker"
"0.10600","56.00000000","2024-05-22T06:48:52.742Z","s","maker"
"0.10700","65.54212962","2024-05-22T06:49:07.626Z","b","maker"
"0.10700","1862.91876395","2024-05-22T06:49:07.626Z","b","maker"
"0.10700","20.88124444","2024-05-22T06:49:07.627Z","b","maker"
"0.10500","24.58700000","2024-05-22T08:36:23.376Z","s","maker"
"0.10500","165.81300000","2024-05-22T09:52:50.485Z","s","maker"
"0.10500","190.40000000","2024-05-22T09:52:50.485Z","s","maker"
"0.10500","381.28135000","2024-05-22T09:52:50.485Z","s","maker"
"0.10500","56.33802817","2024-05-22T10:52:02.991Z","s","maker"
"0.10500","190.40000000","2024-05-22T10:52:02.991Z","s","maker"
"0.10500","190.40000000","2024-05-22T10:52:02.991Z","s","maker"
"0.10500","3565.22125674","2024-05-22T10:52:02.991Z","s","maker"
"0.10500","219.04761905","2024-05-22T10:52:02.991Z","s","maker"
"0.10500","152.38095238","2024-05-22T10:52:02.991Z","s","maker"
"0.10500","2521.24117480","2024-05-22T10:52:02.991Z","s","maker"
"0.10500","180.95238095","2024-05-22T10:52:02.991Z","s","maker"
"0.10500","190.40000000","2024-05-22T10:52:02.991Z","s","maker"
"0.10500","190.40000000","2024-05-22T10:52:02.991Z","s","maker"
"0.10500","190.40000000","2024-05-22T10:52:02.991Z","s","maker"
"0.10500","190.40000000","2024-05-22T10:52:02.991Z","s","maker"
"0.10500","190.40000000","2024-05-22T10:52:02.991Z","s","maker"
"0.10500","190.40000000","2024-05-22T10:52:02.991Z","s","maker"
"0.10500","2521.24117480","2024-05-22T10:52:03.006Z","b","maker"
"0.10500","2521.24117480","2024-05-22T10:52:03.012Z","b","maker"
"0.10500","2521.24117480","2024-05-22T10:52:03.018Z","b","maker"
"0.10500","2521.24117480","2024-05-22T10:52:03.027Z","b","maker"
"0.10500","34.74110567","2024-05-22T10:52:03.034Z","b","maker"
"0.10400","409.40472877","2024-05-22T11:35:34.023Z","s","taker"
"0.10400","48.07700000","2024-05-22T11:35:34.023Z","s","taker"
"0.10400","315.93600882","2024-05-22T11:35:34.023Z","s","taker"
"0.10500","245.58751435","2024-05-22T12:15:54.485Z","b","maker"
"0.10500","135.41248565","2024-05-22T12:15:54.485Z","b","maker"
"0.10500","82.00000000","2024-05-22T12:15:58.524Z","b","maker"
"0.10500","1.60293340","2024-05-22T12:19:32.720Z","b","maker"
"0.10500","134.39706660","2024-05-22T12:19:32.720Z","b","maker"
"0.10400","2791.82492316","2024-05-22T13:42:36.439Z","b","maker"
"0.10400","483.00000000","2024-05-22T13:42:37.571Z","s","maker"
"0.10400","484.00000000","2024-05-22T13:42:37.603Z","s","maker"
"0.10400","24.58700000","2024-05-22T14:01:02.604Z","s","maker"
"0.10500","152.34895238","2024-05-22T14:23:00.582Z","b","maker"
"0.10500","180.92578095","2024-05-22T14:23:00.582Z","b","maker"
"0.10500","90.67196320","2024-05-22T14:23:00.582Z","b","maker"
"0.10500","423.94669653","2024-05-22T14:40:08.064Z","s","maker"
"0.10500","511.48758918","2024-05-22T14:40:08.067Z","s","maker"
"0.10500","48.07700000","2024-05-22T15:39:58.022Z","s","maker"
"0.10600","24.58700000","2024-05-22T15:52:18.852Z","b","maker"
"0.10600","165.81300000","2024-05-22T15:52:18.852Z","b","maker"
"0.10600","190.40000000","2024-05-22T15:52:18.852Z","b","maker"
"0.10600","190.40000000","2024-05-22T15:52:18.852Z","b","maker"
"0.10600","190.40000000","2024-05-22T15:52:18.852Z","b","maker"
"0.10600","190.40000000","2024-05-22T15:52:18.852Z","b","maker"
"0.10600","48.00000000","2024-05-22T15:52:18.852Z","b","maker"
"0.10600","142.40000000","2024-05-22T15:53:18.632Z","b","maker"
"0.10600","190.40000000","2024-05-22T15:53:18.632Z","b","maker"
"0.10600","182.27975202","2024-05-22T15:53:18.632Z","b","maker"
"0.10600","8.12024798","2024-05-22T16:12:43.834Z","b","maker"
"0.10600","190.40000000","2024-05-22T16:12:43.834Z","b","maker"
"0.10600","190.40000000","2024-05-22T16:12:43.834Z","b","maker"
"0.10600","408.58588261","2024-05-22T16:12:43.834Z","b","maker"
"0.10600","377.00000000","2024-05-22T16:31:15.023Z","s","maker"
"0.10600","152.38095238","2024-05-22T16:31:15.023Z","s","maker"
"0.10600","43.12662245","2024-05-22T17:37:11.116Z","s","maker"
"0.10600","175.92099660","2024-05-22T17:37:11.119Z","s","maker"
"0.10600","245.28301887","2024-05-22T17:37:11.119Z","s","maker"
"0.10500","190.40000000","2024-05-22T17:45:08.536Z","s","maker"
"0.10500","6.29601000","2024-05-22T17:45:08.536Z","s","maker"
"0.10500","184.10399000","2024-05-22T18:02:53.741Z","s","maker"
"0.10500","153.84615385","2024-05-22T18:02:53.741Z","s","maker"
"0.10500","190.40000000","2024-05-22T18:02:53.741Z","s","maker"
"0.10500","190.40000000","2024-05-22T18:02:56.714Z","s","maker"
"0.10500","190.40000000","2024-05-22T18:02:56.714Z","s","maker"
"0.10500","190.40000000","2024-05-22T18:21:15.725Z","s","maker"
"0.10500","190.40000000","2024-05-22T18:21:15.725Z","s","maker"
"0.10500","190.40000000","2024-05-22T18:21:15.725Z","s","maker"
"0.10500","190.40000000","2024-05-22T18:21:15.725Z","s","maker"
"0.10500","190.40000000","2024-05-22T18:21:15.725Z","s","maker"
"0.10400","409.40472877","2024-05-22T19:12:33.265Z","s","maker"
"0.10400","977.27714123","2024-05-22T19:12:33.265Z","s","maker"
"0.10400","860.00000000","2024-05-22T19:14:21.485Z","s","maker"
"0.10500","152.00000000","2024-05-22T19:32:28.397Z","b","maker"
"0.10500","227.00000000","2024-05-22T19:32:33.483Z","b","maker"
"0.10400","201.92307692","2024-05-22T19:44:33.441Z","s","maker"
"0.10400","4.52460308","2024-05-22T19:44:33.441Z","s","maker"
"0.10300","68.06298076","2024-05-22T23:17:31.317Z","s","taker"
"0.10300","84.29536162","2024-05-22T23:17:31.317Z","s","taker"
"0.10400","68.06298076","2024-05-23T00:04:04.548Z","b","maker"
"0.10400","23.93701924","2024-05-23T00:04:04.548Z","b","maker"
"0.10400","129.87682461","2024-05-23T00:04:33.049Z","b","maker"
"0.10400","245.24661887","2024-05-23T00:04:33.049Z","b","maker"
"0.10400","9.87655652","2024-05-23T00:04:33.049Z","b","maker"
"0.10400","169.00000000","2024-05-23T00:11:00.591Z","b","maker"
"0.10400","40.13855253","2024-05-23T00:11:03.922Z","b","maker"
"0.10500","40.00000000","2024-05-23T00:29:20.037Z","b","maker"
"0.10500","79.43326000","2024-05-23T00:29:20.037Z","b","maker"
"0.10400","127.86144747","2024-05-23T00:52:25.203Z","s","maker"
"0.10400","1514.23379769","2024-05-23T00:52:25.203Z","s","maker"
"0.10200","184.10831792","2024-05-23T00:52:25.203Z","s","maker"
"0.10200","31.20815621","2024-05-23T00:52:25.203Z","s","maker"
"0.10200","50.79184379","2024-05-23T00:52:25.203Z","s","maker"
"0.10200","417.43227247","2024-05-23T00:52:25.203Z","s","maker"
"0.10200","82.00000000","2024-05-23T00:52:25.203Z","s","maker"
"0.10200","487.74988022","2024-05-23T00:52:25.203Z","s","maker"
"0.10200","155.33980583","2024-05-23T00:52:25.203Z","s","maker"
"0.10200","627.12850840","2024-05-23T00:52:25.203Z","s","maker"
"0.10400","152.00000000","2024-05-23T00:52:35.007Z","b","maker"
"0.10400","169.00000000","2024-05-23T00:52:35.022Z","b","maker"
"0.10400","94.00000000","2024-05-23T00:52:37.837Z","b","maker"
"0.10300","1528.93509670","2024-05-23T01:10:51.632Z","s","maker"
"0.10200","487.74988022","2024-05-23T01:10:51.632Z","s","maker"
"0.10200","250.00000000","2024-05-23T01:10:51.632Z","s","maker"
"0.10200","201.48380841","2024-05-23T01:10:51.632Z","s","maker"
"0.10200","1209.68524467","2024-05-23T01:10:51.632Z","s","maker"
"0.10400","1.59737051","2024-05-23T01:34:32.604Z","b","maker"
"0.10400","155.31762583","2024-05-23T01:34:32.604Z","b","maker"
"0.10400","200.08500366","2024-05-23T01:34:32.604Z","b","maker"
"0.10400","156.00000000","2024-05-23T05:36:33.185Z","s","maker"
"0.10300","223.30097087","2024-05-23T06:28:45.158Z","s","maker"
"0.10300","153.84615385","2024-05-23T06:28:45.158Z","s","maker"
"0.10300","86.76957528","2024-05-23T06:28:45.158Z","s","maker"
"0.10300","233.00970874","2024-05-23T06:45:31.287Z","s","maker"
"0.10300","1892.24805019","2024-05-23T06:45:31.287Z","s","maker"
"0.10200","417.43227247","2024-05-23T06:45:31.287Z","s","maker"
"0.10200","1699.90996860","2024-05-23T06:45:31.287Z","s","maker"
"0.10300","249.96430000","2024-05-23T07:54:03.090Z","s","taker"
"0.10300","150.00000000","2024-05-23T08:08:30.178Z","b","maker"
"0.10300","154.00000000","2024-05-23T08:08:37.111Z","b","maker"
"0.10300","183.00000000","2024-05-23T08:09:01.095Z","b","maker"
"0.10300","176.00000000","2024-05-23T08:09:08.201Z","b","maker"
"0.10200","135.03708033","2024-05-23T09:32:15.367Z","s","maker"
"0.10200","1529.67765867","2024-05-23T09:34:46.550Z","s","maker"
"0.10200","1529.67765867","2024-05-23T09:49:10.165Z","s","maker"
"0.10200","26.63234174","2024-05-23T09:49:10.185Z","s","maker"
"0.10200","144.88554000","2024-05-23T09:49:11.008Z","b","maker"
"0.10200","230.00000000","2024-05-23T09:53:04.190Z","b","maker"
"0.10300","153.81446385","2024-05-23T12:01:21.643Z","b","maker"
"0.10300","219.01884905","2024-05-23T12:01:21.643Z","b","maker"
"0.10200","232.97610874","2024-05-23T12:09:16.360Z","s","taker"
"0.10300","1446.00000000","2024-05-23T12:11:44.086Z","b","maker"
"0.10300","955.00000000","2024-05-23T12:11:44.391Z","b","maker"
"0.10300","630.00000000","2024-05-23T12:11:44.932Z","b","maker"
"0.10300","416.00000000","2024-05-23T12:11:45.228Z","b","maker"
"0.10300","416.00000000","2024-05-23T12:11:45.435Z","b","maker"
"0.10200","59.00880000","2024-05-23T12:20:58.470Z","s","taker"
"0.10300","394.86743666","2024-05-23T12:26:12.467Z","s","maker"
"0.10300","203.88349515","2024-05-23T13:01:14.967Z","b","taker"
"0.10200","176.47058824","2024-05-23T13:11:26.907Z","b","taker"
"0.10100","398.00000000","2024-05-23T13:50:54.994Z","s","maker"
"0.10100","253.00000000","2024-05-23T13:51:00.888Z","s","maker"
"0.10100","254.00000000","2024-05-23T13:51:01.034Z","s","maker"
"0.10100","170.00000000","2024-05-23T13:51:01.201Z","s","maker"
"0.10100","14.72277227","2024-05-23T13:51:24.998Z","s","maker"
"0.10000","69.07259000","2024-05-23T13:53:36.613Z","s","maker"
"0.10000","323.00000000","2024-05-23T14:43:19.900Z","s","maker"
"0.10000","33.70832792","2024-05-23T14:43:39.383Z","s","maker"
"0.10000","50.00000000","2024-05-23T14:43:39.383Z","s","maker"
"0.10000","68.72378640","2024-05-23T14:43:39.383Z","s","maker"
"0.10000","86.56788568","2024-05-23T14:43:39.383Z","s","maker"
"0.10000","221.00000000","2024-05-23T14:44:10.181Z","s","maker"
"0.10000","205.00000000","2024-05-23T14:54:19.775Z","s","maker"
"0.10000","172.00000000","2024-05-23T14:54:52.789Z","s","maker"
"0.10000","2093.00000000","2024-05-23T14:55:33.989Z","s","maker"
"0.10000","1474.00000000","2024-05-23T14:55:34.268Z","s","maker"
"0.10000","140.39197985","2024-05-23T14:55:34.372Z","s","maker"
"0.10000","420.60802015","2024-05-23T14:55:34.372Z","s","maker"
"0.10000","402.00000000","2024-05-23T14:55:34.373Z","s","maker"
"0.10000","854.00000000","2024-05-23T14:55:34.566Z","s","maker"
"0.10000","402.00000000","2024-05-23T14:55:38.778Z","s","maker"
"0.10100","68.72378639","2024-05-23T17:50:21.387Z","b","maker"
"0.10100","223.26877087","2024-05-23T17:50:21.387Z","b","maker"
"0.10100","86.59603612","2024-05-23T17:50:21.387Z","b","maker"
"0.10000","110.47078000","2024-05-23T17:53:48.021Z","s","maker"
"0.09900","49.17400475","2024-05-23T18:59:44.384Z","s","maker"
"0.09900","1.33099525","2024-05-23T20:02:11.680Z","s","maker"
"0.09900","70.78550000","2024-05-23T20:02:11.680Z","s","maker"
"0.09900","92.88350475","2024-05-23T20:02:11.680Z","s","maker"
"0.09900","361.00000000","2024-05-23T20:05:10.470Z","s","maker"
"0.09900","249.00000000","2024-05-23T20:05:10.881Z","s","maker"
"0.09900","172.00000000","2024-05-23T20:05:10.979Z","s","maker"
"0.10100","70.78550001","2024-05-23T21:03:35.467Z","b","maker"
"0.10100","82.00000000","2024-05-23T21:03:35.467Z","b","maker"
"0.10100","151.00000000","2024-05-23T21:04:39.287Z","s","maker"
"0.09900","28.58434000","2024-05-23T21:05:22.117Z","s","maker"
"0.10100","1559.21103921","2024-05-23T21:16:19.166Z","s","maker"
"0.10000","250.00000000","2024-05-23T21:20:53.144Z","s","maker"
"0.10200","424.92941793","2024-05-23T21:30:10.667Z","b","taker"
"0.10200","575.07058207","2024-05-23T21:30:10.667Z","b","taker"
"0.10200","122.60021000","2024-05-24T00:29:20.033Z","b","maker"
"0.10000","402.00000000","2024-05-24T05:20:32.584Z","s","maker"
"0.10000","23.78091792","2024-05-24T05:30:26.123Z","s","maker"
"0.09900","53.41566000","2024-05-24T06:21:41.146Z","s","maker"
"0.09800","44.93234000","2024-05-24T06:21:41.146Z","s","maker"
"0.09800","162.00000000","2024-05-24T06:46:47.495Z","s","maker"
"0.09800","162.00000000","2024-05-24T06:46:55.497Z","s","maker"
"0.09800","65.53798441","2024-05-24T06:47:06.797Z","s","maker"
"0.09800","84.46201559","2024-05-24T06:47:06.797Z","s","maker"
"0.09800","163.00000000","2024-05-24T06:47:08.691Z","s","maker"
"0.09800","252.53798441","2024-05-24T06:58:32.993Z","s","maker"
"0.09800","262.46201559","2024-05-24T06:58:32.993Z","s","maker"
"0.09800","393.00000000","2024-05-24T06:58:33.259Z","s","maker"
"0.09800","269.00000000","2024-05-24T06:58:33.524Z","s","maker"
"0.09800","185.00000000","2024-05-24T06:58:33.665Z","s","maker"
"0.09800","627.00000000","2024-05-24T06:58:36.394Z","s","maker"
"0.09800","430.00000000","2024-05-24T06:58:36.661Z","s","maker"
"0.09800","489.00000000","2024-05-24T06:58:36.760Z","s","maker"
"0.09800","536.00000000","2024-05-24T06:58:36.992Z","s","maker"
"0.09800","342.00000000","2024-05-24T06:58:37.141Z","s","maker"
"0.09800","631.00000000","2024-05-24T06:58:37.287Z","s","maker"
"0.09800","596.00000000","2024-05-24T06:58:37.491Z","s","maker"
"0.09800","638.00000000","2024-05-24T06:58:37.589Z","s","maker"
"0.09800","429.00000000","2024-05-24T06:58:37.693Z","s","maker"
"0.09800","228.00000000","2024-05-24T06:58:37.884Z","s","maker"
"0.09800","450.00000000","2024-05-24T06:58:38.088Z","s","maker"
"0.09800","309.00000000","2024-05-24T06:58:38.195Z","s","maker"
"0.09800","458.00000000","2024-05-24T06:58:38.356Z","s","maker"
"0.09800","315.00000000","2024-05-24T06:58:38.390Z","s","maker"
"0.09800","406.00000000","2024-05-24T06:58:38.594Z","s","maker"
"0.09800","190.00000000","2024-05-24T06:58:38.796Z","s","maker"
"0.09800","430.00000000","2024-05-24T06:58:38.893Z","s","maker"
"0.09800","630.00000000","2024-05-24T06:58:39.090Z","s","maker"
"0.09800","304.00000000","2024-05-24T06:58:39.225Z","s","maker"
"0.09800","208.00000000","2024-05-24T06:58:39.365Z","s","maker"
"0.09800","434.00000000","2024-05-24T06:58:39.480Z","s","maker"
"0.09800","594.00000000","2024-05-24T06:58:39.588Z","s","maker"
"0.09800","407.00000000","2024-05-24T06:58:39.797Z","s","maker"
"0.09800","280.00000000","2024-05-24T06:58:39.889Z","s","maker"
"0.09800","217.00000000","2024-05-24T06:58:40.093Z","s","maker"
"0.09800","167.00000000","2024-05-24T06:58:40.584Z","s","maker"
"0.09800","243.00000000","2024-05-24T06:58:40.589Z","s","maker"
"0.09800","162.00000000","2024-05-24T06:58:49.989Z","s","maker"
"0.09800","162.00000000","2024-05-24T06:58:53.493Z","s","maker"
"0.09800","162.00000000","2024-05-24T06:58:55.494Z","s","maker"
"0.09700","92.65873000","2024-05-24T07:17:59.229Z","s","maker"
"0.09800","2200.00000000","2024-05-24T07:18:58.501Z","s","maker"
"0.09800","1381.00000000","2024-05-24T07:18:58.793Z","s","maker"
"0.09800","867.00000000","2024-05-24T07:18:58.914Z","s","maker"
"0.09800","267.00000000","2024-05-24T07:18:58.968Z","s","maker"
"0.09800","545.00000000","2024-05-24T07:18:59.077Z","s","maker"
"0.09800","183.00000000","2024-05-24T07:18:59.115Z","s","maker"
"0.09800","342.00000000","2024-05-24T07:18:59.205Z","s","maker"
"0.09800","215.00000000","2024-05-24T07:18:59.825Z","s","maker"
"0.09800","196.00000000","2024-05-24T07:19:02.399Z","s","maker"
"0.09800","223.00000000","2024-05-24T07:19:22.186Z","s","maker"
"0.09800","205.00000000","2024-05-24T07:19:22.201Z","s","maker"
"0.09800","165.00000000","2024-05-24T07:19:22.592Z","s","maker"
"0.09800","162.00000000","2024-05-24T07:19:24.467Z","s","maker"
"0.09800","196.00000000","2024-05-24T07:21:10.691Z","s","maker"
"0.09800","180.00000000","2024-05-24T07:21:10.692Z","s","maker"
"0.09800","162.00000000","2024-05-24T07:21:11.696Z","s","maker"
"0.09800","162.00000000","2024-05-24T07:21:22.385Z","s","maker"
"0.09800","162.00000000","2024-05-24T07:21:35.387Z","s","maker"
"0.09800","196.00000000","2024-05-24T07:25:33.294Z","s","maker"
"0.09800","180.00000000","2024-05-24T07:25:33.301Z","s","maker"
"0.09800","394.00000000","2024-05-24T07:25:34.401Z","s","maker"
"0.09800","410.00000000","2024-05-24T07:25:41.325Z","s","maker"
"0.09800","2287.00000000","2024-05-24T07:26:16.088Z","s","maker"
"0.09800","1588.00000000","2024-05-24T07:26:16.367Z","s","maker"
"0.09800","1960.00000000","2024-05-24T07:26:16.410Z","s","maker"
"0.09800","532.00000000","2024-05-24T07:26:16.653Z","s","maker"
"0.09800","369.00000000","2024-05-24T07:26:16.677Z","s","maker"
"0.09800","854.00000000","2024-05-24T07:26:16.782Z","s","maker"
"0.09800","410.00000000","2024-05-24T07:26:17.169Z","s","maker"
"0.09800","1183.00000000","2024-05-24T07:26:33.627Z","s","maker"
"0.09800","1318.00000000","2024-05-24T07:26:33.933Z","s","maker"
"0.09800","1219.00000000","2024-05-24T07:26:34.039Z","s","maker"
"0.09800","817.00000000","2024-05-24T07:26:34.214Z","s","maker"
"0.09800","1219.00000000","2024-05-24T07:26:34.261Z","s","maker"
"0.09800","162.00000000","2024-05-24T07:26:40.005Z","s","maker"
"0.09700","721.00000000","2024-05-24T08:26:25.169Z","s","maker"
"0.09700","321.00106381","2024-05-24T08:26:25.563Z","s","maker"
"0.09700","51.80000000","2024-05-24T08:26:25.563Z","s","maker"
"0.09700","165.19893619","2024-05-24T08:26:25.563Z","s","maker"
"0.09700","315.00000000","2024-05-24T08:26:25.606Z","s","maker"
"0.09700","168.00000000","2024-05-24T08:26:50.168Z","s","maker"
"0.09900","2293.31478225","2024-05-24T08:57:58.435Z","b","maker"
"0.10000","433.60134481","2024-05-24T08:57:58.435Z","b","maker"
"0.10000","500.00000000","2024-05-24T08:57:58.435Z","b","maker"
"0.10000","82.00000000","2024-05-24T08:57:58.435Z","b","maker"
"0.10000","28700.88021294","2024-05-24T08:57:58.435Z","b","maker"
"0.09800","162.00000000","2024-05-24T08:58:14.792Z","s","maker"
"0.09800","271.00000000","2024-05-24T09:11:03.127Z","s","maker"
"0.09800","1.47032441","2024-05-24T09:17:26.893Z","s","maker"
"0.09800","186.52967559","2024-05-24T09:17:26.893Z","s","maker"
"0.09800","180.00000000","2024-05-24T09:21:35.825Z","s","maker"
"0.09800","131.00000000","2024-05-24T09:22:42.603Z","s","maker"
"0.09800","1142.00000000","2024-05-24T09:22:42.986Z","s","maker"
"0.09800","1582.00000000","2024-05-24T09:22:43.030Z","s","maker"
"0.09800","601.00000000","2024-05-24T09:22:43.246Z","s","maker"
"0.09800","393.00000000","2024-05-24T09:22:43.313Z","s","maker"
"0.09800","284.00000000","2024-05-24T09:22:43.351Z","s","maker"
"0.09800","279.00000000","2024-05-24T09:22:46.604Z","s","maker"
"0.09800","202.00000000","2024-05-24T09:22:46.616Z","s","maker"
"0.09800","180.00000000","2024-05-24T09:22:50.035Z","s","maker"
"0.09800","1068.00000000","2024-05-24T09:24:02.761Z","s","maker"
"0.09800","1479.00000000","2024-05-24T09:24:02.766Z","s","maker"
"0.09800","9910.00000000","2024-05-24T09:24:02.887Z","s","maker"
"0.09800","7155.00000000","2024-05-24T09:24:02.948Z","s","maker"
"0.09800","5363.00000000","2024-05-24T09:24:02.974Z","s","maker"
"0.09800","2842.00000000","2024-05-24T09:24:03.070Z","s","maker"
"0.09800","1858.00000000","2024-05-24T09:24:03.167Z","s","maker"
"0.09800","1215.00000000","2024-05-24T09:24:03.265Z","s","maker"
"0.10000","433.60134482","2024-05-24T10:38:02.435Z","b","maker"
"0.10000","82.00000000","2024-05-24T10:38:02.435Z","b","maker"
"0.10000","111.13757518","2024-05-24T10:38:02.435Z","b","maker"
"0.09800","1606.94198939","2024-05-24T10:48:25.311Z","s","maker"
"0.09800","72.23010204","2024-05-24T10:48:25.311Z","s","maker"
"0.09800","160.74947857","2024-05-24T10:48:25.311Z","s","maker"
"0.10000","72.23010204","2024-05-24T11:44:22.164Z","b","maker"
"0.10000","1923.00000000","2024-05-24T13:04:09.080Z","b","maker"
"0.10000","2821.00000000","2024-05-24T13:04:09.123Z","b","maker"
"0.10000","417.06700000","2024-05-24T13:04:09.253Z","b","maker"
"0.10100","396.00000000","2024-05-24T14:36:18.233Z","b","maker"
"0.10100","396.00000000","2024-05-24T14:36:28.095Z","b","maker"
"0.10100","342.65979381","2024-05-24T14:36:35.145Z","b","maker"
"0.10100","53.34020619","2024-05-24T14:36:35.145Z","b","maker"
"0.10100","731.00000000","2024-05-24T14:37:09.336Z","b","maker"
"0.10100","506.00000000","2024-05-24T14:37:09.617Z","b","maker"
"0.10100","281.00000000","2024-05-24T14:37:09.728Z","b","maker"
"0.10100","506.00000000","2024-05-24T14:37:09.846Z","b","maker"
"0.10100","349.58613861","2024-05-24T14:37:09.856Z","b","maker"
"0.10100","46.41386139","2024-05-24T16:23:07.484Z","s","taker"
"0.10000","1574.80314960","2024-05-24T16:23:07.484Z","s","taker"
"0.10000","837.48322688","2024-05-24T16:23:07.484Z","s","taker"
"0.10200","424.92931792","2024-05-24T16:49:02.044Z","b","maker"
"0.10200","110.07068208","2024-05-24T16:49:02.044Z","b","maker"
"0.10200","505.00000000","2024-05-24T16:49:02.050Z","b","maker"
"0.10200","505.00000000","2024-05-24T16:49:02.054Z","b","maker"
"0.10200","535.00000000","2024-05-24T16:49:02.282Z","b","maker"
"0.10200","505.00000000","2024-05-24T16:49:02.285Z","b","maker"
"0.10200","171.00000000","2024-05-24T16:49:02.300Z","b","maker"
"0.10200","1837.00000000","2024-05-24T16:49:02.351Z","b","maker"
"0.10200","1972.00000000","2024-05-24T16:49:02.443Z","b","maker"
"0.10200","341.41079940","2024-05-24T16:49:02.560Z","b","maker"
"0.10400","173.00000000","2024-05-24T16:50:29.377Z","b","maker"
"0.10400","173.00000000","2024-05-24T16:50:29.492Z","b","maker"
"0.10400","70.59737051","2024-05-24T16:51:53.145Z","b","maker"
"0.10400","41.40262949","2024-05-24T16:51:53.145Z","b","maker"
"0.10400","776.00000000","2024-05-24T16:51:53.250Z","b","maker"
"0.10400","834.00000000","2024-05-24T16:51:53.252Z","b","maker"
"0.10400","581.00000000","2024-05-24T16:51:53.354Z","b","maker"
"0.10400","256.00000000","2024-05-24T16:51:53.426Z","b","maker"
"0.10400","238.00000000","2024-05-24T16:51:53.428Z","b","maker"
"0.10400","183.00000000","2024-05-24T16:51:53.592Z","b","maker"
"0.10400","322.00000000","2024-05-24T16:51:58.259Z","b","maker"
"0.10400","241.00000000","2024-05-24T16:51:58.260Z","b","maker"
"0.10400","347.00000000","2024-05-24T16:51:58.265Z","b","maker"
"0.10400","56.86953233","2024-05-24T16:51:58.525Z","b","maker"
"0.10500","50.00000000","2024-05-24T16:54:25.996Z","b","maker"
"0.10500","50.50500000","2024-05-24T16:54:25.996Z","b","maker"
"0.10500","51.80000000","2024-05-24T16:54:25.996Z","b","maker"
"0.10600","190.40000000","2024-05-24T16:55:03.942Z","b","maker"
"0.10600","6.29601000","2024-05-24T16:55:03.942Z","b","maker"
"0.10600","184.10399000","2024-05-24T16:55:03.942Z","b","maker"
"0.10600","190.40000000","2024-05-24T16:55:03.942Z","b","maker"
"0.10600","190.40000000","2024-05-24T16:55:03.942Z","b","maker"
"0.10600","126.40000000","2024-05-24T16:55:03.942Z","b","maker"
"0.10600","64.00000000","2024-05-24T16:55:05.740Z","b","maker"
"0.10600","169.00000000","2024-05-24T16:55:05.740Z","b","maker"
"0.10600","21.40000000","2024-05-24T16:55:07.128Z","b","maker"
"0.10600","155.60000000","2024-05-24T16:55:07.128Z","b","maker"
"0.10600","34.80000000","2024-05-24T16:55:16.067Z","b","maker"
"0.10600","190.40000000","2024-05-24T16:55:16.067Z","b","maker"
"0.10600","190.40000000","2024-05-24T16:55:16.067Z","b","maker"
"0.10600","190.40000000","2024-05-24T16:55:16.067Z","b","maker"
"0.10600","77.00000000","2024-05-24T16:55:16.067Z","b","maker"
"0.10600","331.58588262","2024-05-24T16:55:16.071Z","b","maker"
"0.10600","405.41411738","2024-05-24T16:55:16.071Z","b","maker"
"0.10600","683.00000000","2024-05-24T16:55:16.073Z","b","maker"
"0.10600","1.30865489","2024-05-24T16:55:16.334Z","b","maker"
"0.10700","471.00000000","2024-05-24T16:55:43.704Z","b","maker"
"0.10700","469.00000000","2024-05-24T16:55:43.802Z","b","maker"
"0.10700","646.00000000","2024-05-24T16:58:08.565Z","b","maker"
"0.10700","599.00000000","2024-05-24T16:58:08.570Z","b","maker"
"0.10700","599.00000000","2024-05-24T16:58:08.595Z","b","maker"
"0.10700","407.00000000","2024-05-24T16:58:09.372Z","b","maker"
"0.10700","294.00000000","2024-05-24T16:58:09.375Z","b","maker"
"0.10700","377.00000000","2024-05-24T16:58:09.379Z","b","maker"
"0.10700","98.39603960","2024-05-24T16:58:09.636Z","b","maker"
"0.10800","333.33333333","2024-05-24T17:01:27.287Z","b","taker"
"0.10900","228.00000000","2024-05-24T17:02:14.000Z","b","maker"
"0.10900","229.00000000","2024-05-24T17:02:16.421Z","b","maker"
"0.10900","388.00000000","2024-05-24T17:02:35.307Z","b","maker"
"0.10900","419.00000000","2024-05-24T17:02:35.308Z","b","maker"
"0.10900","388.00000000","2024-05-24T17:02:35.322Z","b","maker"
"0.10700","254.90196078","2024-05-24T17:10:29.629Z","s","maker"
"0.10700","175.92592593","2024-05-24T17:10:29.629Z","s","maker"
"0.10600","1000.00000000","2024-05-24T17:10:29.629Z","s","taker"
"0.10700","72.23010204","2024-05-24T17:10:45.044Z","b","maker"
"0.10600","4836.32171013","2024-05-24T17:16:45.242Z","s","maker"
"0.10600","3642.21464994","2024-05-24T17:16:45.246Z","s","maker"
"0.10600","2601.24023164","2024-05-24T17:16:46.965Z","s","maker"
"0.10600","2601.24023164","2024-05-24T17:16:47.658Z","s","maker"
"0.10600","2601.24023164","2024-05-24T17:16:47.670Z","s","maker"
"0.10600","842.62919643","2024-05-24T17:16:48.695Z","s","maker"
"0.10600","3143.00000000","2024-05-24T17:16:48.798Z","s","maker"
"0.10600","2778.00000000","2024-05-24T17:16:48.815Z","s","maker"
"0.10600","444.00000000","2024-05-24T17:16:48.976Z","s","maker"
"0.10600","214.00000000","2024-05-24T17:16:48.983Z","s","maker"
"0.10600","444.00000000","2024-05-24T17:16:49.060Z","s","maker"
"0.10600","273.00000000","2024-05-24T17:16:49.080Z","s","maker"
"0.10600","629.00000000","2024-05-24T17:16:49.086Z","s","maker"
"0.10600","707.00000000","2024-05-24T17:16:49.099Z","s","maker"
"0.10600","386.00000000","2024-05-24T17:16:49.107Z","s","maker"
"0.10600","213.00000000","2024-05-24T17:16:49.248Z","s","maker"
"0.10600","683.00000000","2024-05-24T17:16:49.249Z","s","maker"
"0.10600","604.00000000","2024-05-24T17:16:49.262Z","s","maker"
"0.10600","5375.00000000","2024-05-24T17:16:49.324Z","s","maker"
"0.10600","2778.00000000","2024-05-24T17:16:49.330Z","s","maker"
"0.10600","241.00000000","2024-05-24T17:16:49.343Z","s","maker"
"0.10600","271.00000000","2024-05-24T17:16:49.353Z","s","maker"
"0.10600","1884.00000000","2024-05-24T17:16:49.356Z","s","maker"
"0.10600","2083.00000000","2024-05-24T17:16:49.368Z","s","maker"
"0.10600","191.00000000","2024-05-24T17:16:49.404Z","s","maker"
"0.10600","891.00000000","2024-05-24T17:16:49.434Z","s","maker"
"0.10600","1284.00000000","2024-05-24T17:16:49.509Z","s","maker"
"0.10600","900.00000000","2024-05-24T17:16:49.520Z","s","maker"
"0.10600","1134.00000000","2024-05-24T17:16:49.521Z","s","maker"
"0.10600","214.00000000","2024-05-24T17:16:49.579Z","s","maker"
"0.10600","240.00000000","2024-05-24T17:16:49.583Z","s","maker"
"0.10600","189.00000000","2024-05-24T17:16:49.683Z","s","maker"
"0.10600","2507.00000000","2024-05-24T17:16:49.803Z","s","maker"
"0.10600","1543.00000000","2024-05-24T17:16:49.899Z","s","maker"
"0.10600","1057.00000000","2024-05-24T17:16:50.004Z","s","maker"
"0.10600","838.00000000","2024-05-24T17:16:50.095Z","s","maker"
"0.10600","179.00000000","2024-05-24T17:16:50.099Z","s","maker"
"0.10600","212.00000000","2024-05-24T17:16:50.607Z","s","maker"
"0.10600","115.00000000","2024-05-24T17:16:50.871Z","s","maker"
"0.10600","333.00000000","2024-05-24T17:16:51.202Z","s","maker"
"0.10600","181.00000000","2024-05-24T17:16:51.466Z","s","maker"
"0.10600","859.00000000","2024-05-24T17:16:52.327Z","s","maker"
"0.10600","467.00000000","2024-05-24T17:16:52.589Z","s","maker"
"0.10600","588.00000000","2024-05-24T17:16:52.602Z","s","maker"
"0.10600","256.00000000","2024-05-24T17:16:52.856Z","s","maker"
"0.10600","332.00000000","2024-05-24T17:16:52.939Z","s","maker"
"0.10600","181.00000000","2024-05-24T17:16:53.116Z","s","maker"
"0.10600","228.00000000","2024-05-24T17:16:53.122Z","s","maker"
"0.10600","615.00000000","2024-05-24T17:16:54.046Z","s","maker"
"0.10600","378.00000000","2024-05-24T17:16:54.198Z","s","maker"
"0.10600","358.00000000","2024-05-24T17:16:54.330Z","s","maker"
"0.10600","245.00000000","2024-05-24T17:16:54.466Z","s","maker"
"0.10600","131.00000000","2024-05-24T17:16:54.739Z","s","maker"
"0.10600","317.00000000","2024-05-24T17:16:54.975Z","s","maker"
"0.10600","280.00000000","2024-05-24T17:16:55.077Z","s","maker"
"0.10600","238.00000000","2024-05-24T17:16:55.241Z","s","maker"
"0.10600","189.00000000","2024-05-24T17:16:55.252Z","s","maker"
"0.10600","116.00000000","2024-05-24T17:17:00.430Z","s","maker"
"0.10600","132.00000000","2024-05-24T17:17:00.700Z","s","maker"
"0.10600","662.00000000","2024-05-24T17:17:00.946Z","s","maker"
"0.10600","522.00000000","2024-05-24T17:17:01.034Z","s","maker"
"0.10600","284.00000000","2024-05-24T17:17:01.215Z","s","maker"
"0.10600","358.00000000","2024-05-24T17:17:01.220Z","s","maker"
"0.10600","123.00000000","2024-05-24T17:17:01.936Z","s","maker"
"0.10600","395.00000000","2024-05-24T17:17:03.709Z","s","maker"
"0.10600","215.00000000","2024-05-24T17:17:03.979Z","s","maker"
"0.10600","271.00000000","2024-05-24T17:17:03.988Z","s","maker"
"0.10600","837.00000000","2024-05-24T17:17:06.369Z","s","maker"
"0.10600","664.00000000","2024-05-24T17:17:06.374Z","s","maker"
"0.10600","215.00000000","2024-05-24T17:17:16.459Z","s","maker"
"0.10600","272.00000000","2024-05-24T17:17:16.518Z","s","maker"
"0.10600","580.00000000","2024-05-24T17:17:16.728Z","s","maker"
"0.10600","199.00000000","2024-05-24T17:17:16.740Z","s","maker"
"0.10600","199.00000000","2024-05-24T17:17:16.792Z","s","maker"
"0.10600","548.00000000","2024-05-24T17:17:16.997Z","s","maker"
"0.10600","376.00000000","2024-05-24T17:17:17.054Z","s","maker"
"0.10600","257.00000000","2024-05-24T17:17:17.149Z","s","maker"
"0.10600","140.00000000","2024-05-24T17:17:17.260Z","s","maker"
"0.10600","176.00000000","2024-05-24T17:17:17.265Z","s","maker"
"0.10600","438.00000000","2024-05-24T17:17:18.984Z","s","maker"
"0.10600","588.00000000","2024-05-24T17:17:19.031Z","s","maker"
"0.10600","121.00000000","2024-05-24T17:17:19.034Z","s","maker"
"0.10600","313.00000000","2024-05-24T17:17:19.256Z","s","maker"
"0.10600","568.00000000","2024-05-24T17:17:19.332Z","s","maker"
"0.10600","467.00000000","2024-05-24T17:17:19.524Z","s","maker"
"0.10600","226.00000000","2024-05-24T17:17:19.535Z","s","maker"
"0.10600","197.00000000","2024-05-24T17:17:19.603Z","s","maker"
"0.10600","188.00000000","2024-05-24T17:17:19.793Z","s","maker"
"0.10600","516.00000000","2024-05-24T17:17:19.820Z","s","maker"
"0.10600","346.00000000","2024-05-24T17:17:20.120Z","s","maker"
"0.10600","797.00000000","2024-05-24T17:17:20.393Z","s","maker"
"0.10600","231.00000000","2024-05-24T17:17:20.668Z","s","maker"
"0.10600","175.00000000","2024-05-24T17:17:21.497Z","s","maker"
"0.10600","273.00000000","2024-05-24T17:17:21.771Z","s","maker"
"0.10700","2529.01012960","2024-05-24T17:17:24.673Z","b","maker"
"0.10800","1071.63605040","2024-05-24T17:17:24.673Z","b","maker"
"0.10600","159.52000000","2024-05-24T17:18:10.050Z","s","maker"
"0.10600","6902.00000000","2024-05-24T17:24:15.535Z","s","maker"
"0.10600","6172.00000000","2024-05-24T17:24:15.541Z","s","maker"
"0.10600","742.00000000","2024-05-24T17:24:15.810Z","s","maker"
"0.10600","1399.00000000","2024-05-24T17:24:15.855Z","s","maker"
"0.10600","955.00000000","2024-05-24T17:24:16.083Z","s","maker"
"0.10600","1140.00000000","2024-05-24T17:24:16.097Z","s","maker"
"0.10600","326.77676744","2024-05-24T17:24:16.127Z","s","maker"
"0.10400","332.00000000","2024-05-24T17:40:41.293Z","s","maker"
"0.10400","77.40472877","2024-05-24T17:40:41.298Z","s","maker"
"0.10400","163.26530612","2024-05-24T17:40:41.298Z","s","maker"
"0.10400","91.32996511","2024-05-24T17:40:41.298Z","s","maker"
"0.10400","367.38553489","2024-05-24T17:40:41.306Z","s","maker"
"0.10400","166.64733916","2024-05-24T17:40:41.563Z","s","maker"
"0.10400","166.64733916","2024-05-24T17:40:41.697Z","s","maker"
"0.10400","58.35266084","2024-05-24T17:40:44.872Z","s","maker"
"0.10300","122.93501000","2024-05-24T18:57:13.662Z","s","maker"
"0.10300","458.71550000","2024-05-24T20:45:46.881Z","s","maker"
"0.10300","1552.28450000","2024-05-24T20:45:46.881Z","s","maker"
"0.10300","1541.00000000","2024-05-24T20:45:46.891Z","s","maker"
"0.10300","2018.00000000","2024-05-24T20:45:46.891Z","s","maker"
"0.10300","198.11320755","2024-05-24T20:45:50.785Z","s","maker"
"0.10300","191.88679245","2024-05-24T20:45:50.785Z","s","maker"
"0.10300","390.00000000","2024-05-24T20:45:56.407Z","s","maker"
"0.10300","390.00000000","2024-05-24T20:46:02.677Z","s","maker"
"0.10300","53.44270000","2024-05-24T20:46:30.427Z","s","maker"
"0.10300","390.00000000","2024-05-24T20:46:31.441Z","b","maker"
"0.10300","5893.00000000","2024-05-24T21:24:49.327Z","s","maker"
"0.10300","903.11650485","2024-05-24T21:24:49.599Z","s","maker"
"0.10300","1263.88349515","2024-05-24T21:24:49.599Z","s","maker"
"0.10300","2619.61165048","2024-05-24T21:24:49.602Z","s","maker"
"0.10300","219.38834952","2024-05-24T21:24:49.602Z","s","maker"
"0.10300","2129.00000000","2024-05-24T21:24:49.876Z","s","maker"
"0.10300","1535.10679611","2024-05-24T21:24:49.882Z","s","maker"
"0.10200","383.00000000","2024-05-24T21:24:50.474Z","s","maker"
"0.10300","391.00000000","2024-05-24T21:39:26.806Z","b","maker"
"0.10300","72.23010204","2024-05-24T21:39:26.806Z","b","maker"
"0.10300","163.24153612","2024-05-24T21:41:44.214Z","s","taker"
"0.10200","34.43227247","2024-05-24T22:32:39.852Z","s","maker"
"0.10200","21.52988753","2024-05-24T22:32:39.852Z","s","maker"
"0.10100","254.86378078","2024-05-25T00:01:49.620Z","s","taker"
"0.10200","333.33333333","2024-05-25T00:11:05.681Z","s","taker"
"0.10300","121.81166000","2024-05-25T00:29:20.052Z","b","maker"
"0.10200","166.82308937","2024-05-25T03:27:25.541Z","s","maker"
"0.10100","175.89957593","2024-05-25T03:49:17.540Z","s","taker"
"0.10300","40.00000000","2024-05-25T04:49:31.027Z","b","taker"
"0.10300","40.00000000","2024-05-25T05:50:38.730Z","b","maker"
"0.10300","40.40984854","2024-05-25T05:50:38.733Z","b","maker"
"0.10300","40.27256174","2024-05-25T05:50:40.171Z","b","maker"
"0.10400","416.59746855","2024-05-25T06:34:04.516Z","b","maker"
"0.10400","198.08463755","2024-05-25T06:34:04.516Z","b","maker"
"0.10300","274.50980392","2024-05-25T06:43:47.073Z","s","maker"
"0.10200","340.17230218","2024-05-25T06:44:53.465Z","s","maker"
"0.10200","77.25997029","2024-05-25T06:44:53.477Z","s","maker"
"0.10200","219.14704237","2024-05-25T06:44:53.477Z","s","maker"
"0.10100","218.70874828","2024-05-25T06:59:17.268Z","s","taker"
"0.10100","20.61213000","2024-05-25T08:50:41.877Z","s","maker"
"0.10200","1424.06015607","2024-05-25T09:11:19.743Z","b","maker"
"0.10100","419.63853728","2024-05-25T09:35:39.800Z","s","maker"
"0.10100","198.00000000","2024-05-25T09:35:39.800Z","s","maker"
"0.10100","198.00000000","2024-05-25T09:35:39.800Z","s","maker"
"0.10100","70.08465346","2024-05-25T09:35:39.800Z","s","maker"
"0.10100","2401.86954800","2024-05-25T09:35:39.800Z","s","maker"
"0.10100","24.58700000","2024-05-25T10:40:39.368Z","s","maker"
"0.10200","70.08465346","2024-05-25T11:10:06.779Z","b","maker"
"0.10200","237.33148654","2024-05-25T11:10:06.779Z","b","maker"
"0.10200","37.13873738","2024-05-25T11:10:15.429Z","b","maker"
"0.10200","933.86126262","2024-05-25T11:10:15.429Z","b","maker"
"0.10100","227.72277228","2024-05-25T11:54:56.834Z","s","maker"
"0.10100","277.22772277","2024-05-25T11:54:56.834Z","s","maker"
"0.10100","26.01014495","2024-05-25T11:54:56.834Z","s","maker"
"0.10200","277.18852277","2024-05-25T12:45:32.310Z","b","maker"
"0.10300","227.69057228","2024-05-25T12:45:32.892Z","b","maker"
"0.10200","392.00000000","2024-05-25T12:50:06.493Z","s","maker"
"0.10100","15.84768000","2024-05-25T14:43:22.487Z","s","maker"
"0.10200","98.34800951","2024-05-25T15:23:33.138Z","s","taker"
"0.10100","205.88235294","2024-05-25T16:50:35.474Z","s","maker"
"0.10100","69.39754901","2024-05-25T16:50:35.474Z","s","maker"
"0.10000","425.78091792","2024-05-25T16:50:35.474Z","s","maker"
"0.10000","497.31360337","2024-05-25T16:50:35.474Z","s","maker"
"0.10000","796.80000000","2024-05-25T16:50:35.474Z","s","maker"
"0.09900","82.00000000","2024-05-25T16:50:35.474Z","s","maker"
"0.09900","1127.19828330","2024-05-25T16:50:35.474Z","s","maker"
"0.09800","225.62729346","2024-05-25T16:50:35.474Z","s","maker"
"0.10200","175.00000000","2024-05-25T17:03:12.332Z","b","maker"
"0.10200","180.00000000","2024-05-25T17:03:12.338Z","b","maker"
"0.10200","69.92931793","2024-05-25T17:03:12.342Z","b","maker"
"0.10200","82.00000000","2024-05-25T17:03:12.342Z","b","maker"
"0.10200","23.07068207","2024-05-25T17:03:12.342Z","b","maker"
"0.10200","46.32686694","2024-05-25T17:03:12.562Z","b","maker"
"0.10300","970.87378640","2024-05-25T17:30:22.765Z","s","maker"
"0.10200","15.84768000","2024-05-25T21:47:17.395Z","s","maker"