"price","volume","timestamp","type"
"0.0293200","3728.752","2024-05-26T18:05:46.000Z","ask"
"0.0293300","125419.466","2024-05-26T18:05:46.000Z","ask"
"0.0293400","88422.093","2024-05-26T18:05:41.000Z","ask"
"0.0293500","55008.699","2024-05-26T18:05:44.000Z","ask"
"0.0293700","20578.843","2024-05-26T18:05:26.000Z","ask"
"0.0293800","85113.181","2024-05-26T18:04:07.000Z","ask"
"0.0294000","55996.000","2024-05-26T18:04:06.000Z","ask"
"0.0294100","85030.441","2024-05-26T18:03:50.000Z","ask"
"0.0294200","19818.900","2024-05-26T18:04:06.000Z","ask"
"0.0294900","84798.996","2024-05-26T18:04:03.000Z","ask"
"0.0295700","169105.450","2024-05-26T18:03:50.000Z","ask"
"0.0296300","168766.872","2024-05-26T17:58:30.000Z","ask"
"0.0296600","515.903","2024-05-26T16:17:26.000Z","ask"
"0.0296700","1406.514","2024-05-26T15:40:09.000Z","ask"
"0.0297700","335961.819","2024-05-26T18:02:03.000Z","ask"
"0.0298300","931.663","2024-05-26T08:36:28.000Z","ask"
"0.0300800","1387.494","2024-05-26T08:03:39.000Z","ask"
"0.0302100","374.400","2024-05-26T04:49:05.000Z","ask"
"0.0302700","918.188","2024-05-26T04:31:16.000Z","ask"
"0.0303400","912.012","2024-05-26T01:49:08.000Z","ask"
"0.0304900","1368.525","2024-05-26T01:25:21.000Z","ask"
"0.0307100","904.797","2024-05-25T05:33:06.000Z","ask"
"0.0309100","1350.068","2024-05-24T03:46:10.000Z","ask"
"0.0310600","489.046","2024-05-24T04:50:07.000Z","ask"
"0.0310800","1369.048","2024-05-26T17:34:56.000Z","ask"
"0.0310900","67594.201","2024-05-26T18:04:43.000Z","ask"
"0.0311100","400.000","2024-05-26T14:24:43.000Z","ask"
"0.0311200","554.991","2024-05-26T17:56:10.000Z","ask"
"0.0311300","88349.225","2024-05-26T15:19:51.000Z","ask"
"0.0311400","74422.390","2024-05-26T07:16:57.000Z","ask"
"0.0311500","76991.325","2024-05-26T17:09:14.000Z","ask"
"0.0311700","891.500","2024-05-23T13:34:43.000Z","ask"
"0.0313400","1331.670","2024-05-23T12:56:21.000Z","ask"
"0.0315500","555.196","2024-05-26T17:56:04.000Z","ask"
"0.0316400","878.305","2024-05-26T07:48:22.000Z","ask"
"0.0316500","1568.721","2024-05-26T17:34:56.000Z","ask"
"0.0316600","23426.904","2024-05-26T18:04:43.000Z","ask"
"0.0316700","8676.631","2024-05-26T07:52:35.000Z","ask"
"0.0317400","871.647","2024-05-23T07:56:11.000Z","ask"
"0.0317600","1313.767","2024-05-23T07:43:20.000Z","ask"
"0.0320200","1362.573","2024-05-23T23:51:35.000Z","ask"
"0.0321000","554.173","2024-05-26T17:56:11.000Z","ask"
"0.0321100","1829.594","2024-05-25T12:13:42.000Z","ask"
"0.0322000","1295.929","2024-05-23T04:46:04.000Z","ask"
"0.0324500","322.000","2024-05-26T03:28:55.000Z","ask"
"0.0325900","852.787","2024-05-25T17:25:31.000Z","ask"
"0.0326500","1278.171","2024-05-25T05:16:32.000Z","ask"
"0.0330700","840.447","2024-05-25T06:03:49.000Z","ask"
"0.0331000","1260.893","2024-05-23T23:32:19.000Z","ask"
"0.0335500","1243.699","2024-05-23T05:15:49.000Z","ask"
"0.0335700","827.956","2024-05-21T18:37:35.000Z","ask"
"0.0336500","333.499","2024-05-26T17:18:27.000Z","ask"
"0.0340100","1226.968","2024-05-21T06:50:18.000Z","ask"
"0.0340600","815.831","2024-05-21T04:35:15.000Z","ask"
"0.0342100","1111.112","2024-05-22T16:20:55.000Z","ask"
"0.0344800","1210.324","2024-04-29T15:17:15.000Z","ask"
"0.0345600","804.057","2024-04-29T12:32:08.000Z","ask"
"0.0345900","1471.454","2024-05-21T11:24:52.000Z","ask"
"0.0349600","1193.778","2024-04-29T17:47:47.000Z","ask"
"0.0350800","792.157","2024-05-14T21:25:58.000Z","ask"
"0.0351000","1448.376","2024-04-28T08:41:31.000Z","ask"
"0.0354400","1177.678","2024-05-14T22:04:36.000Z","ask"
"0.0356000","780.604","2024-04-28T23:35:31.000Z","ask"
"0.0356300","1428.572","2024-05-14T21:28:17.000Z","ask"
"0.0359200","1161.678","2024-05-15T02:04:14.000Z","ask"
"0.0361300","769.167","2024-04-26T16:07:48.000Z","ask"
"0.0361600","1407.658","2024-04-28T21:09:41.000Z","ask"
"0.0363700","760.861","2024-04-28T23:50:31.000Z","ask"
"0.0364100","1146.107","2024-05-15T06:38:15.000Z","ask"
"0.0366700","757.849","2024-05-15T03:48:51.000Z","ask"
"0.0367000","1386.963","2024-05-14T18:47:51.000Z","ask"
"0.0367800","656.000","2024-05-21T23:02:29.000Z","ask"
"0.0369100","749.530","2024-04-28T20:32:08.000Z","ask"
"0.0369200","1130.324","2024-04-26T15:16:46.000Z","ask"
"0.0370000","378.000","2024-05-04T17:48:04.000Z","ask"
"0.0372200","746.655","2024-05-01T17:04:20.000Z","ask"
"0.0372500","1364.854","2024-05-14T23:29:38.000Z","ask"
"0.0374200","1115.274","2024-05-16T10:26:01.000Z","ask"
"0.0377800","735.589","2024-05-15T06:39:17.000Z","ask"
"0.0379400","1100.029","2024-04-28T04:40:51.000Z","ask"
"0.0380500","727.267","2024-04-26T14:53:22.000Z","ask"
"0.0383500","724.654","2024-04-26T14:45:50.000Z","ask"
"0.0384600","1085.195","2024-04-26T14:39:44.000Z","ask"
"0.0389200","715.040","2024-04-26T14:37:26.000Z","ask"
"0.0389800","1072.622","2024-05-15T02:07:21.000Z","ask"
"0.0392200","705.555","2024-05-14T23:28:51.000Z","ask"
"0.0395000","704.536","2024-05-14T23:57:23.000Z","ask"
"0.0395200","1057.997","2024-05-14T20:59:17.000Z","ask"
"0.0398200","694.911","2024-04-09T07:24:31.000Z","ask"
"0.0399800","21635.898","2024-05-26T18:04:43.000Z","ask"
"0.0400000","15692.521","2024-05-25T00:03:25.000Z","ask"
"0.0400600","1041.677","2024-03-29T15:26:00.000Z","ask"
"0.0400900","693.188","2024-05-15T10:05:47.000Z","ask"
"0.0406100","1027.593","2024-05-14T19:57:18.000Z","ask"
"0.0406900","682.955","2024-05-15T05:40:22.000Z","ask"
"0.0410000","305807.452","2024-05-21T14:21:59.000Z","ask"
"0.0411100","1432.000","2024-05-18T22:58:33.000Z","ask"
"0.0411700","1013.635","2024-03-29T05:57:24.000Z","ask"
"0.0413000","672.855","2024-03-29T05:22:20.000Z","ask"
"0.0417300","6462.089","2024-04-01T05:52:26.000Z","ask"
"0.0293100","17059.025","2024-05-26T18:05:48.000Z","bid"
"0.0293000","79917.198","2024-05-26T18:05:48.000Z","bid"
"0.0292900","103665.071","2024-05-26T18:05:48.000Z","bid"
"0.0292800","114067.371","2024-05-26T18:05:48.000Z","bid"
"0.0292700","62853.552","2024-05-26T18:05:37.000Z","bid"
"0.0292600","14486.839","2024-05-26T18:05:29.000Z","bid"
"0.0292500","22690.773","2024-05-26T18:04:56.000Z","bid"
"0.0292400","85473.784","2024-05-26T18:04:25.000Z","bid"
"0.0292300","68396.528","2024-05-26T18:04:52.000Z","bid"
"0.0292100","140340.043","2024-05-26T18:04:56.000Z","bid"
"0.0291600","85727.101","2024-05-26T18:04:03.000Z","bid"
"0.0290800","5664.834","2024-05-26T18:05:39.000Z","bid"
"0.0290700","6313.622","2024-05-26T18:02:02.000Z","bid"
"0.0290600","172046.370","2024-05-26T17:58:41.000Z","bid"
"0.0290100","172341.554","2024-05-26T18:03:52.000Z","bid"
"0.0289300","345626.014","2024-05-26T17:56:10.000Z","bid"
"0.0289000","10726.610","2024-05-26T18:03:22.000Z","bid"
"0.0288700","946.865","2024-05-26T17:17:39.000Z","bid"
"0.0288300","27050.961","2024-05-26T16:41:15.000Z","bid"
"0.0287900","1428.424","2024-05-26T16:30:50.000Z","bid"
"0.0285600","6775.389","2024-05-26T17:56:45.000Z","bid"
"0.0284500","280.000","2024-05-26T17:19:55.000Z","bid"
"0.0284400","961.181","2024-05-26T14:49:31.000Z","bid"
"0.0284000","1448.039","2024-05-26T14:28:13.000Z","bid"
"0.0282900","322.000","2024-05-26T00:18:23.000Z","bid"
"0.0281800","6866.753","2024-05-26T17:56:38.000Z","bid"
"0.0280400","7757.306","2024-05-26T18:03:55.000Z","bid"
"0.0280300","5664.913","2024-05-26T18:04:33.000Z","bid"
"0.0280100","1468.201","2024-05-26T15:55:33.000Z","bid"
"0.0278900","356.000","2024-05-26T15:02:31.000Z","bid"
"0.0278700","38732.462","2024-05-26T18:01:52.000Z","bid"
"0.0278600","2961.672","2024-05-26T18:04:36.000Z","bid"
"0.0278500","6948.119","2024-05-26T17:56:12.000Z","bid"
"0.0278400","5500.000","2024-05-26T17:37:26.000Z","bid"
"0.0276300","2472.033","2024-05-26T13:31:16.000Z","bid"
"0.0276200","989.717","2024-05-26T08:32:16.000Z","bid"
"0.0273100","3750.000","2024-05-26T08:40:28.000Z","bid"
"0.0272900","771.345","2024-05-26T18:04:30.000Z","bid"
"0.0272700","500.000","2024-05-26T17:53:57.000Z","bid"
"0.0272600","48440.108","2024-05-26T18:05:04.000Z","bid"
"0.0272500","870.643","2024-05-26T17:23:38.000Z","bid"
"0.0272100","2003.452","2024-05-26T02:05:01.000Z","bid"
"0.0268900","1529.354","2024-05-26T00:41:29.000Z","bid"
"0.0268100","1019.619","2024-05-26T04:04:39.000Z","bid"
"0.0268000","1014.103","2024-05-26T07:42:59.000Z","bid"
"0.0266800","5750.000","2024-05-26T07:18:42.000Z","bid"
"0.0266700","500.000","2024-05-26T07:49:00.000Z","bid"
"0.0265200","1550.691","2024-05-26T16:09:33.000Z","bid"
"0.0264200","1034.670","2024-05-26T18:03:44.000Z","bid"
"0.0263700","697.874","2024-05-26T18:05:44.000Z","bid"
"0.0263400","2750.000","2024-05-26T17:35:26.000Z","bid"
"0.0261700","1571.430","2024-05-26T13:52:19.000Z","bid"
"0.0260300","1050.172","2024-05-23T14:41:56.000Z","bid"
"0.0258100","1593.348","2024-05-24T10:09:06.000Z","bid"
"0.0256900","801.869","2024-05-26T16:26:46.000Z","bid"
"0.0256700","1327.231","2024-05-26T16:20:48.000Z","bid"
"0.0256500","1065.731","2024-05-24T10:08:59.000Z","bid"
"0.0256400","41396.640","2024-05-26T14:17:19.000Z","bid"
"0.0254600","1615.252","2024-05-24T10:09:52.000Z","bid"
"0.0252800","1081.329","2024-05-24T18:55:41.000Z","bid"
"0.0251700","4500.000","2024-05-26T16:59:39.000Z","bid"
"0.0251200","1637.115","2024-05-24T08:29:04.000Z","bid"
"0.0251100","250.000","2024-05-24T17:50:31.000Z","bid"
"0.0249100","1097.390","2024-05-24T08:31:23.000Z","bid"
"0.0247800","1659.577","2024-05-24T08:30:28.000Z","bid"
"0.0245400","1113.936","2024-05-23T20:03:31.000Z","bid"
"0.0244700","1110.664","2024-05-23T20:04:38.000Z","bid"
"0.0244400","1682.664","2024-05-23T14:42:16.000Z","bid"
"0.0241800","1130.521","2024-05-26T10:22:16.000Z","bid"
"0.0241100","1705.696","2024-05-26T10:23:42.000Z","bid"
"0.0240100","1419.826","2024-05-26T16:22:00.000Z","bid"
"0.0240000","208333.334","2024-05-23T14:47:41.000Z","bid"
"0.0238300","1147.125","2024-05-24T12:20:16.000Z","bid"
"0.0238000","6504.198","2024-05-23T14:56:03.000Z","bid"
"0.0237800","1729.366","2024-05-23T14:42:14.000Z","bid"
"0.0234800","1164.224","2024-05-23T15:44:42.000Z","bid"
"0.0234600","1752.955","2024-05-23T16:24:31.000Z","bid"
"0.0233100","45536.304","2024-05-26T14:17:20.000Z","bid"
"0.0231400","1777.196","2024-05-26T00:53:59.000Z","bid"
"0.0228300","1801.328","2024-05-24T18:31:52.000Z","bid"
"0.0227200","667.254","2024-05-26T17:01:29.000Z","bid"
"0.0226500","677.705","2024-05-26T18:00:46.000Z","bid"
"0.0226400","325814.582","2024-05-26T18:00:18.000Z","bid"
"0.0225200","1826.124","2024-05-26T14:31:27.000Z","bid"
"0.0222100","1851.613","2024-05-23T20:30:00.000Z","bid"
"0.0220100","2847.343","2024-05-26T15:38:08.000Z","bid"
"0.0220000","200000.000","2024-05-26T08:16:16.000Z","bid"
"0.0219100","1876.966","2024-05-23T20:17:43.000Z","bid"
"0.0216100","1903.023","2024-05-23T14:42:00.000Z","bid"
"0.0213200","1928.908","2024-05-24T14:14:25.000Z","bid"
"0.0210300","1955.507","2024-05-24T00:29:20.000Z","bid"
"0.0210000","9523.810","2024-05-26T08:16:16.000Z","bid"
"0.0207500","1981.895","2024-05-24T09:00:00.000Z","bid"
"0.0206000","19417.476","2024-05-26T12:43:11.000Z","bid"
"0.0204700","2009.004","2024-05-23T19:58:55.000Z","bid"
"0.0204000","66747.372","2024-05-26T14:17:21.000Z","bid"
"0.0201900","2036.866","2024-05-23T14:42:31.000Z","bid"
"0.0200000","240400.000","2024-05-26T12:43:11.000Z","bid"
"0.0199100","2065.511","2024-05-23T20:05:49.000Z","bid"
"0.0196500","2092.841","2024-02-14T03:31:51.000Z","bid"