"price","volume","time","side","orderType"
"0.0316800","4040.90321647","2024-05-22T00:13:34.068Z","b","taker"
"0.0316800","8973.27839808","2024-05-22T00:13:36.258Z","b","taker"
"0.0317000","4319.83970203","2024-05-22T00:13:53.886Z","b","taker"
"0.0317000","4853.80938786","2024-05-22T00:13:55.059Z","b","taker"
"0.0316900","670.01331594","2024-05-22T00:13:58.163Z","b","taker"
"0.0316900","2658.22283929","2024-05-22T00:13:58.859Z","b","taker"
"0.0316900","7848.94213958","2024-05-22T00:14:00.560Z","b","taker"
"0.0317000","2093.63140473","2024-05-22T00:14:03.845Z","b","taker"
"0.0316900","2494.45874236","2024-05-22T00:14:04.503Z","b","taker"
"0.0316900","3476.93596924","2024-05-22T00:14:05.123Z","b","taker"
"0.0316900","4740.79975212","2024-05-22T00:14:08.531Z","b","taker"
"0.0317000","4505.81602150","2024-05-22T00:14:21.041Z","b","taker"
"0.0317000","377.79099051","2024-05-22T00:14:21.041Z","b","taker"
"0.0317000","4550.32200914","2024-05-22T00:14:21.763Z","b","taker"
"0.0317000","640.11511753","2024-05-22T00:14:21.763Z","b","taker"
"0.0317100","1924.17948532","2024-05-22T00:14:27.238Z","b","taker"
"0.0317100","687.90710260","2024-05-22T00:14:31.877Z","b","taker"
"0.0317100","1459.87775417","2024-05-22T00:14:34.632Z","b","taker"
"0.0316700","1298.52562527","2024-05-22T00:15:03.739Z","s","maker"
"0.0317400","630.98282315","2024-05-22T00:17:24.805Z","b","taker"
"0.0317300","7620.48332743","2024-05-22T00:19:51.208Z","b","taker"
"0.0317600","15744.85231127","2024-05-22T00:41:51.337Z","b","maker"
"0.0317700","4079.34318163","2024-05-22T00:41:51.337Z","b","maker"
"0.0317700","9825.40450710","2024-05-22T00:41:51.337Z","b","maker"
"0.0317500","1756.95516000","2024-05-22T00:54:02.107Z","b","maker"
"0.0316900","4669.42232463","2024-05-22T01:01:45.329Z","b","taker"
"0.0317000","2251.35441960","2024-05-22T02:02:08.277Z","b","taker"
"0.0315400","866.70814628","2024-05-22T02:59:22.879Z","s","maker"
"0.0315400","6850.40383873","2024-05-22T03:01:33.909Z","b","taker"
"0.0314300","15909.79583049","2024-05-22T03:05:17.560Z","b","taker"
"0.0314400","15903.56169082","2024-05-22T03:05:17.560Z","b","taker"
"0.0314400","21365.52587845","2024-05-22T03:05:17.560Z","b","taker"
"0.0314300","15910.19276064","2024-05-22T03:05:23.255Z","b","taker"
"0.0314300","4708.39212548","2024-05-22T03:05:23.255Z","b","taker"
"0.0314300","3911.01209889","2024-05-22T03:05:49.312Z","b","taker"
"0.0313900","570.30338000","2024-05-22T03:33:01.942Z","s","maker"
"0.0313500","5714.28571428","2024-05-22T03:38:03.971Z","b","taker"
"0.0313500","15948.88348527","2024-05-22T03:38:35.969Z","s","taker"
"0.0313400","9051.11651473","2024-05-22T03:38:35.969Z","s","taker"
"0.0313700","1073.02726349","2024-05-22T04:06:25.636Z","b","taker"
"0.0313700","3309.31213904","2024-05-22T04:10:06.942Z","b","taker"
"0.0313300","20624.19414742","2024-05-22T04:11:14.243Z","b","taker"
"0.0312700","1095.94342291","2024-05-22T04:24:04.578Z","b","taker"
"0.0312500","9617.48750944","2024-05-22T04:26:53.541Z","b","taker"
"0.0312400","1316.39905737","2024-05-22T04:27:26.397Z","s","maker"
"0.0311800","871.64674535","2024-05-22T04:28:25.600Z","s","maker"
"0.0311600","2518.96109932","2024-05-22T04:28:49.529Z","b","taker"
"0.0311600","4932.16662301","2024-05-22T04:29:58.253Z","b","taker"
"0.0310800","879.53587303","2024-05-22T04:35:19.875Z","s","maker"
"0.0310400","9044.14544512","2024-05-22T04:35:41.376Z","b","taker"
"0.0310400","7066.44051256","2024-05-22T04:35:42.254Z","b","taker"
"0.0310400","848.16969745","2024-05-22T04:35:42.254Z","b","taker"
"0.0310500","670.15255905","2024-05-22T04:36:16.402Z","b","taker"
"0.0310400","4730.82984396","2024-05-22T04:36:24.353Z","b","taker"
"0.0310200","16118.69383791","2024-05-22T04:36:27.620Z","b","taker"
"0.0310300","11968.27584877","2024-05-22T04:36:27.620Z","b","taker"
"0.0310300","4030.99826116","2024-05-22T04:36:33.099Z","b","taker"
"0.0310200","3586.35236341","2024-05-22T04:36:46.596Z","b","taker"
"0.0310200","1256.66876184","2024-05-22T04:36:46.596Z","b","taker"
"0.0310200","2089.71227858","2024-05-22T04:36:56.642Z","b","taker"
"0.0310400","5181.56434391","2024-05-22T04:37:07.881Z","b","taker"
"0.0310300","250.00000000","2024-05-22T04:37:35.915Z","b","taker"
"0.0309900","1879.89553959","2024-05-22T04:40:32.411Z","b","taker"
"0.0309900","6618.67673558","2024-05-22T04:40:32.411Z","b","taker"
"0.0309600","7596.52395881","2024-05-22T04:40:40.616Z","b","taker"
"0.0309400","2749.23394984","2024-05-22T04:41:18.866Z","b","taker"
"0.0309800","3877.75589200","2024-05-22T04:42:22.384Z","b","taker"
"0.0310100","4655.52251458","2024-05-22T04:42:49.431Z","b","taker"
"0.0310200","1462.08486892","2024-05-22T04:43:10.485Z","b","taker"
"0.0308200","1334.33830474","2024-05-22T04:45:42.579Z","s","maker"
"0.0308400","250.00000000","2024-05-22T04:46:41.749Z","b","taker"
"0.0310100","692.93051995","2024-05-22T04:47:07.563Z","b","taker"
"0.0311300","964.09917445","2024-05-22T05:02:24.859Z","b","maker"
"0.0311700","512.71016000","2024-05-22T05:16:16.229Z","b","maker"
"0.0313400","1331.66962856","2024-05-22T05:38:50.203Z","b","maker"
"0.0313700","62853.55122564","2024-05-22T07:33:11.084Z","s","maker"
"0.0313600","3812.44877436","2024-05-22T07:33:11.084Z","s","maker"
"0.0311900","2256.57460225","2024-05-22T08:06:17.974Z","b","taker"
"0.0312000","16025.64102564","2024-05-22T09:25:52.404Z","b","maker"
"0.0310900","5539.14770022","2024-05-22T09:45:14.884Z","s","maker"
"0.0310900","1246.08942000","2024-05-22T09:47:32.054Z","b","maker"
"0.0310100","5802.20988216","2024-05-22T10:01:53.512Z","b","taker"
"0.0313800","12239.35010962","2024-05-22T10:44:06.531Z","b","maker"
"0.0313800","2405.76687805","2024-05-22T10:44:06.531Z","b","maker"
"0.0312500","5039.37007874","2024-05-22T11:26:41.266Z","s","maker"
"0.0312800","4844.43903000","2024-05-22T11:30:02.704Z","s","maker"
"0.0308200","1334.33830474","2024-05-22T12:36:30.295Z","s","maker"
"0.0307800","2036.48042553","2024-05-22T12:37:29.070Z","b","taker"
"0.0307200","16276.36212258","2024-05-22T12:41:55.554Z","b","taker"
"0.0307200","4662.66093283","2024-05-22T12:41:55.554Z","b","taker"
"0.0307400","1538.86780476","2024-05-22T12:42:07.879Z","b","taker"
"0.0307100","3323.78959894","2024-05-22T12:42:14.758Z","b","taker"
"0.0306800","3901.81469439","2024-05-22T12:42:20.648Z","b","taker"
"0.0306600","324.67532467","2024-05-22T12:42:20.649Z","s","taker"
"0.0306800","1076.09938486","2024-05-22T12:42:24.878Z","b","taker"
"0.0306600","9659.99429717","2024-05-22T12:42:29.926Z","b","taker"
"0.0306600","2978.31426030","2024-05-22T12:42:55.027Z","b","taker"
"0.0306600","627.89246707","2024-05-22T12:43:08.063Z","b","taker"
"0.0307100","4310.89407744","2024-05-22T12:43:19.967Z","b","taker"
"0.0307900","424.68195262","2024-05-22T12:44:35.616Z","b","taker"
"0.0307900","2831.58636389","2024-05-22T12:44:35.616Z","b","taker"
"0.0306200","892.74901808","2024-05-22T12:51:04.277Z","s","maker"
"0.0305100","18567.14208964","2024-05-22T12:52:43.211Z","s","maker"
"0.0305100","4953.70484638","2024-05-22T12:53:00.021Z","b","taker"
"0.0305200","1877.90366601","2024-05-22T12:53:00.021Z","b","taker"
"0.0306800","16299.18318815","2024-05-22T12:54:24.376Z","b","maker"
"0.0306700","16306.63401376","2024-05-22T12:54:26.396Z","b","maker"
"0.0306700","24454.02398531","2024-05-22T12:54:26.396Z","b","maker"
"0.0306900","16078.34200093","2024-05-22T12:54:26.396Z","b","maker"
"0.0306000","895.48404000","2024-05-22T12:57:25.232Z","b","maker"
"0.0305600","1118.60764523","2024-05-22T12:58:48.093Z","b","taker"
"0.0305300","16381.04627428","2024-05-22T12:59:04.444Z","b","taker"
"0.0305400","1449.08324543","2024-05-22T12:59:04.444Z","b","taker"
"0.0305400","2752.74759210","2024-05-22T12:59:04.444Z","b","taker"
"0.0306100","16337.58532334","2024-05-22T13:00:15.372Z","b","taker"
"0.0306100","10440.05778705","2024-05-22T13:00:15.372Z","b","taker"
"0.0306200","26328.86010237","2024-05-22T13:00:15.372Z","b","taker"
"0.0306100","2270.77781595","2024-05-22T13:00:22.965Z","b","taker"
"0.0306100","2644.27623499","2024-05-22T13:00:22.965Z","b","taker"
"0.0306200","2510.21325178","2024-05-22T13:00:35.461Z","b","taker"
"0.0306500","16314.55435845","2024-05-22T13:06:47.881Z","b","maker"
"0.0306400","16319.20328837","2024-05-22T13:06:49.907Z","b","maker"
"0.0306500","16270.79671163","2024-05-22T13:06:49.907Z","b","maker"
"0.0311000","1585.48709000","2024-05-22T14:38:25.361Z","b","maker"
"0.0311700","891.49916831","2024-05-22T14:52:37.324Z","b","maker"
"0.0312000","327.26151000","2024-05-22T14:53:02.541Z","s","maker"
"0.0311400","327.26151000","2024-05-22T14:53:33.208Z","s","maker"
"0.0311500","113.93337000","2024-05-22T15:01:26.075Z","b","maker"
"0.0309300","11241.17187900","2024-05-22T15:20:49.102Z","s","maker"
"0.0309000","11244.47891095","2024-05-22T15:20:49.135Z","s","maker"
"0.0308900","6457.14500816","2024-05-22T15:20:49.135Z","s","maker"
"0.0311800","4008.98011546","2024-05-22T15:35:46.326Z","b","taker"
"0.0313400","1331.66962857","2024-05-22T15:44:10.125Z","b","maker"
"0.0314000","53106.50321276","2024-05-22T15:54:22.278Z","s","taker"
"0.0312700","3191.55740326","2024-05-22T15:58:57.801Z","s","taker"
"0.0312600","21752.47841381","2024-05-22T15:58:57.801Z","s","taker"
"0.0311200","1285.34704370","2024-05-22T16:04:20.578Z","s","maker"
"0.0313100","363.33148872","2024-05-22T16:13:35.943Z","s","maker"
"0.0311900","379.91994000","2024-05-22T16:32:58.208Z","s","maker"
"0.0313100","20582.87711181","2024-05-22T17:20:47.884Z","s","taker"
"0.0310900","9635.87701901","2024-05-22T17:46:16.186Z","s","maker"
"0.0308900","10000.00000000","2024-05-22T18:13:24.365Z","s","maker"
"0.0309400","478.68832000","2024-05-22T18:15:33.111Z","b","maker"
"0.0308900","9705.59689420","2024-05-22T18:20:23.686Z","b","maker"
"0.0308200","1334.33830474","2024-05-22T18:21:14.579Z","s","maker"
"0.0308000","435.93699000","2024-05-22T18:32:47.123Z","s","maker"
"0.0306200","892.74901808","2024-05-22T18:37:42.744Z","s","maker"
"0.0305700","20589.67697160","2024-05-22T20:35:31.040Z","b","taker"
"0.0305700","3948.01808865","2024-05-22T20:35:31.725Z","b","taker"
"0.0305800","49626.27346410","2024-05-22T20:35:31.725Z","b","taker"
"0.0305000","22072.25643333","2024-05-22T20:41:04.958Z","s","maker"
"0.0305000","15982.59843424","2024-05-22T20:41:04.958Z","s","maker"
"0.0304700","4022.66011546","2024-05-22T20:41:45.056Z","b","taker"
"0.0304500","3884.10123230","2024-05-22T20:41:45.056Z","s","taker"
"0.0304400","322.22753482","2024-05-22T20:41:45.056Z","s","taker"
"0.0304900","12911.67384013","2024-05-22T20:42:11.912Z","b","taker"
"0.0305900","55000.00000000","2024-05-22T21:10:53.821Z","s","maker"
"0.0309500","5001.59608000","2024-05-22T21:38:52.014Z","s","maker"
"0.0309400","5001.59606000","2024-05-22T21:39:38.601Z","s","maker"
"0.0310500","844.97000000","2024-05-22T22:01:06.620Z","s","maker"
"0.0310700","12911.67384013","2024-05-22T22:15:01.088Z","s","taker"
"0.0308500","1715.19503000","2024-05-22T22:37:53.936Z","b","maker"
"0.0307600","13222.47194343","2024-05-22T23:08:28.559Z","s","maker"
"0.0307700","157.43222000","2024-05-22T23:10:50.110Z","b","maker"
"0.0308000","152.45072000","2024-05-22T23:12:09.660Z","b","maker"
"0.0307100","1919.90101000","2024-05-22T23:17:39.735Z","b","maker"
"0.0308700","50000.00000000","2024-05-23T00:03:25.029Z","b","maker"
"0.0309800","12887.57554360","2024-05-23T00:15:27.275Z","b","maker"
"0.0310000","24889.60000000","2024-05-23T00:15:27.275Z","b","maker"
"0.0310200","5116.25720074","2024-05-23T00:15:27.290Z","b","maker"
"0.0310300","25666.10000000","2024-05-23T00:15:27.290Z","b","maker"
"0.0310300","4598.11761306","2024-05-23T00:15:27.291Z","b","maker"
"0.0311500","9096.10272873","2024-05-23T00:15:27.291Z","b","maker"
"0.0311600","2409.88114317","2024-05-23T00:15:27.291Z","b","maker"
"0.0311700","891.49916831","2024-05-23T00:15:27.291Z","b","maker"
"0.0312500","2397.66266080","2024-05-23T00:15:27.881Z","b","maker"
"0.0310500","4628.61628558","2024-05-23T01:01:05.335Z","s","maker"
"0.0310500","250.00000000","2024-05-23T01:01:05.335Z","s","maker"
"0.0310500","16102.89219874","2024-05-23T01:01:05.335Z","s","maker"
"0.0310400","12627.29151568","2024-05-23T01:01:05.335Z","s","maker"
"0.0310400","3479.10305726","2024-05-23T01:01:05.335Z","s","maker"
"0.0310300","32885.19694274","2024-05-23T01:01:05.335Z","s","maker"
"0.0310400","5758.46167651","2024-05-23T01:01:05.339Z","s","maker"
"0.0310300","15442.06714792","2024-05-23T01:01:05.341Z","s","maker"
"0.0310300","18039.73285208","2024-05-23T01:01:05.341Z","s","maker"
"0.0310200","13406.55902799","2024-05-23T01:01:05.348Z","s","maker"
"0.0309900","8733.84944317","2024-05-23T01:01:05.361Z","s","maker"
"0.0310000","24196.12707506","2024-05-23T01:01:22.052Z","b","maker"
"0.0310000","250.00000000","2024-05-23T01:01:22.052Z","b","maker"
"0.0311600","24069.31964056","2024-05-23T01:39:03.771Z","b","maker"
"0.0311700","2454.98035944","2024-05-23T01:39:03.771Z","b","maker"
"0.0311700","3573.70121686","2024-05-23T01:39:03.771Z","b","maker"
"0.0311700","21800.99878314","2024-05-23T01:39:03.771Z","b","maker"
"0.0311700","2264.56573966","2024-05-23T01:39:03.771Z","b","maker"
"0.0311800","25976.03426034","2024-05-23T01:39:03.771Z","b","maker"
"0.0311800","8074.79274681","2024-05-23T01:39:03.786Z","b","maker"
"0.0311900","14012.66782772","2024-05-23T01:39:03.786Z","b","maker"
"0.0313000","1125.54855320","2024-05-23T01:39:03.797Z","b","maker"
"0.0312800","4468.90406882","2024-05-23T01:40:32.164Z","b","maker"
"0.0312900","62853.55122564","2024-05-23T01:40:32.164Z","b","maker"
"0.0313000","62853.55122564","2024-05-23T01:40:32.164Z","b","maker"
"0.0313100","978.11132748","2024-05-23T01:40:32.164Z","b","maker"
"0.0313100","16398.69554954","2024-05-23T01:40:32.164Z","b","maker"
"0.0313400","1331.66962857","2024-05-23T01:41:59.990Z","b","maker"
"0.0313100","4022.66011546","2024-05-23T01:45:11.730Z","s","taker"
"0.0316400","878.30452167","2024-05-23T01:48:52.015Z","b","maker"
"0.0316100","6831.60851239","2024-05-23T01:51:30.227Z","s","taker"
"0.0315300","1585.79130986","2024-05-23T01:53:42.933Z","s","maker"
"0.0314700","36945.90000000","2024-05-23T01:53:44.710Z","s","maker"
"0.0313700","20589.67697160","2024-05-23T01:54:12.232Z","s","taker"
"0.0313200","3864.85514004","2024-05-23T01:54:22.202Z","s","taker"
"0.0313200","1050.19891090","2024-05-23T01:54:22.202Z","s","taker"
"0.0313300","15959.14458984","2024-05-23T01:54:28.133Z","b","maker"
"0.0313600","2510.21325178","2024-05-23T01:54:43.813Z","s","taker"
"0.0313600","1118.60764523","2024-05-23T01:54:45.118Z","s","taker"
"0.0313700","53574.29155275","2024-05-23T01:54:51.061Z","s","taker"
"0.0317400","871.64674535","2024-05-23T02:10:14.194Z","b","maker"
"0.0317600","1313.76625967","2024-05-23T02:15:57.814Z","b","maker"
"0.0317900","627.89246707","2024-05-23T02:16:06.286Z","s","taker"
"0.0318000","3834.49431815","2024-05-23T02:16:16.801Z","s","taker"
"0.0318000","67.32037624","2024-05-23T02:16:16.801Z","s","taker"
"0.0317200","20939.02305541","2024-05-23T02:17:22.030Z","s","taker"
"0.0317200","152.57136000","2024-05-23T02:21:27.953Z","b","maker"
"0.0318200","3323.78959894","2024-05-23T02:23:44.842Z","s","taker"
"0.0318100","8498.57227517","2024-05-23T02:23:54.535Z","s","taker"
"0.0317700","15738.96902752","2024-05-23T02:25:48.607Z","b","maker"
"0.0317800","12215.63097248","2024-05-23T02:25:48.607Z","b","maker"
"0.0317900","5793.39950999","2024-05-23T02:25:48.618Z","b","maker"
"0.0318800","3256.26831651","2024-05-23T02:26:08.906Z","b","maker"
"0.0318900","1538.86780476","2024-05-23T02:26:48.880Z","s","taker"
"0.0318900","9659.99429717","2024-05-23T02:26:50.030Z","s","taker"
"0.0318800","3877.75589200","2024-05-23T02:27:19.454Z","s","taker"
"0.0318600","2036.48042553","2024-05-23T02:27:37.480Z","s","taker"
"0.0318700","7596.52395881","2024-05-23T02:28:28.822Z","s","taker"
"0.0318400","1076.09938486","2024-05-23T02:28:47.306Z","s","taker"
"0.0318400","4310.89407744","2024-05-23T02:28:54.950Z","s","taker"
"0.0318400","4588.29478499","2024-05-23T02:29:03.447Z","s","taker"
"0.0318300","67.22772959","2024-05-23T02:29:03.447Z","s","taker"
"0.0318300","692.93051995","2024-05-23T02:29:03.572Z","s","taker"
"0.0318700","5646.10028113","2024-05-23T02:30:13.813Z","b","maker"
"0.0318500","5802.20988216","2024-05-23T02:31:04.293Z","s","taker"
"0.0316600","315.85596968","2024-05-23T03:03:45.790Z","b","taker"
"0.0316600","252.68477574","2024-05-23T03:13:48.409Z","b","taker"
"0.0316200","15812.41236665","2024-05-23T03:14:32.234Z","s","maker"
"0.0316200","62853.55122564","2024-05-23T03:14:32.234Z","s","maker"
"0.0316100","9822.22475771","2024-05-23T03:14:32.234Z","s","maker"
"0.0315800","349.77862112","2024-05-23T03:15:32.495Z","s","taker"
"0.0315900","15826.09421703","2024-05-23T03:15:39.460Z","s","maker"
"0.0315900","13669.96857297","2024-05-23T03:15:39.460Z","s","maker"
"0.0316500","8385.98736176","2024-05-23T04:02:07.135Z","s","maker"
"0.0315600","9703.76610505","2024-05-23T04:20:40.066Z","b","taker"
"0.0317700","4525.59201011","2024-05-23T04:59:20.528Z","b","maker"
"0.0317700","2474.40798989","2024-05-23T04:59:20.528Z","b","maker"
"0.0317600","4802.24293828","2024-05-23T04:59:35.067Z","b","taker"
"0.0317600","15743.41693538","2024-05-23T04:59:35.067Z","b","taker"
"0.0317600","4454.34012634","2024-05-23T04:59:35.067Z","b","taker"
"0.0316500","9068.06156616","2024-05-23T05:01:22.137Z","s","maker"
"0.0312400","1316.39905737","2024-05-23T06:11:15.549Z","s","maker"
"0.0312100","6956.74011500","2024-05-23T06:18:00.228Z","b","taker"
"0.0312200","13716.04157881","2024-05-23T06:18:00.228Z","b","taker"
"0.0312600","6796.43461210","2024-05-23T06:18:11.223Z","b","taker"
"0.0312500","1518.94620465","2024-05-23T06:18:13.036Z","b","taker"
"0.0311800","871.64674535","2024-05-23T06:24:30.727Z","s","maker"
"0.0313900","15958.18094934","2024-05-23T07:33:21.768Z","b","maker"
"0.0314700","7606.88714050","2024-05-23T07:34:11.345Z","s","maker"
"0.0313500","3645.30143540","2024-05-23T08:00:52.177Z","s","maker"
"0.0313500","3645.30143540","2024-05-23T08:00:52.177Z","s","maker"
"0.0313500","3645.30143540","2024-05-23T08:00:52.177Z","s","maker"
"0.0313500","7610.79425837","2024-05-23T08:00:52.177Z","s","maker"
"0.0313300","4971.31329438","2024-05-23T08:01:10.782Z","s","maker"
"0.0312800","28667.26662404","2024-05-23T08:03:36.984Z","s","maker"
"0.0311600","3312.47995000","2024-05-23T09:00:20.868Z","s","maker"
"0.0310800","879.53587303","2024-05-23T09:23:22.681Z","s","maker"
"0.0310600","11904.78056035","2024-05-23T09:24:22.452Z","b","taker"
"0.0310700","2625.62844637","2024-05-23T09:24:38.947Z","b","taker"
"0.0310700","1072.31145906","2024-05-23T09:24:41.743Z","b","taker"
"0.0310100","7607.01914482","2024-05-23T09:37:40.615Z","b","taker"
"0.0310300","1107.23453282","2024-05-23T09:38:10.901Z","b","taker"
"0.0309700","4659.08450394","2024-05-23T09:40:58.817Z","b","taker"
"0.0309300","692.00760672","2024-05-23T09:41:43.129Z","b","taker"
"0.0309200","280.55737398","2024-05-23T09:41:43.130Z","s","taker"
"0.0309200","8572.33026294","2024-05-23T09:42:16.351Z","b","taker"
"0.0309400","10078.98247232","2024-05-23T09:42:43.929Z","b","taker"
"0.0309400","3899.15478397","2024-05-23T09:42:51.858Z","b","taker"
"0.0308700","2055.62936170","2024-05-23T09:44:09.194Z","b","taker"
"0.0308300","46.31080000","2024-05-23T09:44:26.059Z","s","maker"
"0.0308200","1334.33830474","2024-05-23T09:45:24.032Z","s","maker"
"0.0308100","6975.54670824","2024-05-23T09:47:09.620Z","s","maker"
"0.0308500","3327.94433689","2024-05-23T09:47:23.205Z","b","taker"
"0.0308500","580.32690706","2024-05-23T09:47:23.205Z","b","taker"
"0.0307700","23223.40919647","2024-05-23T10:27:21.442Z","s","taker"
"0.0306700","715.27873099","2024-05-23T10:34:53.793Z","b","taker"
"0.0306300","1512.49496582","2024-05-23T10:35:02.153Z","b","taker"
"0.0306200","892.74901808","2024-05-23T10:35:08.253Z","s","maker"
"0.0306600","4309.10939764","2024-05-23T10:35:18.924Z","b","taker"
"0.0306600","6602.61148369","2024-05-23T10:35:21.094Z","b","taker"
"0.0307300","20621.74446232","2024-05-23T10:35:36.835Z","b","taker"
"0.0311700","891.49916831","2024-05-23T11:41:30.372Z","b","maker"
"0.0310400","12701.48347000","2024-05-23T11:46:02.261Z","s","maker"
"0.0311600","373.54731377","2024-05-23T12:03:13.682Z","s","taker"
"0.0313300","27988.23631323","2024-05-23T12:18:12.795Z","b","maker"
"0.0313400","1331.66962856","2024-05-23T12:18:12.805Z","b","maker"
"0.0312800","309.63012000","2024-05-23T12:26:55.537Z","b","maker"
"0.0308200","1334.33830475","2024-05-23T12:56:10.275Z","s","maker"
"0.0308200","8906.47213057","2024-05-23T12:56:10.275Z","s","maker"
"0.0307900","8915.15008327","2024-05-23T12:56:11.229Z","s","maker"
"0.0306200","892.74901808","2024-05-23T12:56:21.610Z","s","maker"
"0.0304000","1339.24550942","2024-05-23T12:56:39.316Z","s","maker"
"0.0304000","13.52773243","2024-05-23T12:56:40.083Z","s","maker"
"0.0303400","6893.01856893","2024-05-23T12:56:41.529Z","s","maker"
"0.0305700","6887.24336837","2024-05-23T12:59:09.030Z","b","taker"
"0.0308700","3239.39099449","2024-05-23T13:12:15.788Z","b","taker"
"0.0307000","808.41693811","2024-05-23T13:17:38.460Z","b","taker"
"0.0305500","16368.20624445","2024-05-23T13:34:56.293Z","b","taker"
"0.0305600","16361.53756866","2024-05-23T13:34:56.293Z","b","taker"
"0.0305700","20902.70935676","2024-05-23T13:34:56.293Z","b","taker"
"0.0305400","2510.21325178","2024-05-23T13:35:20.970Z","b","taker"
"0.0305000","4923.61678559","2024-05-23T13:36:12.014Z","b","taker"
"0.0305100","16388.40431593","2024-05-23T13:36:22.305Z","b","taker"
"0.0305100","4190.47700198","2024-05-23T13:36:22.305Z","b","taker"
"0.0301700","906.06479727","2024-05-23T13:46:37.080Z","s","maker"
"0.0299900","1371.26730750","2024-05-23T13:48:23.228Z","s","maker"
"0.0298700","18620.25370936","2024-05-23T13:50:05.727Z","s","maker"
"0.0298200","1294.09968046","2024-05-23T13:50:05.941Z","s","maker"
"0.0298000","912.01159463","2024-05-23T13:50:30.486Z","s","maker"
"0.0297300","919.47443437","2024-05-23T13:50:31.889Z","s","maker"
"0.0297200","15912.83924505","2024-05-23T13:50:31.889Z","s","maker"
"0.0297200","9820.86075494","2024-05-23T13:50:31.895Z","s","maker"
"0.0296900","17032.07341764","2024-05-23T13:50:31.949Z","s","maker"
"0.0295800","1376.37131461","2024-05-23T13:50:35.953Z","s","maker"
"0.0295800","13.90274057","2024-05-23T13:50:35.962Z","s","maker"
"0.0293900","842.34980210","2024-05-23T13:50:37.880Z","s","maker"
"0.0293200","25564.78818541","2024-05-23T13:50:37.992Z","s","maker"
"0.0293000","932.96842777","2024-05-23T13:50:38.004Z","s","maker"
"0.0293200","3960.95296392","2024-05-23T13:50:38.120Z","b","maker"
"0.0293100","842.34980210","2024-05-23T13:50:38.836Z","b","maker"
"0.0296200","42599.00000000","2024-05-23T13:50:55.117Z","b","maker"
"0.0298200","3886.29417970","2024-05-23T13:51:14.599Z","b","taker"
"0.0294300","16989.70743862","2024-05-23T13:51:15.279Z","b","maker"
"0.0296100","2048.84399124","2024-05-23T13:51:49.178Z","b","taker"
"0.0295800","16902.25702548","2024-05-23T13:51:58.152Z","s","maker"
"0.0295500","29121.74297452","2024-05-23T13:51:58.162Z","b","maker"
"0.0297500","16807.07578336","2024-05-23T13:52:48.180Z","b","maker"
"0.0297900","8547.05912123","2024-05-23T13:52:51.255Z","b","taker"
"0.0297100","29866.30000000","2024-05-23T13:53:25.898Z","s","maker"
"0.0297800","3304.55513500","2024-05-23T13:55:23.421Z","b","maker"
"0.0297800","5160.56673276","2024-05-23T13:55:35.850Z","b","taker"
"0.0297800","11874.76462373","2024-05-23T13:55:36.192Z","b","taker"
"0.0297800","689.54801626","2024-05-23T13:55:42.266Z","b","taker"
"0.0297800","712.30501959","2024-05-23T13:55:43.122Z","b","taker"
"0.0297700","994.39794884","2024-05-23T13:55:48.658Z","b","taker"
"0.0297800","1661.36646397","2024-05-23T13:55:48.658Z","b","taker"
"0.0297600","667.97072394","2024-05-23T13:55:53.421Z","b","taker"
"0.0297300","3896.16755236","2024-05-23T13:55:58.547Z","b","taker"
"0.0297300","1069.26647290","2024-05-23T13:55:58.570Z","b","taker"
"0.0297300","7901.48630600","2024-05-23T13:55:58.809Z","b","taker"
"0.0297400","4838.22944671","2024-05-23T13:56:01.173Z","b","taker"
"0.0297400","1461.45706978","2024-05-23T13:56:01.458Z","b","taker"
"0.0297400","4644.27447301","2024-05-23T13:56:01.878Z","b","taker"
"0.0297500","14734.38671511","2024-05-23T13:56:02.816Z","b","taker"
"0.0297500","1552.81806601","2024-05-23T13:56:12.199Z","b","taker"
"0.0297500","2457.56736565","2024-05-23T13:56:12.199Z","b","taker"
"0.0297500","250.00000000","2024-05-23T13:56:13.791Z","b","taker"
"0.0297500","9548.92793818","2024-05-23T13:56:15.036Z","b","taker"
"0.0297300","1507.50414572","2024-05-23T13:56:19.659Z","b","taker"
"0.0297200","2392.64514782","2024-05-23T13:56:20.259Z","b","taker"
"0.0297300","224.56258916","2024-05-23T13:56:20.259Z","b","taker"
"0.0297400","961.64042183","2024-05-23T13:56:27.586Z","b","taker"
"0.0297400","1104.94763822","2024-05-23T13:56:33.306Z","b","taker"
"0.0297400","4184.50341034","2024-05-23T13:56:33.636Z","b","taker"
"0.0297400","520.36586340","2024-05-23T13:56:33.636Z","b","taker"
"0.0297200","7584.26068111","2024-05-23T13:56:35.983Z","b","taker"
"0.0297300","6746.71701613","2024-05-23T13:56:37.617Z","b","taker"
"0.0297300","2252.77506664","2024-05-23T13:56:37.617Z","b","taker"
"0.0298300","931.66227077","2024-05-23T13:57:23.697Z","b","maker"
"0.0298600","28900.60000000","2024-05-23T13:57:54.194Z","s","maker"
"0.0300600","3341.12930170","2024-05-23T14:11:56.901Z","b","taker"
"0.0300300","1026.19737000","2024-05-23T14:13:40.417Z","b","maker"
"0.0300800","1387.49350751","2024-05-23T14:14:55.517Z","b","maker"
"0.0299200","16711.48158420","2024-05-23T14:32:51.003Z","s","maker"
"0.0299200","16711.48158420","2024-05-23T14:32:51.886Z","s","maker"
"0.0299200","16711.48158420","2024-05-23T14:32:52.886Z","s","maker"
"0.0299200","16713.11912871","2024-05-23T14:32:53.246Z","s","maker"
"0.0299200","25067.10024926","2024-05-23T14:32:53.486Z","s","maker"
"0.0299200","16712.51813022","2024-05-23T14:32:54.321Z","s","maker"
"0.0299200","16712.83069906","2024-05-23T14:32:54.721Z","s","maker"
"0.0299200","16711.85304030","2024-05-23T14:32:55.225Z","s","maker"
"0.0299200","16713.11357257","2024-05-23T14:32:55.772Z","s","maker"
"0.0299200","16713.11357257","2024-05-23T14:32:56.886Z","s","maker"
"0.0299200","16717.15896776","2024-05-23T14:32:57.272Z","s","maker"
"0.0299200","25067.73307520","2024-05-23T14:32:57.273Z","s","maker"
"0.0299200","16718.71526510","2024-05-23T14:32:57.673Z","s","maker"
"0.0299200","25070.85333021","2024-05-23T14:32:57.873Z","s","maker"
"0.0299200","16715.22420142","2024-05-23T14:32:58.039Z","s","maker"
"0.0299200","16714.00743661","2024-05-23T14:32:58.566Z","s","maker"
"0.0299200","16713.23462742","2024-05-23T14:32:59.413Z","s","maker"
"0.0299200","16711.24058346","2024-05-23T14:33:02.304Z","s","maker"
"0.0299200","16715.28528732","2024-05-23T14:33:02.733Z","s","maker"
"0.0299200","16715.81176415","2024-05-23T14:33:03.079Z","s","maker"
"0.0299200","25067.64366956","2024-05-23T14:33:03.080Z","s","maker"
"0.0299200","16714.84051047","2024-05-23T14:33:03.691Z","s","maker"
"0.0299200","16713.78230521","2024-05-23T14:33:04.129Z","s","maker"
"0.0299200","16711.80529045","2024-05-23T14:33:13.528Z","s","maker"
"0.0299200","16711.80529045","2024-05-23T14:33:14.094Z","s","maker"
"0.0299200","16711.64784017","2024-05-23T14:33:14.822Z","s","maker"
"0.0299200","16711.67709330","2024-05-23T14:33:16.821Z","s","maker"
"0.0299200","16711.67709330","2024-05-23T14:33:17.149Z","s","maker"
"0.0299200","16711.56325054","2024-05-23T14:33:18.494Z","s","maker"
"0.0299200","16711.40657834","2024-05-23T14:33:18.841Z","s","maker"
"0.0299200","16711.40657834","2024-05-23T14:33:19.606Z","s","maker"
"0.0299200","16711.40657834","2024-05-23T14:33:20.161Z","s","maker"
"0.0299200","16712.73209792","2024-05-23T14:34:33.740Z","s","maker"
"0.0299200","16713.32893848","2024-05-23T14:34:34.248Z","s","maker"
"0.0299200","39152.67053807","2024-05-23T14:34:34.255Z","s","maker"
"0.0297000","5902.59128455","2024-05-23T14:40:54.332Z","s","maker"
"0.0297000","16831.93915136","2024-05-23T14:40:54.332Z","s","maker"
"0.0297000","62853.55122564","2024-05-23T14:40:54.332Z","s","maker"
"0.0297000","4537.92125460","2024-05-23T14:40:54.332Z","s","maker"
"0.0296900","62853.55122564","2024-05-23T14:40:54.332Z","s","maker"
"0.0296900","25253.97679422","2024-05-23T14:40:54.332Z","s","maker"
"0.0296800","26937.10000000","2024-05-23T14:40:54.332Z","s","maker"
"0.0296800","50523.56598852","2024-05-23T14:40:54.332Z","s","maker"
"0.0296600","29054.60000000","2024-05-23T14:40:54.332Z","s","maker"
"0.0296600","31232.76129467","2024-05-23T14:40:54.332Z","s","maker"
"0.0296500","84304.36227707","2024-05-23T14:40:54.332Z","s","maker"
"0.0296400","44036.17021577","2024-05-23T14:40:54.332Z","s","maker"
"0.0296300","28507.80000000","2024-05-23T14:40:54.332Z","s","maker"
"0.0296200","84392.63781682","2024-05-23T14:40:54.332Z","s","maker"
"0.0295900","300.23112586","2024-05-23T14:40:54.332Z","s","maker"
"0.0295800","1390.27405518","2024-05-23T14:40:54.332Z","s","maker"
"0.0295600","84551.34953582","2024-05-23T14:40:54.332Z","s","maker"
"0.0295000","169489.05318879","2024-05-23T14:40:54.332Z","s","maker"
"0.0294400","169803.96068379","2024-05-23T14:40:54.332Z","s","maker"
"0.0293400","5794.10034072","2024-05-23T14:40:54.332Z","s","maker"
"0.0293000","932.96842777","2024-05-23T14:40:54.332Z","s","maker"
"0.0292400","341926.66913522","2024-05-23T14:40:54.332Z","s","maker"
"0.0291800","1409.33195861","2024-05-23T14:40:54.332Z","s","maker"
"0.0291300","26775.30952690","2024-05-23T14:40:54.332Z","s","maker"
"0.0290700","322.00000000","2024-05-23T14:40:54.332Z","s","maker"
"0.0288700","946.86438981","2024-05-23T14:40:54.332Z","s","maker"
"0.0287900","1428.42329115","2024-05-23T14:40:54.332Z","s","maker"
"0.0287800","2864.33248509","2024-05-23T14:40:54.332Z","s","maker"
"0.0287600","400.00000000","2024-05-23T14:40:54.332Z","s","maker"
"0.0285600","3373.00079128","2024-05-23T14:40:54.332Z","s","maker"
"0.0285500","2887.54657514","2024-05-23T14:40:54.332Z","s","maker"
"0.0284500","366.00000000","2024-05-23T14:40:54.332Z","s","maker"
"0.0284400","961.18055323","2024-05-23T14:40:54.332Z","s","maker"
"0.0284000","1448.03896311","2024-05-23T14:40:54.332Z","s","maker"
"0.0283300","1698.09198665","2024-05-23T14:40:54.332Z","s","maker"
"0.0283000","38191.91636083","2024-05-23T14:40:54.332Z","s","maker"
"0.0282000","8372.00658996","2024-05-23T14:40:54.332Z","s","maker"
"0.0281900","8183.01739101","2024-05-23T14:40:54.332Z","s","maker"
"0.0281800","4258.33924769","2024-05-23T14:40:54.332Z","s","maker"
"0.0280400","2939.92471188","2024-05-23T14:40:54.332Z","s","maker"
"0.0280300","975.23991915","2024-05-23T14:40:54.332Z","s","maker"
"0.0280200","500.00000000","2024-05-23T14:40:54.332Z","s","maker"
"0.0280100","1468.20087655","2024-05-23T14:40:54.332Z","s","maker"
"0.0277600","612.03170029","2024-05-23T14:40:54.332Z","s","maker"
"0.0277500","38251.65784343","2024-05-23T14:40:54.332Z","s","maker"
"0.0277400","45357.02311523","2024-05-23T14:40:54.332Z","s","maker"
"0.0277400","32172.64788192","2024-05-23T14:40:54.332Z","s","maker"
"0.0277100","250.00000000","2024-05-23T14:40:54.332Z","s","maker"
"0.0276400","947.06971091","2024-05-23T14:40:54.332Z","s","maker"
"0.0276300","1488.39328817","2024-05-23T14:40:54.332Z","s","maker"
"0.0276300","983.63899819","2024-05-23T14:40:54.332Z","s","maker"
"0.0276200","989.71668840","2024-05-23T14:40:54.332Z","s","maker"
"0.0272600","1508.59525137","2024-05-23T14:40:54.332Z","s","maker"
"0.0272100","1004.62972928","2024-05-23T14:40:54.332Z","s","maker"
"0.0272100","998.82195958","2024-05-23T14:40:54.332Z","s","maker"
"0.0268900","1529.35316297","2024-05-23T14:40:54.332Z","s","maker"
"0.0268100","1019.61860999","2024-05-23T14:40:54.332Z","s","maker"
"0.0268000","1014.10244478","2024-05-23T14:40:54.332Z","s","maker"
"0.0265200","1550.69029232","2024-05-23T14:40:54.332Z","s","maker"
"0.0264200","1034.66975525","2024-05-23T14:40:54.332Z","s","maker"
"0.0262300","1294.70072436","2024-05-23T14:40:54.332Z","s","maker"
"0.0262100","755.81838993","2024-05-23T14:40:54.332Z","s","maker"
"0.0261700","1571.42936768","2024-05-23T14:40:54.332Z","s","maker"
"0.0261000","712.26053640","2024-05-23T14:40:54.332Z","s","maker"
"0.0260800","697.46932515","2024-05-23T14:40:54.332Z","s","maker"
"0.0260700","19179.13310318","2024-05-23T14:40:54.332Z","s","maker"
"0.0260300","1050.17191447","2024-05-23T14:40:54.332Z","s","maker"
"0.0259800","250.00000000","2024-05-23T14:40:54.332Z","s","maker"
"0.0258100","1593.34779358","2024-05-23T14:40:54.332Z","s","maker"
"0.0256600","1013.55858505","2024-05-23T14:40:54.332Z","s","maker"
"0.0256500","1065.73001691","2024-05-23T14:40:54.332Z","s","maker"
"0.0254600","1615.25163206","2024-05-23T14:40:54.332Z","s","maker"
"0.0253100","300230.40418806","2024-05-23T14:40:54.332Z","s","maker"
"0.0252800","1081.32812238","2024-05-23T14:40:54.332Z","s","maker"
"0.0251200","1637.11411434","2024-05-23T14:40:54.332Z","s","maker"
"0.0249100","1097.38959991","2024-05-23T14:40:54.332Z","s","maker"
"0.0247800","1659.57653560","2024-05-23T14:40:54.332Z","s","maker"
"0.0245600","20358.30618892","2024-05-23T14:40:54.332Z","s","maker"
"0.0245400","1113.93540887","2024-05-23T14:40:54.332Z","s","maker"
"0.0245400","250.00000000","2024-05-23T14:40:54.332Z","s","maker"
"0.0244700","1110.66389539","2024-05-23T14:40:54.332Z","s","maker"
"0.0244400","1682.66393422","2024-05-23T14:40:54.332Z","s","maker"
"0.0241800","1130.52005516","2024-05-23T14:40:54.332Z","s","maker"
"0.0241100","1705.69500424","2024-05-23T14:40:54.332Z","s","maker"
"0.0239300","250.00000000","2024-05-23T14:40:54.332Z","s","maker"
"0.0238300","1147.12442022","2024-05-23T14:40:54.332Z","s","maker"
"0.0237800","1729.36528815","2024-05-23T14:40:54.332Z","s","maker"
"0.0235000","255.31914893","2024-05-23T14:40:54.332Z","s","maker"
"0.0234800","1164.22380467","2024-05-23T14:40:54.332Z","s","maker"
"0.0234600","1752.95424349","2024-05-23T14:40:54.332Z","s","maker"
"0.0233100","250.00000000","2024-05-23T14:40:54.332Z","s","maker"
"0.0231400","1777.19561592","2024-05-23T14:40:54.332Z","s","maker"
"0.0230600","2168.25672159","2024-05-23T14:40:54.332Z","s","maker"
"0.0228300","1801.32748805","2024-05-23T14:40:54.332Z","s","maker"
"0.0227000","250.00000000","2024-05-23T14:40:54.332Z","s","maker"
"0.0225200","1826.12373678","2024-05-23T14:40:54.332Z","s","maker"
"0.0222100","1851.61218155","2024-05-23T14:40:54.332Z","s","maker"
"0.0220900","250.00000000","2024-05-23T14:40:54.332Z","s","maker"
"0.0219100","1876.96515528","2024-05-23T14:40:54.332Z","s","maker"
"0.0216100","1903.02205240","2024-05-23T14:40:54.332Z","s","maker"
"0.0214700","250.00000000","2024-05-23T14:40:54.332Z","s","maker"
"0.0213200","1928.90743679","2024-05-23T14:40:54.332Z","s","maker"
"0.0213000","38087.75586854","2024-05-23T14:40:54.332Z","s","maker"
"0.0210300","1955.50673097","2024-05-23T14:40:54.332Z","s","maker"
"0.0209000","104291.09569377","2024-05-23T14:40:54.332Z","s","maker"
"0.0207500","1981.89429168","2024-05-23T14:40:54.332Z","s","maker"
"0.0206000","9756.09756097","2024-05-23T14:40:54.332Z","s","maker"
"0.0205000","50700.00000000","2024-05-23T14:40:54.332Z","s","maker"
"0.0205000","97560.97560975","2024-05-23T14:40:54.332Z","s","maker"
"0.0204700","2009.00373973","2024-05-23T14:40:54.332Z","s","maker"
"0.0201900","2036.86510908","2024-05-23T14:40:54.332Z","s","maker"
"0.0201500","76720.75930521","2024-05-23T14:40:54.332Z","s","maker"
"0.0200000","15000.00000000","2024-05-23T14:40:54.332Z","s","maker"
"0.0200000","25000.00000000","2024-05-23T14:40:54.332Z","s","maker"
"0.0200000","709183.44618933","2024-05-23T14:40:54.332Z","s","maker"
"0.0297000","300.23112586","2024-05-23T14:40:54.824Z","s","maker"
"0.0297000","8183.01739101","2024-05-23T14:40:55.819Z","s","maker"
"0.0297000","3373.00079128","2024-05-23T14:40:55.881Z","s","maker"
"0.0296900","3763.66721764","2024-05-23T14:40:57.897Z","s","maker"
"0.0296800","4608.33937232","2024-05-23T14:40:57.897Z","s","maker"
"0.0296800","983.63899819","2024-05-23T14:41:00.357Z","s","maker"
"0.0296800","1526.29445713","2024-05-23T14:41:00.405Z","s","maker"
"0.0296800","998.82195958","2024-05-23T14:41:01.649Z","s","maker"
"0.0296800","1547.58891222","2024-05-23T14:41:01.923Z","s","maker"
"0.0296800","1014.10244478","2024-05-23T14:41:03.196Z","s","maker"
"0.0296800","1568.28650945","2024-05-23T14:41:03.255Z","s","maker"
"0.0296800","945.53877844","2024-05-23T14:41:03.742Z","s","maker"
"0.0296800","1110.66389539","2024-05-23T14:41:04.766Z","s","maker"
"0.0296800","1590.16109851","2024-05-23T14:41:04.862Z","s","maker"
"0.0296800","959.83489923","2024-05-23T14:41:05.044Z","s","maker"
"0.0296800","1612.02112931","2024-05-23T14:41:06.194Z","s","maker"
"0.0296800","973.87458201","2024-05-23T14:41:06.996Z","s","maker"
"0.0296800","1633.83988663","2024-05-23T14:41:07.668Z","s","maker"
"0.0296800","988.33108376","2024-05-23T14:41:09.024Z","s","maker"
"0.0296800","1631.77358713","2024-05-23T14:41:09.233Z","s","maker"
"0.0296800","24.48379592","2024-05-23T14:41:09.233Z","s","maker"
"0.0296800","1003.22324637","2024-05-23T14:41:10.506Z","s","maker"
"0.0296800","1679.29860689","2024-05-23T14:41:10.669Z","s","maker"
"0.0296800","1018.19114263","2024-05-23T14:41:11.787Z","s","maker"
"0.0296800","1702.28361478","2024-05-23T14:41:12.048Z","s","maker"
"0.0296800","1033.22121627","2024-05-23T14:41:13.527Z","s","maker"
"0.0296800","1725.90655813","2024-05-23T14:41:13.842Z","s","maker"
"0.0296800","1048.70167244","2024-05-23T14:41:15.103Z","s","maker"
"0.0296800","1064.23799351","2024-05-23T14:41:17.094Z","s","maker"
"0.0296800","1749.44833556","2024-05-23T14:41:18.367Z","s","maker"
"0.0296800","1079.81426163","2024-05-23T14:41:18.654Z","s","maker"
"0.0296800","1797.72483364","2024-05-23T14:41:18.776Z","s","maker"
"0.0296800","871.61742711","2024-05-23T14:41:19.909Z","s","maker"
"0.0296700","902.02379814","2024-05-23T14:41:19.909Z","s","maker"
"0.0296700","1095.85325306","2024-05-23T14:41:20.261Z","s","maker"
"0.0296700","1822.47148989","2024-05-23T14:41:20.523Z","s","maker"
"0.0296700","1847.90895778","2024-05-23T14:41:21.515Z","s","maker"
"0.0296700","1112.37589786","2024-05-23T14:41:22.190Z","s","maker"
"0.0296700","794.43213766","2024-05-23T14:41:23.261Z","s","maker"
"0.0296600","1078.77908791","2024-05-23T14:41:23.261Z","s","maker"
"0.0296600","1128.93732564","2024-05-23T14:41:23.909Z","s","maker"
"0.0296600","1899.21600891","2024-05-23T14:41:24.802Z","s","maker"
"0.0296600","1145.51844455","2024-05-23T14:41:25.722Z","s","maker"
"0.0296600","1925.04962253","2024-05-23T14:41:25.756Z","s","maker"
"0.0296600","1951.59571813","2024-05-23T14:41:27.187Z","s","maker"
"0.0296600","1162.59388985","2024-05-23T14:41:27.525Z","s","maker"
"0.0296600","1977.93050372","2024-05-23T14:41:28.576Z","s","maker"
"0.0296700","2004.98573290","2024-05-23T14:41:30.056Z","s","maker"
"0.0296700","1686.99954440","2024-05-23T14:41:31.700Z","s","maker"
"0.0296700","345.79183511","2024-05-23T14:41:31.700Z","s","maker"
"0.0296700","702.77505532","2024-05-23T14:41:31.849Z","s","maker"
"0.0296700","660.39372414","2024-05-23T14:41:32.060Z","s","maker"
"0.0296700","1204.19467022","2024-05-23T14:41:33.910Z","s","maker"
"0.0296700","608.06573487","2024-05-23T14:41:34.569Z","s","maker"
"0.0296700","1406.51329514","2024-05-23T14:41:34.855Z","s","maker"
"0.0296700","646.18091833","2024-05-23T14:41:36.311Z","s","maker"
"0.0296700","1031.27668868","2024-05-23T14:41:36.674Z","s","maker"
"0.0296600","394.28975634","2024-05-23T14:41:36.674Z","s","maker"
"0.0296600","1445.14288564","2024-05-23T14:41:37.880Z","s","maker"
"0.0296300","1465.26447527","2024-05-23T14:41:39.845Z","s","maker"
"0.0296300","926.95382659","2024-05-23T14:41:41.429Z","s","maker"
"0.0296300","558.46267547","2024-05-23T14:41:41.429Z","s","maker"
"0.0296400","1505.57806135","2024-05-23T14:41:42.664Z","s","maker"
"0.0296100","5794.10392359","2024-05-23T14:43:46.739Z","b","taker"
"0.0296200","1066.65018049","2024-05-23T14:43:46.739Z","b","taker"
"0.0295900","14833.95075376","2024-05-23T14:44:54.258Z","s","maker"
"0.0295900","4918.90260924","2024-05-23T14:47:24.008Z","b","taker"
"0.0295800","4293.53930424","2024-05-23T14:47:25.155Z","b","taker"
"0.0295900","2507.59144517","2024-05-23T14:47:36.029Z","b","taker"
"0.0295700","30170.24296999","2024-05-23T14:55:46.605Z","s","maker"
"0.0295500","16920.47377326","2024-05-23T14:57:11.683Z","b","taker"
"0.0295600","3650.71370444","2024-05-23T14:57:11.683Z","b","taker"
"0.0295200","29652.66911304","2024-05-23T14:58:37.817Z","b","taker"
"0.0295400","24019.72396086","2024-05-23T14:58:37.817Z","b","taker"
"0.0295500","25380.71065989","2024-05-23T15:00:52.981Z","s","maker"
"0.0295500","11970.48934011","2024-05-23T15:00:52.981Z","s","maker"
"0.0298300","931.66227077","2024-05-23T15:14:29.792Z","b","maker"
"0.0298500","647.16751400","2024-05-23T16:03:11.024Z","b","maker"
"0.0298300","250.00000000","2024-05-23T16:53:01.699Z","s","maker"
"0.0298300","250.00000000","2024-05-23T16:53:11.841Z","s","maker"
"0.0298300","250.00000000","2024-05-23T16:53:22.019Z","s","maker"
"0.0298400","743.53041000","2024-05-23T16:53:30.631Z","s","maker"
"0.0298400","250.00000000","2024-05-23T16:53:32.165Z","s","maker"
"0.0298300","250.00000000","2024-05-23T16:53:42.307Z","s","maker"
"0.0298300","250.00000000","2024-05-23T16:53:52.447Z","s","maker"
"0.0298200","250.00000000","2024-05-23T16:54:02.584Z","s","maker"
"0.0298100","250.00000000","2024-05-23T16:54:12.732Z","s","maker"
"0.0298600","866.00000000","2024-05-23T16:57:53.250Z","s","maker"
"0.0299200","9939.32155466","2024-05-23T17:30:45.778Z","s","maker"
"0.0297400","6693.44042000","2024-05-23T17:45:23.049Z","s","taker"
"0.0296700","16852.03909673","2024-05-23T18:05:18.681Z","b","maker"
"0.0296700","25278.19302972","2024-05-23T18:05:18.681Z","b","maker"
"0.0296800","3612.26644249","2024-05-23T18:07:46.682Z","b","maker"
"0.0295000","16949.15254237","2024-05-23T18:14:53.270Z","s","maker"
"0.0295000","8140.74745763","2024-05-23T18:14:53.270Z","s","maker"
"0.0295000","24542.40000000","2024-05-23T18:14:53.873Z","s","maker"
"0.0293000","932.96842777","2024-05-23T18:23:27.966Z","s","maker"
"0.0294700","7677.78876894","2024-05-23T18:26:08.376Z","b","taker"
"0.0295100","1297.77023826","2024-05-23T18:26:27.788Z","b","taker"
"0.0295200","2779.87351449","2024-05-23T18:26:27.788Z","b","taker"
"0.0295200","1510.26199427","2024-05-23T18:27:00.428Z","b","taker"
"0.0294500","250.00000000","2024-05-23T18:30:41.746Z","b","taker"
"0.0295900","715.05035000","2024-05-23T19:30:03.987Z","b","maker"
"0.0296100","5539.14770022","2024-05-23T19:38:49.511Z","s","taker"
"0.0296200","1995.04895000","2024-05-23T19:39:47.898Z","b","maker"
"0.0291800","1409.33195861","2024-05-23T20:00:21.813Z","s","maker"
"0.0288700","946.86438981","2024-05-23T20:00:28.327Z","s","maker"
"0.0287900","1428.42329115","2024-05-23T20:00:29.398Z","s","maker"
"0.0287800","312.74075611","2024-05-23T20:00:30.429Z","b","maker"
"0.0287500","17300.33046662","2024-05-23T20:00:30.740Z","s","maker"
"0.0287000","26132.68108322","2024-05-23T20:00:31.257Z","s","maker"
"0.0284400","961.18055323","2024-05-23T20:00:39.876Z","s","maker"
"0.0284000","941.95694215","2024-05-23T20:00:39.883Z","s","maker"
"0.0284000","506.08202096","2024-05-23T20:00:40.684Z","s","maker"
"0.0283600","872.64255010","2024-05-23T20:00:42.380Z","s","maker"
"0.0283600","11596.01297055","2024-05-23T20:00:42.579Z","s","maker"
"0.0286900","26974.23223184","2024-05-23T20:00:48.498Z","s","maker"
"0.0287900","1459.67425437","2024-05-23T20:00:48.763Z","b","maker"
"0.0288000","5468.06649167","2024-05-23T20:03:07.803Z","s","maker"
"0.0287500","5477.57617253","2024-05-23T20:03:13.230Z","s","maker"
"0.0287900","6483.46533088","2024-05-23T20:04:41.293Z","b","maker"
"0.0287900","6138.72665668","2024-05-23T20:04:41.293Z","b","maker"
"0.0286600","26172.96470754","2024-05-23T20:06:40.468Z","b","maker"
"0.0287900","4063.65013545","2024-05-23T20:09:31.544Z","b","taker"
"0.0287900","4781.39656438","2024-05-23T20:09:32.345Z","b","taker"
"0.0288000","1465.75415426","2024-05-23T20:09:35.453Z","b","taker"
"0.0288100","8023.93411538","2024-05-23T20:09:44.924Z","b","taker"
"0.0288100","9332.26007546","2024-05-23T20:09:47.402Z","b","taker"
"0.0288200","18671.74362318","2024-05-23T20:09:47.402Z","b","taker"
"0.0288000","5219.47813488","2024-05-23T20:09:50.831Z","b","taker"
"0.0288100","1107.60156541","2024-05-23T20:09:55.113Z","b","taker"
"0.0288100","678.36559611","2024-05-23T20:09:57.554Z","b","taker"
"0.0288100","4478.15866239","2024-05-23T20:09:57.613Z","b","taker"
"0.0288100","4901.48213184","2024-05-23T20:10:08.969Z","b","taker"
"0.0288100","9150.63929150","2024-05-23T20:10:23.325Z","b","taker"
"0.0288800","1445.14288212","2024-05-23T20:15:38.857Z","b","maker"
"0.0289500","959.83489923","2024-05-23T20:16:13.130Z","b","maker"
"0.0292700","1425.56644502","2024-05-23T20:17:22.178Z","b","maker"
"0.0293400","17046.33083107","2024-05-23T20:17:24.181Z","b","maker"
"0.0293300","1178.37818000","2024-05-23T20:18:03.648Z","s","maker"
"0.0293900","945.53877844","2024-05-23T20:18:11.260Z","b","maker"
"0.0294000","17010.60308493","2024-05-23T20:18:11.260Z","b","maker"
"0.0294100","25503.03203822","2024-05-23T20:18:11.260Z","b","maker"
"0.0294200","50988.99358534","2024-05-23T20:18:11.260Z","b","maker"
"0.0294300","50970.24841727","2024-05-23T20:18:11.260Z","b","maker"
"0.0292700","336.71281000","2024-05-23T20:23:07.745Z","b","maker"
"0.0293500","17035.89950388","2024-05-23T20:25:29.808Z","b","maker"
"0.0296200","27239.65202128","2024-05-23T21:02:11.828Z","b","maker"
"0.0296700","1406.51329515","2024-05-23T21:02:12.665Z","b","maker"
"0.0298300","931.66227078","2024-05-23T21:02:16.670Z","b","maker"
"0.0299900","5251.09419675","2024-05-23T21:04:08.334Z","s","maker"
"0.0299600","5256.35230175","2024-05-23T21:04:08.830Z","s","maker"
"0.0299200","5346.47139570","2024-05-23T21:05:43.522Z","b","maker"
"0.0300800","1387.49350751","2024-05-23T21:05:49.635Z","b","maker"
"0.0302400","374.39997850","2024-05-23T21:06:04.296Z","b","maker"
"0.0301700","16575.81828761","2024-05-23T21:06:16.699Z","b","maker"
"0.0301800","12777.98171239","2024-05-23T21:06:16.699Z","b","maker"
"0.0301100","5230.16655465","2024-05-23T21:06:48.529Z","s","maker"
"0.0302700","918.18716898","2024-05-23T21:09:18.645Z","b","maker"
"0.0303300","5110.69934557","2024-05-23T21:09:31.289Z","b","maker"
"0.0303300","35954.59999999","2024-05-23T21:09:31.289Z","b","maker"
"0.0303400","912.01159463","2024-05-23T21:09:31.304Z","b","maker"
"0.0303400","2357.58360046","2024-05-23T21:09:31.304Z","b","maker"
"0.0303400","10605.78657240","2024-05-23T21:09:31.304Z","b","maker"
"0.0304900","1368.52477333","2024-05-23T21:09:31.334Z","b","maker"
"0.0303900","2679.06758680","2024-05-23T21:09:31.346Z","s","maker"
"0.0303400","4668.71127224","2024-05-23T21:09:40.386Z","b","maker"
"0.0304500","14734.38671511","2024-05-23T21:10:13.617Z","s","taker"
"0.0303600","16469.96784169","2024-05-23T21:14:34.987Z","b","maker"
"0.0303600","2072.03557312","2024-05-23T21:14:35.420Z","b","maker"
"0.0301400","4063.65013545","2024-05-23T21:15:26.704Z","s","taker"
"0.0301500","4077.64375275","2024-05-23T21:15:31.899Z","s","taker"
"0.0301700","1510.26199427","2024-05-23T21:15:32.710Z","s","taker"
"0.0301700","7677.78876894","2024-05-23T21:15:37.651Z","s","taker"
"0.0301300","678.36559611","2024-05-23T21:15:41.182Z","s","taker"
"0.0301300","80.09901490","2024-05-23T21:15:41.443Z","s","taker"
"0.0301300","16590.53581107","2024-05-23T21:15:41.443Z","s","taker"
"0.0301300","24891.77492655","2024-05-23T21:15:41.443Z","s","taker"
"0.0301200","12109.98332138","2024-05-23T21:15:41.443Z","s","taker"
"0.0301100","4781.39656438","2024-05-23T21:15:48.520Z","s","taker"
"0.0301000","5219.47813488","2024-05-23T21:15:49.452Z","s","taker"
"0.0301500","4478.15866239","2024-05-23T21:15:55.815Z","s","taker"
"0.0301500","8023.93411538","2024-05-23T21:15:56.694Z","s","taker"
"0.0300500","16635.71869869","2024-05-23T21:16:08.513Z","s","taker"
"0.0300400","11368.28499995","2024-05-23T21:16:08.513Z","s","taker"
"0.0300500","4901.48213184","2024-05-23T21:16:09.454Z","s","taker"
"0.0300500","1465.75415426","2024-05-23T21:16:12.453Z","s","taker"
"0.0300700","20571.18747770","2024-05-23T21:16:17.564Z","s","taker"
"0.0299900","1371.26730750","2024-05-23T21:16:24.337Z","s","maker"
"0.0298000","912.01159463","2024-05-23T21:16:38.217Z","s","maker"
"0.0297300","919.47443437","2024-05-23T21:16:41.487Z","s","taker"
"0.0297100","8231.16485713","2024-05-23T21:16:41.487Z","s","taker"
"0.0298400","100.00000000","2024-05-23T21:16:55.022Z","b","maker"
"0.0302700","918.18716898","2024-05-23T21:32:48.915Z","b","maker"
"0.0303400","912.01159463","2024-05-23T21:33:39.237Z","b","maker"
"0.0303000","25000.00000000","2024-05-23T21:37:39.295Z","s","maker"
"0.0303600","1235.17786561","2024-05-23T21:45:51.127Z","s","maker"
"0.0303000","402.30896370","2024-05-23T21:52:50.193Z","b","taker"
"0.0304900","1368.52477333","2024-05-23T22:07:55.319Z","b","maker"
"0.0304900","16399.52130220","2024-05-23T22:10:01.306Z","b","maker"
"0.0305100","5165.95213206","2024-05-23T22:10:01.309Z","b","maker"
"0.0305200","26032.50000000","2024-05-23T22:10:01.311Z","b","maker"
"0.0305200","23122.44513637","2024-05-23T22:10:01.311Z","b","maker"
"0.0305600","3438.45486363","2024-05-23T22:10:01.311Z","b","maker"
"0.0306200","6860.75410408","2024-05-23T22:10:30.495Z","s","taker"
"0.0305200","20580.21625163","2024-05-23T22:22:37.723Z","s","maker"
"0.0302900","330.14196104","2024-05-23T23:15:56.885Z","b","taker"
"0.0303500","5019.60150912","2024-05-23T23:29:57.122Z","s","maker"
"0.0303400","24715.03271684","2024-05-24T00:10:37.405Z","s","maker"
"0.0303400","2043.96728316","2024-05-24T00:10:37.405Z","s","maker"
"0.0304700","978.94074000","2024-05-24T00:55:46.438Z","s","maker"
"0.0301900","100.19000000","2024-05-24T01:23:17.275Z","s","maker"
"0.0304500","1233.56602000","2024-05-24T02:00:15.669Z","s","maker"
"0.0306200","1380.38655120","2024-05-24T02:20:15.359Z","s","taker"
"0.0306400","2213.70000000","2024-05-24T02:21:35.826Z","b","taker"
"0.0305100","8515.68598000","2024-05-24T02:51:52.966Z","s","maker"
"0.0304400","4106.43889618","2024-05-24T03:43:37.265Z","s","maker"
"0.0305800","16350.79428106","2024-05-24T03:48:01.563Z","b","maker"
"0.0306200","712.30501959","2024-05-24T04:18:44.550Z","s","taker"
"0.0306200","1107.60156541","2024-05-24T04:24:00.016Z","s","taker"
"0.0304700","3742.49510831","2024-05-24T04:31:50.130Z","b","taker"
"0.0304700","11025.42990171","2024-05-24T04:31:50.130Z","b","taker"
"0.0299900","1371.26730750","2024-05-24T05:42:19.420Z","s","maker"
"0.0301800","6582.98124501","2024-05-24T05:48:13.452Z","b","taker"
"0.0300700","16628.43899253","2024-05-24T05:50:15.997Z","b","taker"
"0.0300700","3916.99115952","2024-05-24T05:50:15.997Z","b","taker"
"0.0299400","1062.76433457","2024-05-24T05:56:34.818Z","b","taker"
"0.0299500","11821.88464864","2024-05-24T05:56:37.200Z","b","taker"
"0.0299800","4007.56671409","2024-05-24T05:56:55.335Z","b","taker"
"0.0299000","5000.00000000","2024-05-24T06:21:48.201Z","b","taker"
"0.0298500","4034.29329603","2024-05-24T06:24:33.870Z","b","taker"
"0.0298300","505.82030565","2024-05-24T06:24:33.870Z","s","taker"
"0.0298000","912.01159463","2024-05-24T06:25:58.711Z","s","maker"
"0.0297300","919.47443437","2024-05-24T06:27:47.686Z","s","maker"
"0.0297100","713.36971382","2024-05-24T06:28:29.865Z","b","taker"
"0.0297100","669.46559461","2024-05-24T06:28:29.977Z","b","taker"
"0.0297700","7585.63557239","2024-05-24T06:30:41.160Z","b","taker"
"0.0297800","3824.11370126","2024-05-24T06:30:42.252Z","b","taker"
"0.0297800","876.12761733","2024-05-24T06:30:42.252Z","b","taker"
"0.0297800","2458.77575811","2024-05-24T06:30:47.727Z","b","taker"
"0.0297900","2181.08494006","2024-05-24T06:30:47.727Z","b","taker"
"0.0297600","7903.06126648","2024-05-24T06:31:17.237Z","b","taker"
"0.0296200","9000.61458675","2024-05-24T06:32:11.983Z","b","taker"
"0.0296200","4836.93657548","2024-05-24T06:32:12.646Z","b","taker"
"0.0297000","6917.68691779","2024-05-24T06:33:35.540Z","b","taker"
"0.0297200","5152.37044362","2024-05-24T06:34:11.517Z","b","taker"
"0.0297000","4663.83600869","2024-05-24T06:37:21.926Z","b","taker"
"0.0296400","16870.73850143","2024-05-24T06:37:50.065Z","b","taker"
"0.0296500","36757.81823994","2024-05-24T06:37:50.065Z","b","taker"
"0.0296600","16857.85663348","2024-05-24T06:40:07.484Z","b","taker"
"0.0296600","3669.39096352","2024-05-24T06:40:07.484Z","b","taker"
"0.0295800","1390.27405518","2024-05-24T06:46:21.498Z","s","maker"
"0.0295500","1503.50850476","2024-05-24T06:47:20.851Z","b","taker"
"0.0295700","98.32721000","2024-05-24T06:47:36.801Z","b","maker"
"0.0296000","6581.64227383","2024-05-24T06:50:20.326Z","b","taker"
"0.0294300","3884.03730025","2024-05-24T07:00:57.357Z","b","taker"
"0.0294000","20491.07786161","2024-05-24T07:01:11.014Z","b","taker"
"0.0293700","11787.21316252","2024-05-24T07:12:34.450Z","b","taker"
"0.0293700","1059.36544827","2024-05-24T07:12:37.605Z","b","taker"
"0.0293700","4000.01696921","2024-05-24T07:13:02.390Z","b","taker"
"0.0296400","581.95995196","2024-05-24T07:23:33.094Z","s","maker"
"0.0295200","2000.00000000","2024-05-24T07:44:47.566Z","b","taker"
"0.0293000","932.96842777","2024-05-24T08:15:26.764Z","s","maker"
"0.0292300","3855.00733640","2024-05-24T08:19:58.078Z","b","taker"
"0.0292500","1468.22850259","2024-05-24T08:21:20.615Z","b","taker"
"0.0292500","1113.16548990","2024-05-24T08:21:23.591Z","b","taker"
"0.0292500","2495.87038196","2024-05-24T08:21:43.313Z","b","taker"
"0.0292400","9473.93246956","2024-05-24T08:22:04.697Z","b","taker"
"0.0291800","1409.33195861","2024-05-24T08:23:30.938Z","s","maker"
"0.0291600","4906.79031491","2024-05-24T08:23:39.223Z","b","taker"
"0.0291200","686.36570857","2024-05-24T08:23:56.806Z","b","taker"
"0.0291300","2041.39019710","2024-05-24T08:24:42.118Z","b","taker"
"0.0291200","8594.76265270","2024-05-24T08:24:42.598Z","b","taker"
"0.0291000","4038.71575760","2024-05-24T08:26:26.351Z","b","taker"
"0.0289400","15480.60432670","2024-05-24T08:27:15.505Z","s","maker"
"0.0289200","17293.04769354","2024-05-24T08:27:16.140Z","b","maker"
"0.0290500","7564.47844907","2024-05-24T08:29:31.300Z","b","taker"
"0.0290500","4624.04696974","2024-05-24T08:29:48.947Z","b","taker"
"0.0291300","17164.45356804","2024-05-24T08:33:11.421Z","b","maker"
"0.0291300","15721.00000000","2024-05-24T08:33:13.433Z","b","maker"
"0.0293800","17018.50473660","2024-05-24T08:47:46.667Z","b","maker"
"0.0293400","25558.72638093","2024-05-24T09:23:04.846Z","s","maker"
"0.0296700","1406.51329514","2024-05-24T09:57:13.952Z","b","maker"
"0.0297500","16807.06176876","2024-05-24T10:04:42.003Z","b","maker"
"0.0297600","10444.33823124","2024-05-24T10:04:42.003Z","b","maker"
"0.0297800","5309.16037221","2024-05-24T10:04:42.015Z","b","maker"
"0.0298100","19879.63428161","2024-05-24T10:04:42.015Z","b","maker"
"0.0298300","931.66227077","2024-05-24T10:04:42.025Z","b","maker"
"0.0299100","716.14486189","2024-05-24T10:04:42.045Z","s","maker"
"0.0299100","4624.04696974","2024-05-24T10:17:55.408Z","s","taker"
"0.0299800","7564.47844907","2024-05-24T10:18:15.368Z","s","taker"
"0.0300100","8594.76265270","2024-05-24T10:19:11.957Z","s","taker"
"0.0298900","16728.46289639","2024-05-24T10:34:31.418Z","b","maker"
"0.0298900","6911.53710361","2024-05-24T10:34:31.418Z","b","maker"
"0.0299400","4038.71575760","2024-05-24T10:45:32.268Z","s","taker"
"0.0298100","16772.89500167","2024-05-24T10:56:16.899Z","b","maker"
"0.0298100","3807.15196242","2024-05-24T10:56:17.004Z","b","maker"
"0.0299200","16711.22994652","2024-05-24T11:06:17.401Z","b","maker"
"0.0299300","9631.00000000","2024-05-24T11:06:18.432Z","b","maker"
"0.0299900","2041.39019710","2024-05-24T11:17:20.899Z","s","taker"
"0.0298100","15110.30522817","2024-05-24T11:35:09.482Z","s","taker"
"0.0298500","16750.41876046","2024-05-24T12:05:15.963Z","s","maker"
"0.0298400","16755.84545493","2024-05-24T12:05:15.963Z","s","maker"
"0.0298400","3813.11192230","2024-05-24T12:05:15.963Z","s","maker"
"0.0298300","3473.32386231","2024-05-24T12:05:15.963Z","s","maker"
"0.0297900","443.70594159","2024-05-24T12:46:23.490Z","s","maker"
"0.0293000","932.96842777","2024-05-24T14:07:38.214Z","s","maker"
"0.0293400","1203.36186000","2024-05-24T14:08:58.147Z","b","maker"
"0.0294100","1889.66337980","2024-05-24T14:09:38.266Z","b","taker"
"0.0294400","20000.00000000","2024-05-24T14:10:10.079Z","b","maker"
"0.0294300","7548.20931023","2024-05-24T14:12:17.090Z","b","taker"
"0.0294100","1517.92927576","2024-05-24T14:15:30.558Z","b","taker"
"0.0294800","1000.00000000","2024-05-24T14:20:17.868Z","s","maker"
"0.0298300","931.66227077","2024-05-24T14:37:41.222Z","b","maker"
"0.0297600","16803.38155655","2024-05-24T14:57:09.979Z","b","maker"
"0.0297600","11828.11844345","2024-05-24T14:57:09.979Z","b","maker"
"0.0297600","13377.21175650","2024-05-24T14:57:09.980Z","b","maker"
"0.0297700","13464.08824350","2024-05-24T14:57:09.980Z","b","maker"
"0.0297700","11733.82139472","2024-05-24T14:57:09.985Z","b","maker"
"0.0298000","5051.89820578","2024-05-24T14:57:10.004Z","b","maker"
"0.0298800","5270.42553415","2024-05-24T15:14:10.004Z","s","maker"
"0.0295800","311.45443000","2024-05-24T15:30:36.300Z","s","maker"
"0.0295300","16930.76510379","2024-05-24T16:01:11.935Z","s","taker"
"0.0295200","16935.58361818","2024-05-24T16:01:11.935Z","s","taker"
"0.0295100","50826.92959224","2024-05-24T16:01:11.935Z","s","taker"
"0.0295100","1714.81386811","2024-05-24T16:01:11.935Z","s","taker"
"0.0293000","932.96842777","2024-05-24T16:21:25.721Z","s","maker"
"0.0293000","4024.60686456","2024-05-24T16:47:36.118Z","b","taker"
"0.0294900","879.86463621","2024-05-24T17:39:28.536Z","b","maker"
"0.0294700","50000.00000000","2024-05-24T17:44:33.820Z","s","maker"
"0.0298300","931.66227077","2024-05-24T18:12:34.714Z","b","maker"
"0.0296900","305.55759000","2024-05-24T19:04:21.172Z","b","maker"
"0.0296900","5000.00000000","2024-05-24T19:38:08.844Z","b","maker"
"0.0297500","4908.95745000","2024-05-24T19:51:50.357Z","b","maker"
"0.0297800","355.44498000","2024-05-24T19:59:00.030Z","b","maker"
"0.0297400","250.00000000","2024-05-24T20:02:33.738Z","s","maker"
"0.0297200","17967.33212340","2024-05-24T20:02:49.866Z","s","taker"
"0.0297900","387.00445000","2024-05-24T20:22:29.738Z","s","maker"
"0.0298300","5375.50721000","2024-05-24T20:25:54.335Z","b","maker"
"0.0298600","1621.77328000","2024-05-24T20:54:48.576Z","b","maker"
"0.0299700","3336.67000333","2024-05-24T21:46:06.201Z","s","maker"
"0.0298500","386.42797169","2024-05-25T00:13:22.001Z","b","maker"
"0.0299400","603.12900000","2024-05-25T00:35:53.589Z","s","maker"
"0.0299900","879.86463621","2024-05-25T00:42:25.175Z","b","maker"
"0.0297200","250.00000000","2024-05-25T01:33:10.044Z","s","maker"
"0.0299500","5258.10734426","2024-05-25T02:37:39.478Z","s","maker"
"0.0299400","25045.93426230","2024-05-25T02:37:39.478Z","s","maker"
"0.0299400","12122.55839344","2024-05-25T02:37:39.478Z","s","maker"
"0.0299400","12922.22646899","2024-05-25T02:37:39.496Z","s","maker"
"0.0299000","16722.40802675","2024-05-25T02:38:18.815Z","b","maker"
"0.0299000","10984.19197325","2024-05-25T02:38:18.815Z","b","maker"
"0.0299400","3855.00733640","2024-05-25T02:39:28.166Z","s","taker"
"0.0299400","686.36570857","2024-05-25T02:43:18.030Z","s","taker"
"0.0300100","999.66677774","2024-05-25T02:45:19.373Z","b","taker"
"0.0300500","5864.40886953","2024-05-25T03:13:09.655Z","s","taker"
"0.0300800","1387.49350751","2024-05-25T03:21:02.631Z","b","maker"
"0.0301500","4906.79031491","2024-05-25T03:22:03.724Z","s","taker"
"0.0301500","2495.87038196","2024-05-25T03:22:28.144Z","s","taker"
"0.0301500","4024.60686456","2024-05-25T03:22:32.319Z","s","taker"
"0.0301800","1113.16548990","2024-05-25T03:22:46.839Z","s","taker"
"0.0302200","4000.01696921","2024-05-25T03:26:43.986Z","s","taker"
"0.0302100","11787.21316252","2024-05-25T03:26:57.618Z","s","taker"
"0.0301600","16578.84734085","2024-05-25T03:46:40.389Z","b","maker"
"0.0301500","3458.56160316","2024-05-25T03:46:42.403Z","b","maker"
"0.0301500","16585.18198017","2024-05-25T03:46:42.403Z","b","maker"
"0.0301600","26278.25641667","2024-05-25T03:46:42.403Z","b","maker"
"0.0301400","10000.00000000","2024-05-25T03:47:38.258Z","b","maker"
"0.0302300","5206.13292871","2024-05-25T04:09:55.368Z","b","maker"
"0.0302500","16528.19962054","2024-05-25T04:09:57.133Z","b","maker"
"0.0302500","16528.10649728","2024-05-25T04:09:57.509Z","b","maker"
"0.0302500","16526.64815280","2024-05-25T04:09:58.097Z","b","maker"
"0.0302500","16527.39962665","2024-05-25T04:09:58.701Z","b","maker"
"0.0302500","16526.63214611","2024-05-25T04:09:59.075Z","b","maker"
"0.0302500","16528.69434922","2024-05-25T04:10:00.429Z","b","maker"
"0.0302500","16527.36807085","2024-05-25T04:10:00.918Z","b","maker"
"0.0302500","16527.26443510","2024-05-25T04:10:01.624Z","b","maker"
"0.0302500","33993.92019273","2024-05-25T04:10:01.628Z","b","maker"
"0.0302700","918.18716898","2024-05-25T04:10:04.351Z","b","maker"
"0.0302800","16512.29911322","2024-05-25T04:13:32.272Z","s","taker"
"0.0302700","3978.77874839","2024-05-25T04:13:32.272Z","s","taker"
"0.0302800","1059.36544827","2024-05-25T04:14:04.924Z","s","taker"
"0.0302700","1468.22850259","2024-05-25T04:14:32.777Z","s","taker"
"0.0302800","1477.20516000","2024-05-25T04:40:25.053Z","s","maker"
"0.0303400","912.01159463","2024-05-25T04:52:40.277Z","b","maker"
"0.0303400","2160.98159537","2024-05-25T04:52:40.277Z","b","maker"
"0.0303000","3884.03730025","2024-05-25T04:58:55.947Z","s","taker"
"0.0300900","16806.68018000","2024-05-25T06:55:04.331Z","s","maker"
"0.0301000","1660.57788110","2024-05-25T07:01:39.379Z","b","maker"
"0.0300100","467.52480946","2024-05-25T08:25:01.033Z","s","taker"
"0.0300000","10231.66003118","2024-05-25T08:35:48.107Z","s","maker"
"0.0298000","912.01159463","2024-05-25T08:55:55.434Z","s","maker"
"0.0299100","1772.07937000","2024-05-25T09:03:59.623Z","b","maker"
"0.0297300","919.47443437","2024-05-25T13:37:16.517Z","s","maker"
"0.0297300","16493.72916463","2024-05-25T13:38:22.544Z","s","maker"
"0.0297000","456.75070402","2024-05-25T13:38:50.915Z","s","maker"
"0.0298700","207.38917000","2024-05-25T16:36:15.088Z","b","maker"
"0.0298200","16768.47804882","2024-05-25T17:08:51.176Z","b","maker"
"0.0298300","7778.52195118","2024-05-25T17:08:51.176Z","b","maker"
"0.0298300","17367.34010301","2024-05-25T17:08:51.177Z","b","maker"
"0.0298400","9470.45989699","2024-05-25T17:08:51.177Z","b","maker"
"0.0298800","5283.77644183","2024-05-25T17:08:51.196Z","b","maker"
"0.0299200","16707.47768723","2024-05-25T17:09:46.893Z","s","maker"
"0.0298600","16743.48267423","2024-05-25T17:20:14.954Z","s","maker"
"0.0298600","5273.95562493","2024-05-25T17:20:14.954Z","s","maker"
"0.0298500","17507.86170084","2024-05-25T17:20:14.954Z","s","maker"
"0.0298500","7612.95781949","2024-05-25T17:20:14.957Z","s","maker"
"0.0298300","17752.92236635","2024-05-25T17:20:14.963Z","s","maker"
"0.0297000","1874.28486136","2024-05-25T17:45:33.240Z","b","maker"
"0.0299800","3335.53500661","2024-05-25T19:16:14.586Z","b","maker"
"0.0298200","627.74017000","2024-05-25T20:00:06.379Z","b","maker"
"0.0298900","6607.82747716","2024-05-25T20:14:18.703Z","b","maker"
"0.0297700","81.72959000","2024-05-25T20:42:54.642Z","b","maker"
"0.0297800","1280.52384150","2024-05-25T21:05:05.974Z","b","taker"
"0.0297700","1143.70428000","2024-05-25T21:58:33.661Z","b","maker"
"0.0297900","1143.32036000","2024-05-25T21:59:10.549Z","b","maker"
"0.0301600","305.55759000","2024-05-26T01:35:32.380Z","s","maker"
"0.0301900","73.93305000","2024-05-26T01:56:28.826Z","s","maker"
"0.0301500","8002.48287019","2024-05-26T01:59:02.718Z","s","maker"
"0.0301500","1471.41712981","2024-05-26T01:59:02.718Z","s","maker"
"0.0301600","9548.90000000","2024-05-26T01:59:40.528Z","s","maker"
"0.0295900","378.51837826","2024-05-26T04:48:55.188Z","s","maker"
"0.0295800","1390.27405518","2024-05-26T04:49:21.240Z","s","maker"
"0.0295500","250.00000000","2024-05-26T04:50:06.767Z","s","maker"
"0.0296300","498.59397000","2024-05-26T04:53:48.646Z","b","maker"
"0.0296700","627.74017000","2024-05-26T05:52:19.299Z","s","maker"
"0.0295500","5329.28307819","2024-05-26T07:52:26.183Z","s","maker"
"0.0294400","16983.69565217","2024-05-26T08:25:06.714Z","b","taker"
"0.0294400","3514.46872340","2024-05-26T08:25:06.714Z","b","taker"
"0.0294200","3889.08311406","2024-05-26T08:25:48.330Z","b","taker"
"0.0293100","654.28635665","2024-05-26T08:35:38.996Z","s","maker"
"0.0293100","2470.02151418","2024-05-26T08:36:09.195Z","b","taker"
"0.0293000","932.96842777","2024-05-26T08:36:18.860Z","s","maker"
"0.0292700","1061.17071453","2024-05-26T08:36:47.202Z","b","taker"
"0.0292900","11791.51497496","2024-05-26T08:37:04.876Z","b","taker"
"0.0293000","4024.23281840","2024-05-26T08:37:48.214Z","b","taker"
"0.0292500","10163.30385143","2024-05-26T08:50:23.704Z","b","taker"
"0.0292500","1481.07752656","2024-05-26T08:50:25.395Z","b","taker"
"0.0292500","1123.44667409","2024-05-26T08:50:26.764Z","b","taker"
"0.0292800","2496.36610310","2024-05-26T08:50:58.678Z","b","taker"
"0.0292100","4912.01449751","2024-05-26T09:22:49.815Z","b","taker"
"0.0292100","689.58990252","2024-05-26T09:23:41.562Z","b","taker"
"0.0292000","3865.77529286","2024-05-26T09:26:02.824Z","b","taker"
"0.0291800","1409.33195861","2024-05-26T09:27:25.188Z","s","maker"
"0.0291800","8856.54275741","2024-05-26T09:28:18.150Z","b","taker"
"0.0291500","2052.37920809","2024-05-26T09:32:05.367Z","b","taker"
"0.0292000","674.28011906","2024-05-26T09:32:35.157Z","b","taker"
"0.0291100","7570.65095928","2024-05-26T09:47:21.482Z","b","taker"
"0.0290700","4632.71917479","2024-05-26T09:48:40.734Z","b","taker"
"0.0290700","5025.72308782","2024-05-26T09:55:41.905Z","b","taker"
"0.0292200","17113.37317678","2024-05-26T10:21:55.587Z","b","maker"
"0.0292300","17107.57319867","2024-05-26T10:21:55.587Z","b","maker"
"0.0292300","1887.33043455","2024-05-26T10:21:55.587Z","b","maker"
"0.0291800","15801.97161602","2024-05-26T11:27:32.255Z","b","maker"
"0.0291900","5392.60743624","2024-05-26T12:12:36.617Z","b","maker"
"0.0291300","1000.00000000","2024-05-26T12:34:29.136Z","s","maker"
"0.0290600","4684.02499055","2024-05-26T13:14:12.986Z","b","taker"
"0.0291000","50.00000000","2024-05-26T13:17:48.402Z","b","maker"
"0.0289900","1500.07660868","2024-05-26T13:41:00.566Z","b","taker"
"0.0289900","4827.85284280","2024-05-26T13:41:06.514Z","b","taker"
"0.0289800","5127.23487035","2024-05-26T13:41:12.114Z","b","taker"
"0.0291400","3149.19904410","2024-05-26T13:50:30.180Z","b","taker"
"0.0291900","6138.74385835","2024-05-26T15:48:26.262Z","s","maker"
"0.0291700","6852.06117089","2024-05-26T15:51:30.501Z","s","maker"
"0.0291600","4549.38477394","2024-05-26T15:51:32.229Z","s","maker"
"0.0294800","4953.64496134","2024-05-26T16:07:37.008Z","b","maker"
"0.0293300","6026.40218147","2024-05-26T16:17:26.272Z","s","maker"
"0.0293600","5522.68845707","2024-05-26T16:40:49.889Z","b","maker"
"0.0294400","3940.47534209","2024-05-26T16:48:07.610Z","b","maker"
"0.0292900","5971.65560435","2024-05-26T17:02:10.892Z","b","maker"
"0.0293200","23040.90059000","2024-05-26T17:23:08.291Z","s","maker"
"0.0293500","350.36740175","2024-05-26T17:44:44.181Z","s","maker"