"price","volume","time","side","orderType"
"0.02128000","292.00000000","2023-06-27T02:59:31.034Z","buy","taker"
"0.02111000","105061.00000000","2023-06-27T02:59:31.016Z","buy","taker"
"0.02111000","245.00000000","2023-06-27T02:59:19.269Z","buy","taker"
"0.02111000","3024.00000000","2023-06-27T02:59:19.196Z","buy","taker"
"0.02111000","5509.00000000","2023-06-27T02:59:17.336Z","buy","taker"
"0.02111000","12927.00000000","2023-06-27T02:59:16.292Z","buy","taker"
"0.02111000","12927.00000000","2023-06-27T02:59:15.598Z","buy","taker"
"0.02111000","308.00000000","2023-06-27T02:59:15.568Z","buy","taker"
"0.02111000","4363.00000000","2023-06-27T02:59:15.412Z","buy","taker"
"0.02111000","12927.00000000","2023-06-27T02:59:11.752Z","buy","taker"
"0.02111000","336.00000000","2023-06-27T02:59:11.746Z","buy","taker"
"0.02113000","304.00000000","2023-06-27T02:59:11.725Z","sell","maker"
"0.02126000","1318.00000000","2023-06-27T02:22:34.428Z","sell","maker"
"0.02152000","1329.00000000","2023-06-27T02:22:25.380Z","sell","maker"
"0.02152000","25285.00000000","2023-06-27T02:22:25.042Z","sell","maker"
"0.02152000","1570.00000000","2023-06-27T02:22:24.985Z","sell","maker"
"0.02142000","1595.00000000","2023-06-27T02:22:24.976Z","buy","taker"
"0.02143000","4000.00000000","2023-06-27T02:22:24.976Z","buy","taker"
"0.02144000","4000.00000000","2023-06-27T02:22:24.976Z","buy","taker"
"0.02147000","1677.00000000","2023-06-27T02:22:24.976Z","buy","taker"
"0.02147000","446.00000000","2023-06-27T02:22:24.976Z","buy","taker"
"0.02151000","1313.00000000","2023-06-27T02:22:24.976Z","buy","taker"
"0.02152000","18233.00000000","2023-06-27T02:22:24.976Z","buy","taker"
"0.02100000","46172.00000000","2023-06-27T02:22:24.418Z","buy","taker"
"0.02102000","2494.00000000","2023-06-27T02:22:24.413Z","sell","maker"
"0.02101000","1334.00000000","2023-06-27T02:22:24.413Z","sell","maker"
"0.02142000","2191.00000000","2023-06-27T02:14:42.191Z","buy","taker"
"0.02140000","902.00000000","2023-06-27T01:57:23.689Z","buy","taker"
"0.02141000","4000.00000000","2023-06-27T01:57:23.689Z","buy","taker"
"0.02142000","214.00000000","2023-06-27T01:57:23.689Z","buy","taker"
"0.02140000","3098.00000000","2023-06-27T01:57:23.682Z","buy","taker"
"0.02139000","2506.00000000","2023-06-27T01:57:12.379Z","buy","taker"
"0.02139000","1494.00000000","2023-06-27T01:56:33.446Z","buy","taker"
"0.02138000","4000.00000000","2023-06-27T01:55:21.986Z","buy","taker"
"0.02137000","167.00000000","2023-06-27T01:54:38.375Z","buy","taker"
"0.02137000","3833.00000000","2023-06-27T01:54:28.221Z","buy","taker"
"0.02136000","2518.00000000","2023-06-27T01:52:04.711Z","buy","taker"
"0.02136000","1482.00000000","2023-06-27T01:51:54.453Z","buy","taker"
"0.02135000","4000.00000000","2023-06-27T01:51:24.505Z","buy","taker"
"0.02133000","146.00000000","2023-06-27T01:49:39.133Z","buy","taker"
"0.02134000","4000.00000000","2023-06-27T01:49:39.133Z","buy","taker"
"0.02133000","2986.00000000","2023-06-27T01:48:36.897Z","buy","taker"
"0.02133000","4000.00000000","2023-06-27T01:45:07.164Z","buy","taker"
"0.02133000","939.00000000","2023-06-27T01:45:07.164Z","buy","taker"
"0.02132000","2810.00000000","2023-06-27T01:45:02.020Z","buy","taker"
"0.02132000","1190.00000000","2023-06-27T01:44:55.819Z","buy","taker"
"0.02131000","1784.00000000","2023-06-27T01:41:41.260Z","buy","taker"
"0.02127000","4000.00000000","2023-06-27T01:39:31.814Z","buy","taker"
"0.02126000","1329.00000000","2023-06-27T01:27:15.892Z","buy","taker"
"0.02117000","659.00000000","2023-06-27T00:57:04.183Z","buy","taker"
"0.02115000","1702.00000000","2023-06-26T21:07:22.674Z","buy","taker"
"0.02090000","4520.00000000","2023-06-26T20:43:15.352Z","sell","maker"
"0.02102000","900.00000000","2023-06-26T20:43:04.612Z","sell","maker"
"0.02101000","2965.00000000","2023-06-26T20:43:04.612Z","sell","maker"
"0.02077000","590.00000000","2023-06-26T20:43:04.612Z","sell","maker"
"0.02102000","4195.00000000","2023-06-26T20:43:03.317Z","sell","maker"
"0.02102000","4258.00000000","2023-06-26T20:42:59.005Z","sell","maker"
"0.02102000","4589.00000000","2023-06-26T20:42:52.664Z","sell","maker"
"0.02102000","4133.00000000","2023-06-26T20:42:49.688Z","buy","taker"
"0.02099000","3984.00000000","2023-06-26T20:42:46.180Z","sell","maker"
"0.02099000","339.00000000","2023-06-26T20:42:46.180Z","sell","maker"
"0.02104000","1728.00000000","2023-06-26T20:42:20.242Z","sell","maker"
"0.02104000","1606.00000000","2023-06-26T20:41:54.341Z","sell","maker"
"0.02104000","1587.00000000","2023-06-26T20:41:54.204Z","sell","maker"
"0.02104000","1568.00000000","2023-06-26T20:41:54.067Z","sell","maker"
"0.02103000","1166.00000000","2023-06-26T20:41:53.919Z","sell","maker"
"0.02103000","383.00000000","2023-06-26T20:41:53.919Z","sell","maker"
"0.02103000","1531.00000000","2023-06-26T20:41:53.776Z","sell","maker"
"0.02103000","1513.00000000","2023-06-26T20:41:53.626Z","sell","maker"
"0.02103000","1499.00000000","2023-06-26T20:41:53.482Z","sell","maker"
"0.02103000","1478.00000000","2023-06-26T20:41:53.343Z","sell","maker"
"0.02102000","216.00000000","2023-06-26T20:41:52.625Z","sell","maker"
"0.02102000","1244.00000000","2023-06-26T20:41:52.625Z","sell","maker"
"0.02102000","1443.00000000","2023-06-26T20:41:52.269Z","sell","maker"
"0.02102000","1426.00000000","2023-06-26T20:41:51.929Z","sell","maker"
"0.02102000","1409.00000000","2023-06-26T20:41:51.560Z","sell","maker"
"0.02102000","1393.00000000","2023-06-26T20:41:51.238Z","sell","maker"
"0.02102000","1376.00000000","2023-06-26T20:41:51.001Z","sell","maker"
"0.02101000","1360.00000000","2023-06-26T20:41:50.741Z","sell","maker"
"0.02101000","1344.00000000","2023-06-26T20:41:50.382Z","sell","maker"
"0.02101000","659.00000000","2023-06-26T20:41:50.030Z","sell","maker"
"0.02101000","659.00000000","2023-06-26T20:41:49.799Z","sell","maker"
"0.02101000","659.00000000","2023-06-26T20:41:49.651Z","sell","maker"
"0.02101000","659.00000000","2023-06-26T20:41:49.506Z","sell","maker"
"0.02100000","659.00000000","2023-06-26T20:41:49.372Z","sell","maker"
"0.02067000","659.00000000","2023-06-26T20:41:49.240Z","buy","taker"
"0.02108000","1143.00000000","2023-06-26T20:41:48.042Z","sell","maker"
"0.02101000","1334.00000000","2023-06-26T20:41:48.042Z","sell","maker"
"0.02100000","10000.00000000","2023-06-26T20:41:48.042Z","sell","maker"
"0.02099000","876.00000000","2023-06-26T20:41:48.042Z","sell","maker"
"0.02086000","4076.00000000","2023-06-26T20:41:48.042Z","sell","maker"
"0.02077000","1349.00000000","2023-06-26T20:41:48.042Z","sell","maker"
"0.02068000","1709.00000000","2023-06-26T20:41:48.042Z","sell","maker"
"0.02067000","659.00000000","2023-06-26T20:41:48.042Z","sell","maker"
"0.02055000","4137.00000000","2023-06-26T20:41:48.042Z","sell","maker"
"0.02053000","1365.00000000","2023-06-26T20:41:48.042Z","sell","maker"
"0.02041000","14993.00000000","2023-06-26T20:41:48.042Z","sell","maker"
"0.02037000","1735.00000000","2023-06-26T20:41:48.042Z","sell","maker"
"0.02029000","1381.00000000","2023-06-26T20:41:48.042Z","sell","maker"
"0.02025000","4199.00000000","2023-06-26T20:41:48.042Z","sell","maker"
"0.02018000","659.00000000","2023-06-26T20:41:48.042Z","sell","maker"
"0.02005000","1398.00000000","2023-06-26T20:41:48.042Z","sell","maker"
"0.01995000","4262.00000000","2023-06-26T20:41:48.042Z","sell","maker"
"0.01982000","1414.00000000","2023-06-26T20:41:48.042Z","sell","maker"
"0.01968000","659.00000000","2023-06-26T20:41:48.042Z","sell","maker"
"0.01965000","4327.00000000","2023-06-26T20:41:48.042Z","sell","maker"
"0.01959000","1431.00000000","2023-06-26T20:41:48.042Z","sell","maker"
"0.01936000","1448.00000000","2023-06-26T20:41:48.042Z","sell","maker"
"0.01919000","659.00000000","2023-06-26T20:41:48.042Z","sell","maker"
"0.01913000","1465.00000000","2023-06-26T20:41:48.042Z","sell","maker"
"0.01907000","4459.00000000","2023-06-26T20:41:48.042Z","sell","maker"
"0.01890000","1483.00000000","2023-06-26T20:41:48.042Z","sell","maker"
"0.01879000","1813.00000000","2023-06-26T20:41:48.042Z","sell","maker"
"0.01869000","659.00000000","2023-06-26T20:41:48.042Z","sell","maker"
"0.01868000","478.00000000","2023-06-26T20:41:48.042Z","sell","maker"
"0.01851000","4593.00000000","2023-06-26T20:41:48.042Z","sell","maker"
"0.01850000","650.00000000","2023-06-26T20:41:48.042Z","sell","maker"
"0.01845000","1519.00000000","2023-06-26T20:41:48.042Z","sell","maker"
"0.01823000","1537.00000000","2023-06-26T20:41:48.042Z","sell","maker"
"0.01820000","659.00000000","2023-06-26T20:41:48.042Z","sell","maker"
"0.01802000","1555.00000000","2023-06-26T20:41:48.042Z","sell","maker"
"0.01780000","1574.00000000","2023-06-26T20:41:48.042Z","sell","maker"
"0.01770000","659.00000000","2023-06-26T20:41:48.042Z","sell","maker"
"0.01759000","1593.00000000","2023-06-26T20:41:48.042Z","sell","maker"
"0.01738000","1612.00000000","2023-06-26T20:41:48.042Z","sell","maker"
"0.01721000","222.00000000","2023-06-26T20:41:48.042Z","sell","maker"
"0.02117000","555.00000000","2023-06-26T20:35:31.979Z","sell","maker"
"0.02117000","52.00000000","2023-06-26T20:35:23.658Z","sell","maker"
"0.02117000","52.00000000","2023-06-26T20:33:56.122Z","sell","maker"
"0.02126000","1318.00000000","2023-06-26T20:03:39.006Z","sell","maker"
"0.02131000","2216.00000000","2023-06-26T19:31:57.615Z","buy","taker"
"0.02130000","4000.00000000","2023-06-26T19:31:01.885Z","buy","taker"
"0.02130000","11070.00000000","2023-06-26T19:31:01.885Z","buy","taker"
"0.02129000","4000.00000000","2023-06-26T19:30:46.411Z","buy","taker"
"0.02128000","1123.00000000","2023-06-26T19:30:44.403Z","buy","taker"
"0.02128000","2877.00000000","2023-06-26T19:30:44.383Z","sell","maker"
"0.02127000","1104.00000000","2023-06-26T19:30:42.380Z","buy","taker"
"0.02127000","2896.00000000","2023-06-26T19:30:42.369Z","sell","maker"
"0.02158000","10.00000000","2023-06-26T16:53:45.212Z","sell","maker"
"0.02158000","685.00000000","2023-06-26T16:44:40.513Z","sell","maker"
"0.02158000","230.00000000","2023-06-26T16:44:40.513Z","sell","maker"
"0.02164000","581.00000000","2023-06-26T16:31:16.021Z","buy","taker"
"0.02164000","3739.00000000","2023-06-26T16:03:15.087Z","buy","taker"
"0.02163000","1329.00000000","2023-06-26T15:33:31.954Z","sell","maker"
"0.02163000","1313.00000000","2023-06-26T15:33:31.800Z","sell","maker"
"0.02166000","659.00000000","2023-06-26T15:33:31.496Z","buy","taker"
"0.02172000","1695.00000000","2023-06-26T15:33:31.010Z","sell","maker"
"0.02151000","1303.00000000","2023-06-26T15:33:31.010Z","sell","maker"
"0.02130000","1659.00000000","2023-06-26T15:33:31.010Z","sell","maker"
"0.02126000","1318.00000000","2023-06-26T15:33:31.010Z","sell","maker"
"0.02117000","3104.00000000","2023-06-26T15:33:31.010Z","sell","maker"
"0.02117000","659.00000000","2023-06-26T15:33:31.010Z","sell","maker"
"0.02101000","1334.00000000","2023-06-26T15:33:31.010Z","sell","maker"
"0.02099000","808.00000000","2023-06-26T15:33:31.010Z","sell","maker"
"0.02171000","1001.00000000","2023-06-26T15:29:12.931Z","buy","taker"
"0.02177000","998.00000000","2023-06-26T15:29:09.676Z","buy","taker"
"0.02180000","1652.00000000","2023-06-26T15:11:31.557Z","sell","maker"
"0.02182000","361.00000000","2023-06-26T15:11:30.094Z","buy","taker"
"0.02182000","575.00000000","2023-06-26T15:11:29.564Z","buy","taker"
"0.02178000","659.00000000","2023-06-26T15:11:02.216Z","sell","maker"
"0.02192000","270.00000000","2023-06-26T15:11:00.150Z","sell","maker"
"0.02190000","3210.00000000","2023-06-26T15:11:00.150Z","sell","maker"
"0.02146000","1213.00000000","2023-06-26T15:11:00.150Z","sell","maker"
"0.02130000","1659.00000000","2023-06-26T15:11:00.150Z","sell","maker"
"0.02117000","659.00000000","2023-06-26T15:11:00.150Z","sell","maker"
"0.02117000","912.00000000","2023-06-26T15:11:00.150Z","sell","maker"
"0.02188000","4258.00000000","2023-06-26T15:00:28.126Z","sell","maker"
"0.02187000","4195.00000000","2023-06-26T15:00:24.212Z","sell","maker"
"0.02187000","4071.00000000","2023-06-26T15:00:21.476Z","sell","maker"
"0.02187000","4323.00000000","2023-06-26T15:00:15.825Z","sell","maker"
"0.02187000","4011.00000000","2023-06-26T15:00:11.869Z","sell","maker"
"0.02187000","4454.00000000","2023-06-26T15:00:09.206Z","sell","maker"
"0.02186000","4133.00000000","2023-06-26T14:59:52.701Z","sell","maker"
"0.02186000","422.00000000","2023-06-26T14:59:49.435Z","sell","maker"
"0.02186000","1280.00000000","2023-06-26T14:59:49.435Z","sell","maker"
"0.02186000","1728.00000000","2023-06-26T14:59:46.627Z","sell","maker"
"0.02184000","1209.00000000","2023-06-26T14:59:30.114Z","sell","maker"
"0.02184000","1677.00000000","2023-06-26T14:59:29.955Z","sell","maker"
"0.02184000","1652.00000000","2023-06-26T14:59:26.083Z","sell","maker"
"0.02200000","128.00000000","2023-06-26T14:59:13.168Z","buy","taker"
"0.02182000","1478.00000000","2023-06-26T14:59:06.806Z","sell","maker"
"0.02182000","1460.00000000","2023-06-26T14:59:06.650Z","sell","maker"
"0.02182000","1443.00000000","2023-06-26T14:59:06.420Z","sell","maker"
"0.02182000","1426.00000000","2023-06-26T14:59:06.207Z","sell","maker"
"0.02182000","1409.00000000","2023-06-26T14:59:06.061Z","sell","maker"
"0.02182000","1393.00000000","2023-06-26T14:59:05.825Z","sell","maker"
"0.02182000","1376.00000000","2023-06-26T14:59:05.676Z","sell","maker"
"0.02182000","1360.00000000","2023-06-26T14:59:05.467Z","sell","maker"
"0.02182000","1344.00000000","2023-06-26T14:59:05.258Z","sell","maker"
"0.02182000","1329.00000000","2023-06-26T14:59:04.939Z","sell","maker"
"0.02182000","1313.00000000","2023-06-26T14:59:04.613Z","sell","maker"
"0.02182000","1298.00000000","2023-06-26T14:59:04.282Z","sell","maker"
"0.02182000","659.00000000","2023-06-26T14:59:04.059Z","sell","maker"
"0.02182000","659.00000000","2023-06-26T14:59:03.807Z","sell","maker"
"0.02182000","659.00000000","2023-06-26T14:59:03.490Z","sell","maker"
"0.02182000","659.00000000","2023-06-26T14:59:03.194Z","sell","maker"
"0.02166000","659.00000000","2023-06-26T14:59:02.981Z","buy","taker"
"0.02194000","240.00000000","2023-06-26T14:59:01.723Z","sell","maker"
"0.02193000","4108.00000000","2023-06-26T14:59:01.723Z","sell","maker"
"0.02187000","1096.00000000","2023-06-26T14:59:01.723Z","sell","maker"
"0.02181000","3898.00000000","2023-06-26T14:59:01.723Z","sell","maker"
"0.02179000","1194.00000000","2023-06-26T14:59:01.723Z","sell","maker"
"0.02176000","1288.00000000","2023-06-26T14:59:01.723Z","sell","maker"
"0.02166000","659.00000000","2023-06-26T14:59:01.723Z","sell","maker"
"0.02161000","1635.00000000","2023-06-26T14:59:01.723Z","sell","maker"
"0.02151000","1303.00000000","2023-06-26T14:59:01.723Z","sell","maker"
"0.02149000","3956.00000000","2023-06-26T14:59:01.723Z","sell","maker"
"0.02146000","1213.00000000","2023-06-26T14:59:01.723Z","sell","maker"
"0.02130000","1659.00000000","2023-06-26T14:59:01.723Z","sell","maker"
"0.02126000","1318.00000000","2023-06-26T14:59:01.723Z","sell","maker"
"0.02117000","659.00000000","2023-06-26T14:59:01.723Z","sell","maker"
"0.02117000","4016.00000000","2023-06-26T14:59:01.723Z","sell","maker"
"0.02101000","1334.00000000","2023-06-26T14:59:01.723Z","sell","maker"
"0.02099000","1684.00000000","2023-06-26T14:59:01.723Z","sell","maker"
"0.02086000","4076.00000000","2023-06-26T14:59:01.723Z","sell","maker"
"0.02077000","177.00000000","2023-06-26T14:59:01.723Z","sell","maker"
"0.02068000","1709.00000000","2023-06-26T14:59:01.723Z","sell","maker"
"0.02067000","659.00000000","2023-06-26T14:59:01.723Z","sell","maker"
"0.02055000","4137.00000000","2023-06-26T14:59:01.723Z","sell","maker"
"0.02053000","1365.00000000","2023-06-26T14:59:01.723Z","sell","maker"
"0.02037000","1735.00000000","2023-06-26T14:59:01.723Z","sell","maker"
"0.02029000","1381.00000000","2023-06-26T14:59:01.723Z","sell","maker"
"0.02025000","4199.00000000","2023-06-26T14:59:01.723Z","sell","maker"
"0.02018000","659.00000000","2023-06-26T14:59:01.723Z","sell","maker"
"0.02005000","1398.00000000","2023-06-26T14:59:01.723Z","sell","maker"
"0.01995000","931.00000000","2023-06-26T14:59:01.723Z","sell","maker"
"0.01982000","1414.00000000","2023-06-26T14:59:01.723Z","sell","maker"
"0.01968000","659.00000000","2023-06-26T14:59:01.723Z","sell","maker"
"0.01965000","4327.00000000","2023-06-26T14:59:01.723Z","sell","maker"
"0.01959000","1431.00000000","2023-06-26T14:59:01.723Z","sell","maker"
"0.01955000","22222.00000000","2023-06-26T14:59:01.723Z","sell","maker"
"0.01936000","1448.00000000","2023-06-26T14:59:01.723Z","sell","maker"
"0.01919000","659.00000000","2023-06-26T14:59:01.723Z","sell","maker"
"0.01913000","1465.00000000","2023-06-26T14:59:01.723Z","sell","maker"
"0.01907000","4459.00000000","2023-06-26T14:59:01.723Z","sell","maker"
"0.01890000","1483.00000000","2023-06-26T14:59:01.723Z","sell","maker"
"0.01879000","2712.00000000","2023-06-26T14:59:01.723Z","sell","maker"
"0.02201000","1273.00000000","2023-06-26T14:43:45.091Z","sell","maker"
"0.02214000","194.00000000","2023-06-26T14:20:07.448Z","sell","maker"
"0.02236000","192.00000000","2023-06-26T13:56:10.402Z","buy","taker"
"0.02227000","1268.00000000","2023-06-26T13:39:54.925Z","buy","taker"
"0.02214000","194.00000000","2023-06-26T13:34:23.470Z","buy","taker"
"0.02225000","2388.00000000","2023-06-26T13:24:26.794Z","buy","taker"
"0.02194000","495.00000000","2023-06-26T12:42:25.401Z","buy","taker"
"0.02194000","17.00000000","2023-06-26T12:23:02.117Z","sell","maker"
"0.02195000","567.00000000","2023-06-26T11:39:09.617Z","sell","maker"
"0.02201000","13.00000000","2023-06-26T10:10:00.401Z","sell","maker"
"0.02194000","1594.00000000","2023-06-26T10:10:00.401Z","sell","maker"
"0.02212000","24.00000000","2023-06-26T10:07:29.288Z","sell","maker"
"0.02201000","1260.00000000","2023-06-26T10:07:29.288Z","sell","maker"
"0.02212000","1152.00000000","2023-06-26T09:54:36.207Z","sell","maker"
"0.02249000","1174.00000000","2023-06-26T09:47:58.666Z","buy","taker"
"0.02244000","1605.00000000","2023-06-26T09:47:47.932Z","buy","taker"
"0.02231000","3894.00000000","2023-06-26T09:43:54.816Z","buy","taker"
"0.02227000","1268.00000000","2023-06-26T09:43:05.925Z","buy","taker"
"0.02224000","1093.00000000","2023-06-26T09:43:02.200Z","buy","taker"
"0.02216000","1191.00000000","2023-06-26T09:41:55.238Z","buy","taker"
"0.02216000","659.00000000","2023-06-26T09:41:55.238Z","buy","taker"
"0.02210000","1628.00000000","2023-06-26T09:41:36.111Z","buy","taker"
"0.02201000","1283.00000000","2023-06-26T09:40:45.311Z","buy","taker"
"0.02198000","3952.00000000","2023-06-26T09:39:29.750Z","buy","taker"
"0.02182000","1209.00000000","2023-06-26T06:34:35.043Z","buy","taker"
"0.02178000","1652.00000000","2023-06-26T04:46:23.094Z","buy","taker"
"0.02176000","1019.00000000","2023-06-26T04:45:57.619Z","buy","taker"
"0.02176000","279.00000000","2023-06-26T04:45:52.903Z","buy","taker"
"0.02170000","291.00000000","2023-06-26T04:38:53.775Z","buy","taker"
"0.02166000","659.00000000","2023-06-26T04:36:59.296Z","buy","taker"
"0.02165000","4012.00000000","2023-06-26T04:36:31.571Z","buy","taker"
"0.02151000","1313.00000000","2023-06-26T03:57:13.453Z","buy","taker"
"0.02149000","13346.00000000","2023-06-26T03:53:43.177Z","buy","taker"
"0.02117000","659.00000000","2023-06-26T02:25:55.250Z","sell","maker"
"0.02117000","4016.00000000","2023-06-26T02:25:55.250Z","sell","maker"
"0.02118000","853.00000000","2023-06-26T02:25:20.082Z","sell","maker"
"0.02118000","3644.00000000","2023-06-26T01:37:30.318Z","sell","maker"
"0.02126000","1318.00000000","2023-06-26T00:50:21.356Z","sell","maker"
"0.02126000","264.00000000","2023-06-26T00:50:21.356Z","sell","maker"
"0.02127000","176.00000000","2023-06-26T00:50:11.935Z","sell","maker"
"0.02127000","682.00000000","2023-06-26T00:50:03.209Z","sell","maker"
"0.02141000","782.00000000","2023-06-26T00:39:11.124Z","sell","maker"
"0.02141000","781.00000000","2023-06-26T00:39:11.124Z","sell","maker"
"0.02170000","264.00000000","2023-06-25T21:55:55.874Z","buy","taker"
"0.02166000","659.00000000","2023-06-25T20:06:35.061Z","buy","taker"
"0.02165000","2781.00000000","2023-06-25T20:06:14.091Z","buy","taker"
"0.02165000","1230.00000000","2023-06-25T20:05:59.357Z","buy","taker"
"0.02133000","4072.00000000","2023-06-25T18:52:21.018Z","buy","taker"
"0.02151000","1313.00000000","2023-06-25T18:51:54.985Z","buy","taker"
"0.02147000","1678.00000000","2023-06-25T18:51:42.511Z","buy","taker"
"0.02126000","270.00000000","2023-06-25T18:51:18.583Z","sell","maker"
"0.02126000","180.00000000","2023-06-25T18:51:15.481Z","buy","taker"
"0.02126000","1149.00000000","2023-06-25T18:51:15.477Z","buy","taker"
"0.02133000","2840.00000000","2023-06-25T18:51:13.871Z","sell","maker"
"0.02130000","1659.00000000","2023-06-25T18:51:13.871Z","sell","maker"
"0.02126000","1318.00000000","2023-06-25T18:51:13.871Z","sell","maker"
"0.02126000","264.00000000","2023-06-25T18:51:13.871Z","sell","maker"
"0.02117000","659.00000000","2023-06-25T18:51:13.871Z","sell","maker"
"0.02117000","4016.00000000","2023-06-25T18:51:13.871Z","sell","maker"
"0.02101000","1334.00000000","2023-06-25T18:51:13.871Z","sell","maker"
"0.02099000","1684.00000000","2023-06-25T18:51:13.871Z","sell","maker"
"0.02086000","4076.00000000","2023-06-25T18:51:13.871Z","sell","maker"
"0.02083000","270.00000000","2023-06-25T18:51:13.871Z","sell","maker"
"0.02077000","1172.00000000","2023-06-25T18:51:13.871Z","sell","maker"
"0.02140000","935.00000000","2023-06-25T18:13:40.145Z","sell","maker"
"0.02140000","27312.00000000","2023-06-25T16:44:39.860Z","buy","taker"
"0.02141000","3122.00000000","2023-06-25T16:44:39.856Z","sell","maker"
"0.02140000","45.00000000","2023-06-25T15:46:16.155Z","buy","taker"
"0.02140000","25022.00000000","2023-06-25T15:46:16.154Z","buy","taker"
"0.02150000","157.00000000","2023-06-25T15:46:16.148Z","sell","maker"
"0.02150000","156.00000000","2023-06-25T15:46:16.148Z","sell","maker"
"0.02147000","7856.00000000","2023-06-25T15:46:16.148Z","sell","maker"
"0.02140000","558.00000000","2023-06-25T14:58:07.311Z","buy","taker"
"0.02140000","6920.00000000","2023-06-25T14:58:05.074Z","buy","taker"
"0.02140000","2895.00000000","2023-06-25T14:57:47.641Z","buy","taker"
"0.02140000","1403.00000000","2023-06-25T14:57:38.256Z","buy","taker"
"0.02140000","2286.00000000","2023-06-25T14:57:38.020Z","buy","taker"
"0.02140000","2895.00000000","2023-06-25T14:57:37.947Z","buy","taker"
"0.02146000","1213.00000000","2023-06-25T14:57:37.940Z","sell","maker"
"0.02140000","2880.00000000","2023-06-25T14:57:37.940Z","sell","maker"
"0.02149000","3956.00000000","2023-06-25T14:54:32.164Z","sell","maker"
"0.02151000","427.00000000","2023-06-25T14:52:18.370Z","sell","maker"
"0.02151000","82.00000000","2023-06-25T14:52:17.848Z","sell","maker"
"0.02151000","62.00000000","2023-06-25T14:52:07.728Z","sell","maker"
"0.02151000","111.00000000","2023-06-25T14:52:02.366Z","sell","maker"
"0.02152000","1014.00000000","2023-06-25T14:39:57.704Z","sell","maker"
"0.02151000","621.00000000","2023-06-25T14:16:09.792Z","sell","maker"
"0.02161000","17.00000000","2023-06-25T13:33:15.666Z","sell","maker"
"0.02161000","1618.00000000","2023-06-25T13:33:15.656Z","sell","maker"
"0.02166000","158.00000000","2023-06-25T13:32:02.986Z","sell","maker"
"0.02166000","501.00000000","2023-06-25T13:26:35.470Z","sell","maker"
"0.02176000","1288.00000000","2023-06-25T13:14:05.306Z","sell","maker"
"0.02179000","1194.00000000","2023-06-25T13:13:50.339Z","sell","maker"
"0.02181000","3898.00000000","2023-06-25T13:13:36.151Z","sell","maker"
"0.02187000","1096.00000000","2023-06-25T13:05:26.720Z","sell","maker"
"0.02194000","1611.00000000","2023-06-25T11:39:00.982Z","sell","maker"
"0.02201000","1273.00000000","2023-06-25T10:58:23.045Z","sell","maker"
"0.02212000","295.00000000","2023-06-25T10:21:55.264Z","sell","maker"
"0.02212000","822.00000000","2023-06-25T10:21:52.085Z","sell","maker"
"0.02212000","59.00000000","2023-06-25T10:21:49.942Z","sell","maker"
"0.02217000","5137.00000000","2023-06-25T10:14:27.750Z","sell","maker"
"0.02223000","7685.00000000","2023-06-25T10:14:18.656Z","sell","maker"
"0.02220000","3420.00000000","2023-06-25T10:14:16.959Z","sell","maker"
"0.02220000","1001.00000000","2023-06-25T10:14:15.708Z","sell","maker"
"0.02220000","79.00000000","2023-06-25T10:13:56.162Z","sell","maker"
"0.02227000","1177.00000000","2023-06-25T09:56:17.479Z","sell","maker"
"0.02227000","82.00000000","2023-06-25T09:56:04.171Z","sell","maker"
"0.02257000","522.00000000","2023-06-25T09:06:06.252Z","buy","taker"
"0.02257000","555.00000000","2023-06-25T09:04:05.610Z","buy","taker"
"0.02253000","1259.00000000","2023-06-25T08:54:22.026Z","buy","taker"
"0.02249000","429.00000000","2023-06-25T08:35:22.468Z","buy","taker"
"0.02249000","360.00000000","2023-06-25T08:35:12.684Z","buy","taker"
"0.02249000","51.00000000","2023-06-25T08:34:20.299Z","buy","taker"
"0.02249000","334.00000000","2023-06-25T08:33:54.426Z","buy","taker"
"0.02246000","9487.00000000","2023-06-25T08:16:22.891Z","buy","taker"
"0.02244000","1605.00000000","2023-06-25T08:16:20.735Z","buy","taker"
"0.02231000","3894.00000000","2023-06-25T07:43:24.008Z","buy","taker"
"0.02227000","1273.00000000","2023-06-25T07:43:09.183Z","buy","taker"
"0.02224000","1093.00000000","2023-06-25T07:42:57.083Z","buy","taker"
"0.02216000","1192.00000000","2023-06-25T07:42:14.267Z","buy","taker"
"0.02216000","659.00000000","2023-06-25T07:42:14.267Z","buy","taker"
"0.02210000","1628.00000000","2023-06-25T07:41:21.682Z","buy","taker"
"0.02201000","1283.00000000","2023-06-25T07:39:06.764Z","buy","taker"
"0.02161000","4882.00000000","2023-06-25T05:26:22.891Z","buy","taker"
"0.02161000","162.00000000","2023-06-25T05:02:45.378Z","buy","taker"
"0.02161000","1605.00000000","2023-06-25T05:02:42.208Z","buy","taker"
"0.02161000","94.00000000","2023-06-25T05:02:14.224Z","buy","taker"
"0.02161000","1601.00000000","2023-06-25T05:02:08.065Z","buy","taker"
"0.02161000","2153.00000000","2023-06-25T05:01:41.645Z","buy","taker"
"0.02161000","175.00000000","2023-06-25T05:01:34.738Z","buy","taker"
"0.02161000","179.00000000","2023-06-25T05:01:23.194Z","buy","taker"
"0.02161000","1635.00000000","2023-06-25T04:38:00.532Z","sell","maker"
"0.02176000","1288.00000000","2023-06-25T04:33:52.228Z","sell","maker"
"0.02201000","1312.00000000","2023-06-25T03:29:11.422Z","sell","maker"
"0.02201000","84.00000000","2023-06-25T03:29:09.138Z","sell","maker"
"0.02210000","19.00000000","2023-06-25T03:06:49.246Z","buy","taker"
"0.02210000","374.00000000","2023-06-25T03:06:44.978Z","buy","taker"
"0.02210000","275.00000000","2023-06-25T03:06:42.023Z","buy","taker"
"0.02210000","175.00000000","2023-06-25T03:03:20.770Z","buy","taker"
"0.02210000","218.00000000","2023-06-25T03:03:19.259Z","buy","taker"
"0.02210000","86.00000000","2023-06-25T03:03:17.110Z","buy","taker"
"0.02210000","95.00000000","2023-06-25T03:03:16.425Z","buy","taker"
"0.02210000","213.00000000","2023-06-25T03:03:15.107Z","buy","taker"
"0.02210000","173.00000000","2023-06-25T03:03:14.552Z","buy","taker"
"0.02201000","1283.00000000","2023-06-25T02:50:46.461Z","buy","taker"
"0.02198000","905.00000000","2023-06-25T02:50:43.802Z","buy","taker"
"0.02198000","315.00000000","2023-06-25T02:50:42.261Z","buy","taker"
"0.02198000","205.00000000","2023-06-25T02:50:37.185Z","buy","taker"
"0.02198000","2042.00000000","2023-06-25T02:50:35.988Z","buy","taker"
"0.02198000","486.00000000","2023-06-25T02:50:35.201Z","buy","taker"
"0.02158000","65.00000000","2023-06-25T02:17:48.974Z","buy","taker"
"0.02158000","28609.00000000","2023-06-25T02:17:48.848Z","buy","taker"
"0.02158000","64.00000000","2023-06-25T02:17:48.836Z","buy","taker"
"0.02158000","32322.00000000","2023-06-25T02:17:48.836Z","buy","taker"
"0.02158000","64.00000000","2023-06-25T02:17:48.835Z","buy","taker"
"0.02158000","36904.00000000","2023-06-25T02:17:48.832Z","buy","taker"
"0.02158000","4582.00000000","2023-06-25T02:17:48.827Z","sell","maker"
"0.02158000","2677.00000000","2023-06-25T02:17:48.827Z","sell","maker"
"0.02182000","1180.00000000","2023-06-25T01:42:46.837Z","buy","taker"
"0.02179000","3074.00000000","2023-06-25T01:42:42.759Z","buy","taker"
"0.02182000","29.00000000","2023-06-25T01:42:42.759Z","buy","taker"
"0.02179000","2371.00000000","2023-06-25T01:42:40.174Z","buy","taker"
"0.02179000","53.00000000","2023-06-25T01:42:39.706Z","buy","taker"
"0.02179000","8423.00000000","2023-06-25T01:42:38.576Z","buy","taker"
"0.02179000","8534.00000000","2023-06-25T01:42:37.830Z","buy","taker"
"0.02179000","85.00000000","2023-06-25T01:42:37.827Z","buy","taker"
"0.02179000","838.00000000","2023-06-25T01:42:36.819Z","buy","taker"
"0.02179000","799.00000000","2023-06-25T01:42:36.083Z","buy","taker"
"0.02179000","407.00000000","2023-06-25T01:42:33.532Z","buy","taker"
"0.02179000","4017.00000000","2023-06-25T01:42:32.179Z","buy","taker"
"0.02179000","1018.00000000","2023-06-25T01:42:17.843Z","buy","taker"
"0.02179000","2592.00000000","2023-06-25T01:42:16.585Z","buy","taker"
"0.02179000","7123.00000000","2023-06-25T01:39:13.610Z","buy","taker"
"0.02179000","25346.00000000","2023-06-25T01:39:10.215Z","buy","taker"
"0.02179000","28163.00000000","2023-06-25T01:39:09.562Z","buy","taker"
"0.02179000","1284.00000000","2023-06-25T01:39:04.931Z","buy","taker"
"0.02179000","99.00000000","2023-06-25T01:39:01.207Z","buy","taker"
"0.02179000","991.00000000","2023-06-25T01:38:58.881Z","buy","taker"
"0.02179000","9872.00000000","2023-06-25T01:38:57.658Z","buy","taker"
"0.02179000","971.00000000","2023-06-25T01:38:37.557Z","buy","taker"
"0.02179000","9716.00000000","2023-06-25T01:38:34.769Z","buy","taker"
"0.02179000","15353.00000000","2023-06-25T01:38:21.438Z","buy","taker"
"0.02179000","6913.00000000","2023-06-25T01:38:12.701Z","buy","taker"
"0.02179000","8353.00000000","2023-06-25T01:38:11.662Z","buy","taker"
"0.02179000","3165.00000000","2023-06-25T01:37:54.917Z","buy","taker"
"0.02179000","62067.00000000","2023-06-25T01:37:46.160Z","buy","taker"
"0.02179000","36571.00000000","2023-06-25T01:37:20.356Z","buy","taker"
"0.02178000","1653.00000000","2023-06-25T01:37:19.335Z","buy","taker"
"0.02176000","1298.00000000","2023-06-25T01:21:43.978Z","buy","taker"
"0.02166000","659.00000000","2023-06-25T01:18:52.021Z","buy","taker"
"0.02165000","4012.00000000","2023-06-25T01:18:25.942Z","buy","taker"
"0.02151000","1313.00000000","2023-06-25T01:14:21.880Z","buy","taker"
"0.02147000","1677.00000000","2023-06-25T01:13:11.877Z","buy","taker"
"0.02126000","1329.00000000","2023-06-24T23:52:10.617Z","buy","taker"
"0.02100000","13778.00000000","2023-06-24T23:12:17.638Z","sell","maker"
"0.02099000","4373.00000000","2023-06-24T23:05:23.474Z","buy","taker"
"0.02099000","1256.00000000","2023-06-24T23:05:23.242Z","buy","taker"
"0.02099000","1256.00000000","2023-06-24T23:05:23.014Z","buy","taker"
"0.02099000","1256.00000000","2023-06-24T23:05:22.792Z","buy","taker"
"0.02099000","605.00000000","2023-06-24T23:05:22.748Z","buy","taker"
"0.02099000","5969.00000000","2023-06-24T23:05:21.866Z","buy","taker"
"0.02099000","285.00000000","2023-06-24T23:05:21.853Z","sell","maker"
"0.02099000","55.00000000","2023-06-24T19:11:19.665Z","sell","maker"
"0.02099000","544.00000000","2023-06-24T19:11:15.731Z","sell","maker"
"0.02099000","77.00000000","2023-06-24T19:10:51.281Z","sell","maker"
"0.02099000","99.00000000","2023-06-24T19:08:35.497Z","sell","maker"
"0.02099000","100.00000000","2023-06-24T19:08:24.495Z","sell","maker"
"0.02099000","173.00000000","2023-06-24T19:05:34.474Z","sell","maker"
"0.02101000","1334.00000000","2023-06-24T19:05:28.063Z","sell","maker"
"0.02130000","1329.00000000","2023-06-24T16:08:21.734Z","sell","maker"
"0.02155000","2935.00000000","2023-06-24T16:08:20.906Z","sell","maker"
"0.02151000","1303.00000000","2023-06-24T16:08:20.906Z","sell","maker"
"0.02149000","3956.00000000","2023-06-24T16:08:20.906Z","sell","maker"
"0.02146000","1213.00000000","2023-06-24T16:08:20.906Z","sell","maker"
"0.02130000","1659.00000000","2023-06-24T16:08:20.906Z","sell","maker"
"0.02126000","1318.00000000","2023-06-24T16:08:20.906Z","sell","maker"
"0.02117000","659.00000000","2023-06-24T16:08:20.906Z","sell","maker"
"0.02117000","4016.00000000","2023-06-24T16:08:20.906Z","sell","maker"
"0.02101000","1334.00000000","2023-06-24T16:08:20.906Z","sell","maker"
"0.02099000","351.00000000","2023-06-24T16:08:20.906Z","sell","maker"
"0.02156000","5176.00000000","2023-06-24T15:50:42.636Z","sell","maker"
"0.02156000","12515.00000000","2023-06-24T15:50:42.636Z","sell","maker"
"0.02155000","74977.00000000","2023-06-24T15:50:42.636Z","sell","maker"
"0.02167000","3652.00000000","2023-06-24T15:38:21.285Z","sell","maker"
"0.02166000","659.00000000","2023-06-24T15:38:21.285Z","sell","maker"
"0.02161000","1635.00000000","2023-06-24T15:38:21.285Z","sell","maker"
"0.02155000","227257.00000000","2023-06-24T15:38:21.285Z","sell","maker"
"0.02167000","1147.00000000","2023-06-24T15:28:36.387Z","sell","maker"
"0.02176000","141.00000000","2023-06-24T15:28:32.499Z","sell","maker"
"0.02167000","1006.00000000","2023-06-24T15:28:32.499Z","sell","maker"
"0.02176000","1147.00000000","2023-06-24T15:28:29.484Z","sell","maker"
"0.02179000","61.00000000","2023-06-24T07:14:34.274Z","sell","maker"
"0.02187000","215.00000000","2023-06-24T06:11:12.792Z","sell","maker"
"0.02180000","224.00000000","2023-06-24T06:11:12.792Z","sell","maker"
"0.02179000","1133.00000000","2023-06-24T06:11:12.792Z","sell","maker"
"0.02188000","1123.00000000","2023-06-24T05:44:29.046Z","sell","maker"
"0.02188000","1123.00000000","2023-06-24T05:44:12.688Z","sell","maker"
"0.02192000","242.00000000","2023-06-24T05:44:09.083Z","sell","maker"
"0.02187000","881.00000000","2023-06-24T05:44:09.083Z","sell","maker"
"0.02226000","2974.00000000","2023-06-24T05:06:49.944Z","buy","taker"
"0.02224000","2269.00000000","2023-06-24T05:05:44.436Z","sell","maker"
"0.02224000","64.00000000","2023-06-24T05:05:44.413Z","sell","maker"
"0.02224000","64.00000000","2023-06-24T05:05:44.412Z","sell","maker"
"0.02224000","620.00000000","2023-06-24T05:05:44.412Z","sell","maker"
"0.02224000","64.00000000","2023-06-24T05:05:44.412Z","sell","maker"
"0.02224000","64.00000000","2023-06-24T05:05:44.412Z","sell","maker"
"0.02224000","1094.00000000","2023-06-24T05:05:44.409Z","buy","taker"
"0.02224000","10791.00000000","2023-06-24T05:05:44.409Z","buy","taker"
"0.02216000","2538.00000000","2023-06-24T05:04:59.661Z","sell","maker"
"0.02216000","1191.00000000","2023-06-24T05:04:59.496Z","buy","taker"
"0.02216000","659.00000000","2023-06-24T05:04:59.496Z","buy","taker"
"0.02210000","1781.00000000","2023-06-24T05:00:41.802Z","sell","maker"
"0.02209000","19154.00000000","2023-06-24T05:00:41.789Z","buy","taker"
"0.02210000","1628.00000000","2023-06-24T05:00:41.789Z","buy","taker"
"0.02210000","31118.00000000","2023-06-24T05:00:41.789Z","buy","taker"
"0.02201000","1288.00000000","2023-06-24T04:59:57.745Z","buy","taker"
"0.02200000","1564.00000000","2023-06-24T04:59:56.904Z","buy","taker"
"0.02200000","13436.00000000","2023-06-24T04:59:52.465Z","buy","taker"
"0.02198000","3953.00000000","2023-06-24T04:59:43.910Z","buy","taker"
"0.02167000","2245.00000000","2023-06-23T20:42:33.556Z","sell","maker"
"0.02165000","5975.00000000","2023-06-23T20:14:42.954Z","sell","maker"
"0.02182000","555.00000000","2023-06-23T20:12:02.360Z","sell","maker"
"0.02178000","5378.00000000","2023-06-23T20:12:02.360Z","sell","maker"