"price","volume","time","side","orderType"
"0.469281","50.00000000","2024-05-27T18:51:15.942Z","s","maker"
"0.469282","19.36738507","2024-05-27T18:50:33.248Z","b","maker"
"0.469282","28.34765066","2024-05-27T18:48:37.211Z","b","maker"
"0.469302","438.92846271","2024-05-27T18:48:04.193Z","s","maker"
"0.469303","250.00000000","2024-05-27T18:47:48.128Z","b","taker"
"0.469302","22.63258728","2024-05-27T18:47:27.174Z","s","taker"
"0.469302","53.91451745","2024-05-27T18:47:25.668Z","s","taker"
"0.469391","426.08401098","2024-05-27T18:47:11.043Z","s","maker"
"0.469621","10.87954480","2024-05-27T18:44:36.235Z","b","maker"
"0.469623","2138.52493800","2024-05-27T18:44:33.917Z","b","maker"
"0.469628","85.17379713","2024-05-27T18:44:20.942Z","b","taker"
"0.469628","207.23639900","2024-05-27T18:44:00.486Z","b","maker"
"0.469603","21.60545400","2024-05-27T18:42:54.532Z","s","maker"
"0.469706","25.50524785","2024-05-27T18:42:39.306Z","b","maker"
"0.470016","2.07064400","2024-05-27T18:37:40.283Z","b","maker"
"0.469894","550.00000000","2024-05-27T18:36:34.461Z","s","maker"
"0.470004","50.05005005","2024-05-27T18:36:19.806Z","b","taker"
"0.469789","61.05539900","2024-05-27T18:35:51.005Z","s","maker"
"0.469907","82.08208208","2024-05-27T18:35:50.764Z","b","taker"
"0.469722","33.79805661","2024-05-27T18:34:24.340Z","s","taker"
"0.469721","736.09166727","2024-05-27T18:34:24.340Z","s","taker"
"0.469800","22.38036874","2024-05-27T18:31:07.155Z","s","maker"
"0.469669","33.79805661","2024-05-27T18:31:07.155Z","s","maker"
"0.469669","33.79805661","2024-05-27T18:31:07.155Z","s","maker"
"0.469668","33.79805661","2024-05-27T18:31:07.155Z","s","maker"
"0.469663","875.42546143","2024-05-27T18:31:07.155Z","s","maker"
"0.469800","29.45450527","2024-05-27T18:31:04.634Z","s","taker"
"0.469801","8.00001500","2024-05-27T18:30:39.832Z","s","maker"
"0.469845","33.79805661","2024-05-27T18:30:25.301Z","s","taker"
"0.469844","33.79805661","2024-05-27T18:30:25.301Z","s","taker"
"0.469844","33.79805661","2024-05-27T18:30:25.301Z","s","taker"
"0.469843","1900.00000000","2024-05-27T18:30:25.301Z","s","taker"
"0.469829","5321.07425933","2024-05-27T18:30:25.301Z","s","taker"
"0.469768","158.19905437","2024-05-27T18:30:25.301Z","s","taker"
"0.469742","381.73457545","2024-05-27T18:30:25.301Z","s","taker"
"0.469722","28862.58029206","2024-05-27T18:30:25.301Z","s","taker"
"0.469721","158.17768237","2024-05-27T18:30:25.301Z","s","taker"
"0.469717","10644.69888267","2024-05-27T18:30:25.301Z","s","taker"
"0.469700","1671.29094932","2024-05-27T18:30:25.301Z","s","taker"
"0.469687","966.97512180","2024-05-27T18:30:25.301Z","s","taker"
"0.469685","1396.50000000","2024-05-27T18:30:25.301Z","s","taker"
"0.469638","724.81598103","2024-05-27T18:30:25.301Z","s","taker"
"0.469637","10646.49916011","2024-05-27T18:30:25.301Z","s","taker"
"0.469537","500.00000000","2024-05-27T18:30:25.301Z","s","taker"
"0.469526","15999.21974666","2024-05-27T18:30:25.301Z","s","taker"
"0.470375","6117.13490551","2024-05-27T18:30:21.846Z","s","taker"
"0.470016","174.25910387","2024-05-27T18:30:21.846Z","s","taker"
"0.470000","47.11172555","2024-05-27T18:30:21.846Z","s","taker"
"0.469947","212.54141084","2024-05-27T18:30:21.846Z","s","taker"
"0.469938","5319.84398216","2024-05-27T18:30:21.846Z","s","taker"
"0.469839","12589.87065463","2024-05-27T18:30:21.846Z","s","taker"
"0.469838","2391.39299556","2024-05-27T18:30:21.846Z","s","taker"
"0.470375","3501.62770500","2024-05-27T18:30:09.103Z","s","maker"
"0.470375","14.85416317","2024-05-27T18:30:03.222Z","s","taker"
"0.470452","10000.00000000","2024-05-27T18:29:45.019Z","s","maker"
"0.470500","9297.19580000","2024-05-27T18:29:32.988Z","s","maker"
"0.470500","702.80420000","2024-05-27T18:27:38.352Z","s","maker"
"0.470375","33.79805661","2024-05-27T18:24:59.212Z","s","maker"
"0.470375","33.79805661","2024-05-27T18:24:59.212Z","s","maker"
"0.470375","366.38322632","2024-05-27T18:24:59.212Z","s","maker"
"0.470480","2259.47000000","2024-05-27T18:24:43.316Z","b","taker"
"0.470488","205.80099500","2024-05-27T18:24:32.827Z","b","maker"
"0.470565","13.82816931","2024-05-27T18:22:54.114Z","b","taker"
"0.470565","4136.45727900","2024-05-27T18:22:44.665Z","b","maker"
"0.470439","575.55484800","2024-05-27T18:22:35.669Z","s","taker"
"0.470565","14.01655457","2024-05-27T18:22:30.621Z","b","taker"
"0.470337","33.79805661","2024-05-27T18:22:06.543Z","s","taker"
"0.470336","33.79805661","2024-05-27T18:22:06.543Z","s","taker"
"0.470335","5876.59157689","2024-05-27T18:22:06.543Z","s","taker"
"0.470334","175.68620342","2024-05-27T18:22:06.543Z","s","taker"
"0.470346","33.79805661","2024-05-27T18:21:30.813Z","s","maker"
"0.470346","33.79805661","2024-05-27T18:21:30.813Z","s","maker"
"0.470345","2675.97541668","2024-05-27T18:21:30.813Z","s","maker"
"0.470000","16.71806168","2024-05-27T18:20:51.515Z","s","taker"
"0.470259","94.89193393","2024-05-27T18:20:26.938Z","b","taker"
"0.470636","16.25714090","2024-05-27T18:18:27.391Z","b","maker"
"0.470636","16.09456948","2024-05-27T18:17:30.241Z","b","maker"
"0.470636","10.84000000","2024-05-27T18:16:47.665Z","b","taker"
"0.470636","15.93362379","2024-05-27T18:16:01.671Z","b","maker"
"0.470635","16.69179545","2024-05-27T18:15:44.683Z","s","taker"
"0.470624","259.30605872","2024-05-27T18:15:22.568Z","b","maker"
"0.470629","104.87473828","2024-05-27T18:15:22.568Z","b","maker"
"0.471097","28.07529456","2024-05-27T18:10:37.886Z","b","taker"
"0.470785","5310.28020330","2024-05-27T18:10:16.326Z","b","taker"
"0.470851","381.73457545","2024-05-27T18:10:16.326Z","b","taker"
"0.470862","285.76679517","2024-05-27T18:10:16.326Z","b","taker"
"0.470900","1428.00000000","2024-05-27T18:10:16.326Z","b","taker"
"0.470907","10617.82557691","2024-05-27T18:10:16.326Z","b","taker"
"0.470993","79.46336436","2024-05-27T18:10:16.326Z","b","taker"
"0.470999","3133.38802206","2024-05-27T18:10:16.326Z","b","taker"
"0.470412","53.07179552","2024-05-27T18:08:44.641Z","s","taker"
"0.470176","454.68000000","2024-05-27T18:07:37.084Z","b","taker"
"0.470380","215.20897997","2024-05-27T18:06:36.789Z","b","taker"
"0.470290","20.68000603","2024-05-27T18:05:31.409Z","s","taker"
"0.470503","33.79805661","2024-05-27T18:05:08.312Z","s","maker"
"0.470503","8000.00000000","2024-05-27T18:05:08.312Z","s","maker"
"0.470502","27367.74510786","2024-05-27T18:05:08.312Z","s","maker"
"0.470468","5313.84896262","2024-05-27T18:05:08.312Z","s","maker"
"0.470460","976.36159322","2024-05-27T18:05:08.312Z","s","maker"
"0.470427","5876.59157689","2024-05-27T18:05:08.312Z","s","maker"
"0.470390","381.73457545","2024-05-27T18:05:08.312Z","s","maker"
"0.470377","1524.42972121","2024-05-27T18:05:08.312Z","s","maker"
"0.470389","1900.00000000","2024-05-27T18:04:44.909Z","s","maker"
"0.470379","5314.86289503","2024-05-27T18:04:44.909Z","s","maker"
"0.470361","2100.00000000","2024-05-27T18:04:44.909Z","s","maker"
"0.470360","33.79805661","2024-05-27T18:04:44.909Z","s","maker"
"0.470359","2100.00000000","2024-05-27T18:04:44.909Z","s","maker"
"0.470357","1545.80000000","2024-05-27T18:04:44.909Z","s","maker"
"0.470333","30321.47390475","2024-05-27T18:04:44.909Z","s","maker"
"0.470332","381.73457545","2024-05-27T18:04:44.909Z","s","maker"
"0.470328","158.04587590","2024-05-27T18:04:44.909Z","s","maker"
"0.470300","560.58589610","2024-05-27T18:04:44.909Z","s","maker"
"0.470279","5876.59157689","2024-05-27T18:04:44.909Z","s","maker"
"0.470264","10632.32463167","2024-05-27T18:04:44.909Z","s","maker"
"0.470258","977.39565796","2024-05-27T18:04:44.909Z","s","maker"
"0.470252","158.04957156","2024-05-27T18:04:44.909Z","s","maker"
"0.470637","669.30564320","2024-05-27T18:04:19.774Z","b","taker"
"0.470746","51.41706900","2024-05-27T18:03:57.623Z","b","maker"
"0.470550","11.09100189","2024-05-27T18:03:28.555Z","s","taker"
"0.470793","1900.00000000","2024-05-27T18:03:04.524Z","b","maker"
"0.470812","301.70203500","2024-05-27T18:03:04.524Z","b","maker"
"0.470835","283.58887100","2024-05-27T18:03:04.524Z","b","maker"
"0.471081","7.29119166","2024-05-27T18:01:59.500Z","b","taker"
"0.471097","45.78060386","2024-05-27T18:01:59.500Z","b","taker"
"0.471060","21.83235673","2024-05-27T18:01:25.837Z","b","taker"
"0.471081","55.19220686","2024-05-27T18:00:24.540Z","b","taker"
"0.471080","26.89170803","2024-05-27T18:00:24.366Z","s","taker"
"0.470597","15372.31099115","2024-05-27T18:00:11.403Z","b","maker"
"0.470597","2659.00000000","2024-05-27T18:00:11.401Z","b","maker"
"0.470597","34.00000000","2024-05-27T18:00:11.400Z","b","maker"
"0.470734","30.30039200","2024-05-27T17:54:41.353Z","b","maker"
"0.470793","19.56444373","2024-05-27T17:53:14.488Z","b","taker"
"0.470663","80.22537000","2024-05-27T17:53:09.784Z","s","maker"
"0.470230","45.89464569","2024-05-27T17:48:07.752Z","s","taker"
"0.470230","60.02351700","2024-05-27T17:48:05.433Z","s","maker"
"0.471267","1998.81917824","2024-05-27T17:45:50.124Z","s","taker"
"0.471068","1900.00000000","2024-05-27T17:44:44.178Z","s","maker"
"0.471068","1100.00000000","2024-05-27T17:44:44.178Z","s","maker"
"0.471065","22.49118090","2024-05-27T17:44:01.972Z","s","taker"
"0.471247","0.98663062","2024-05-27T17:43:33.847Z","s","taker"
"0.471588","140.11712100","2024-05-27T17:42:57.742Z","s","maker"
"0.471783","125.13029354","2024-05-27T17:42:46.359Z","b","maker"
"0.471783","62.93451046","2024-05-27T17:42:46.359Z","b","maker"
"0.471785","1000.00000000","2024-05-27T17:42:44.827Z","s","maker"
"0.471784","21.19614060","2024-05-27T17:42:44.827Z","s","maker"
"0.471784","10.00000000","2024-05-27T17:42:44.827Z","s","maker"
"0.471631","23.33514715","2024-05-27T17:42:44.827Z","s","maker"
"0.471824","2163.96351557","2024-05-27T17:40:55.504Z","s","maker"
"0.471785","3785.31812818","2024-05-27T17:35:45.843Z","b","maker"
"0.471785","200.00000000","2024-05-27T17:35:45.843Z","b","maker"
"0.471785","1900.00000000","2024-05-27T17:35:45.843Z","b","maker"
"0.471785","350.30918169","2024-05-27T17:35:45.843Z","b","maker"
"0.471785","3726.53765934","2024-05-27T17:35:45.843Z","b","maker"
"0.471785","23.70103218","2024-05-27T17:35:12.359Z","b","maker"
"0.471785","3519.68187182","2024-05-27T17:35:12.359Z","b","maker"
"0.471784","78.04411000","2024-05-27T17:31:47.291Z","s","maker"
"0.471785","20.01481505","2024-05-27T17:31:45.284Z","b","taker"
"0.471747","56.95990149","2024-05-27T17:30:43.647Z","b","taker"
"0.471302","40.68220921","2024-05-27T17:30:35.069Z","b","maker"
"0.471302","45.18290800","2024-05-27T17:30:04.562Z","b","maker"
"0.471000","3866.52212512","2024-05-27T17:29:20.479Z","b","maker"
"0.471000","17.45927228","2024-05-27T17:28:40.685Z","b","taker"
"0.471000","116.01860260","2024-05-27T17:27:59.276Z","b","taker"
"0.470731","13.64449410","2024-05-27T17:27:29.124Z","b","maker"
"0.470709","79.59383015","2024-05-27T17:27:28.171Z","b","maker"
"0.470613","16.19606621","2024-05-27T17:27:11.958Z","b","maker"
"0.470613","34.00000000","2024-05-27T17:27:11.956Z","b","maker"
"0.470613","11.51987391","2024-05-27T17:26:37.359Z","b","taker"
"0.470613","20.00000000","2024-05-27T17:26:10.934Z","b","taker"
"0.470357","3.67935473","2024-05-27T17:25:35.789Z","s","taker"
"0.470191","11.45202508","2024-05-27T17:25:35.789Z","s","taker"
"0.470358","1700.83574816","2024-05-27T17:25:26.112Z","b","taker"
"0.470357","13.84776639","2024-05-27T17:24:34.241Z","s","taker"
"0.470693","18.55562878","2024-05-27T17:23:32.616Z","s","taker"
"0.471000","842.85324210","2024-05-27T17:23:31.352Z","s","maker"
"0.471000","46.47149250","2024-05-27T17:22:30.954Z","s","taker"
"0.471412","444.56205300","2024-05-27T17:21:42.963Z","b","maker"
"0.472362","1895.16109700","2024-05-27T17:19:08.989Z","s","maker"
"0.472363","450.69586500","2024-05-27T17:18:38.127Z","b","maker"
"0.472363","20.00000000","2024-05-27T17:18:07.025Z","b","taker"
"0.472363","20.00000000","2024-05-27T17:17:48.541Z","b","taker"
"0.472362","40.00000000","2024-05-27T17:17:31.560Z","s","taker"
"0.472363","20.00000000","2024-05-27T17:16:59.026Z","b","taker"
"0.472363","1000.00000000","2024-05-27T17:15:40.068Z","b","taker"
"0.472362","64.83890300","2024-05-27T17:14:57.296Z","s","maker"
"0.472327","19.29190279","2024-05-27T17:09:12.131Z","s","taker"
"0.472447","141.97020020","2024-05-27T17:09:06.524Z","b","taker"
"0.472447","200.47539724","2024-05-27T17:09:05.168Z","b","taker"
"0.472439","921.41785600","2024-05-27T17:08:46.259Z","s","maker"
"0.472664","40.00000000","2024-05-27T17:08:42.034Z","b","taker"
"0.472926","517.32681222","2024-05-27T17:08:20.850Z","s","taker"
"0.472694","142.87118097","2024-05-27T17:08:20.850Z","s","taker"
"0.472647","1900.00000000","2024-05-27T17:08:20.850Z","s","taker"
"0.472645","2325.80037790","2024-05-27T17:08:20.850Z","s","taker"
"0.472973","41.77438100","2024-05-27T17:04:32.868Z","b","taker"
"0.472891","300.00000000","2024-05-27T17:04:19.333Z","b","maker"
"0.472898","30.06288300","2024-05-27T17:04:12.695Z","b","taker"
"0.472911","53.75382755","2024-05-27T17:04:04.410Z","b","taker"
"0.472978","413.19180578","2024-05-27T17:04:04.410Z","b","taker"
"0.472985","179.61285266","2024-05-27T17:04:04.410Z","b","taker"
"0.472878","39.17261100","2024-05-27T17:01:00.470Z","b","maker"
"0.472771","1080.92916671","2024-05-27T17:01:00.246Z","s","taker"
"0.472687","0.65747571","2024-05-27T16:55:07.742Z","b","maker"
"0.472700","64.39304036","2024-05-27T16:55:07.742Z","b","maker"
"0.472687","34.00000000","2024-05-27T16:55:07.324Z","b","maker"
"0.472687","34.00000000","2024-05-27T16:55:07.324Z","b","maker"
"0.472483","407.31855300","2024-05-27T16:55:03.550Z","b","maker"
"0.472483","49.51770284","2024-05-27T16:55:03.550Z","b","maker"
"0.472483","305.00000000","2024-05-27T16:52:57.850Z","b","maker"
"0.472482","45.23000000","2024-05-27T16:52:23.437Z","s","taker"
"0.472248","34.00000000","2024-05-27T16:52:21.439Z","b","maker"
"0.472248","0.77331205","2024-05-27T16:52:21.439Z","b","maker"
"0.472144","49.59184728","2024-05-27T16:51:27.852Z","b","maker"
"0.472144","34.00000000","2024-05-27T16:51:27.851Z","b","maker"
"0.472143","180.48088764","2024-05-27T16:51:06.016Z","s","taker"
"0.471941","81.53361965","2024-05-27T16:51:05.980Z","b","maker"
"0.471500","6895.16229164","2024-05-27T16:50:06.674Z","b","maker"
"0.471500","2659.00000000","2024-05-27T16:50:06.669Z","b","maker"
"0.471500","42985.70197676","2024-05-27T16:50:06.669Z","b","maker"
"0.471500","5302.16637784","2024-05-27T16:50:04.188Z","b","maker"
"0.471500","34.00000000","2024-05-27T16:50:04.101Z","b","maker"
"0.471500","2209.33833420","2024-05-27T16:50:02.701Z","b","maker"
"0.471500","34.00000000","2024-05-27T16:49:54.697Z","b","maker"
"0.471500","42.40603354","2024-05-27T16:48:26.069Z","b","maker"
"0.471473","20.00000000","2024-05-27T16:47:32.094Z","b","taker"
"0.471465","33.79805661","2024-05-27T16:47:08.796Z","s","taker"
"0.471464","1415.18895039","2024-05-27T16:47:08.796Z","s","taker"
"0.471630","300.00000000","2024-05-27T16:46:55.211Z","s","taker"
"0.471630","141.85904896","2024-05-27T16:46:55.211Z","s","taker"
"0.471579","58.14095104","2024-05-27T16:46:55.211Z","s","taker"
"0.471630","42.69163600","2024-05-27T16:46:05.390Z","s","taker"
"0.471630","74.51938545","2024-05-27T16:45:45.447Z","s","maker"
"0.471630","23.82143452","2024-05-27T16:45:42.667Z","s","taker"
"0.471630","23.86427734","2024-05-27T16:45:42.065Z","s","taker"
"0.471630","23.84033047","2024-05-27T16:45:41.475Z","s","taker"
"0.471630","23.84208735","2024-05-27T16:45:41.132Z","s","taker"
"0.471630","23.76831510","2024-05-27T16:45:40.491Z","s","taker"
"0.471630","23.85568611","2024-05-27T16:45:39.965Z","s","taker"
"0.471647","30.86657200","2024-05-27T16:45:37.105Z","s","taker"
"0.471814","191.76499736","2024-05-27T16:45:29.584Z","s","taker"
"0.471773","2100.00000000","2024-05-27T16:45:29.584Z","s","taker"
"0.471770","2100.00000000","2024-05-27T16:45:29.584Z","s","taker"
"0.471753","191.76499736","2024-05-27T16:45:29.584Z","s","taker"
"0.471753","405.00000000","2024-05-27T16:45:29.584Z","s","taker"
"0.471743","1465.20000000","2024-05-27T16:45:29.584Z","s","taker"
"0.471700","6335.92893156","2024-05-27T16:45:29.584Z","s","taker"
"0.471677","770.46456428","2024-05-27T16:45:29.584Z","s","taker"
"0.471673","7805.53992400","2024-05-27T16:45:29.584Z","s","taker"
"0.471673","3490.18988802","2024-05-27T16:45:29.584Z","s","taker"
"0.471673","1794.61235786","2024-05-27T16:45:29.584Z","s","taker"
"0.471673","3214.30035974","2024-05-27T16:45:29.584Z","s","taker"
"0.471673","2281.73855247","2024-05-27T16:45:29.584Z","s","taker"
"0.471673","2502.98872676","2024-05-27T16:45:29.584Z","s","taker"
"0.471673","1443.15701822","2024-05-27T16:45:29.584Z","s","taker"
"0.471673","1461.16489187","2024-05-27T16:45:29.584Z","s","taker"
"0.471673","1152.41664334","2024-05-27T16:45:29.584Z","s","taker"
"0.472152","33.79805661","2024-05-27T16:45:16.767Z","s","maker"
"0.472152","33.79805661","2024-05-27T16:45:16.767Z","s","maker"
"0.472152","33.79805661","2024-05-27T16:45:16.767Z","s","maker"
"0.472143","26.61515417","2024-05-27T16:45:16.767Z","s","maker"
"0.472483","258.16327300","2024-05-27T16:43:58.041Z","b","maker"
"0.472406","476.82000000","2024-05-27T16:42:14.081Z","s","maker"
"0.472406","1009.37266099","2024-05-27T16:42:10.843Z","s","taker"
"0.472406","5292.04918520","2024-05-27T16:42:09.019Z","s","maker"
"0.472377","5292.04918520","2024-05-27T16:42:09.019Z","s","maker"
"0.472374","400.00000000","2024-05-27T16:42:09.019Z","s","maker"
"0.472315","847.51943637","2024-05-27T16:42:09.019Z","s","maker"
"0.472314","10586.16147753","2024-05-27T16:42:09.019Z","s","maker"
"0.472312","1900.00000000","2024-05-27T16:42:09.019Z","s","maker"
"0.472300","252.15591051","2024-05-27T16:42:09.019Z","s","maker"
"0.472483","29.51817400","2024-05-27T16:42:08.754Z","b","maker"
"0.472346","1900.00000000","2024-05-27T16:40:53.009Z","s","maker"
"0.472346","1900.00000000","2024-05-27T16:40:52.996Z","s","maker"
"0.472430","21.16715704","2024-05-27T16:39:53.538Z","b","taker"
"0.472487","3.20101200","2024-05-27T16:39:02.786Z","b","maker"
"0.472465","463.22648253","2024-05-27T16:37:35.297Z","s","maker"
"0.472465","4217.69633714","2024-05-27T16:37:35.297Z","s","maker"
"0.472593","64.51671772","2024-05-27T16:37:13.887Z","b","taker"
"0.472651","1029.25419900","2024-05-27T16:37:07.618Z","b","maker"
"0.473059","2040.76000000","2024-05-27T16:36:29.568Z","b","taker"
"0.473059","2057.32479400","2024-05-27T16:36:26.767Z","b","maker"
"0.473018","107.72112000","2024-05-27T16:36:14.081Z","s","maker"
"0.472954","26.42393289","2024-05-27T16:35:42.159Z","b","taker"
"0.472879","236.65782100","2024-05-27T16:34:11.667Z","s","maker"
"0.472982","3148.26000000","2024-05-27T16:33:55.328Z","b","taker"
"0.472726","20.00000000","2024-05-27T16:33:54.647Z","s","taker"
"0.472792","107.50630524","2024-05-27T16:33:51.573Z","s","taker"
"0.473598","51.65000000","2024-05-27T16:32:40.394Z","s","taker"
"0.473643","87.47199298","2024-05-27T16:32:39.561Z","b","taker"
"0.473669","19.82179581","2024-05-27T16:32:39.561Z","b","taker"
"0.473598","96.37294400","2024-05-27T16:32:38.331Z","s","maker"
"0.473527","1267.15945000","2024-05-27T16:32:04.163Z","b","taker"
"0.473500","51.37415000","2024-05-27T16:31:47.841Z","b","maker"
"0.473602","26.92500000","2024-05-27T16:31:42.685Z","b","maker"
"0.473400","4041.92448055","2024-05-27T16:31:41.709Z","b","maker"
"0.473508","157.05433229","2024-05-27T16:31:41.709Z","b","maker"
"0.473517","15.73596777","2024-05-27T16:31:41.709Z","b","maker"
"0.473594","81.26206310","2024-05-27T16:31:41.709Z","b","maker"
"0.473602","2019.81262997","2024-05-27T16:31:41.709Z","b","maker"
"0.473342","3364.35348300","2024-05-27T16:26:58.803Z","s","maker"
"0.473270","1060.08172247","2024-05-27T16:25:31.400Z","s","taker"
"0.473253","514.83044502","2024-05-27T16:24:22.155Z","s","maker"
"0.473129","78.50170800","2024-05-27T16:23:26.441Z","b","maker"
"0.473206","10.19665700","2024-05-27T16:23:11.511Z","b","maker"
"0.473145","1421.60617300","2024-05-27T16:22:52.495Z","s","maker"
"0.472904","275.14520100","2024-05-27T16:21:53.365Z","s","maker"
"0.473800","10559.07538281","2024-05-27T16:19:43.526Z","b","maker"
"0.473557","2100.00000000","2024-05-27T16:17:58.241Z","s","taker"
"0.473555","1298.89074145","2024-05-27T16:17:58.241Z","s","taker"
"0.473799","72.83837429","2024-05-27T16:16:28.489Z","b","taker"
"0.473800","243.75105741","2024-05-27T16:16:28.489Z","b","taker"
"0.474031","11.78278278","2024-05-27T16:14:22.098Z","b","taker"
"0.474096","53.55810511","2024-05-27T16:14:18.962Z","b","taker"
"0.473208","137.05868276","2024-05-27T16:13:35.929Z","s","taker"
"0.473116","455.00671751","2024-05-27T16:13:35.929Z","s","taker"
"0.474160","5272.49256560","2024-05-27T16:10:41.612Z","b","taker"
"0.474166","2427.94580182","2024-05-27T16:10:41.612Z","b","taker"
"0.474194","1900.00000000","2024-05-27T16:10:41.612Z","b","taker"
"0.474256","190.89047370","2024-05-27T16:10:41.612Z","b","taker"
"0.474277","752.78986035","2024-05-27T16:10:41.612Z","b","taker"
"0.474277","15.25464935","2024-05-27T16:10:17.816Z","b","maker"
"0.474333","37.44375679","2024-05-27T16:10:17.816Z","b","maker"
"0.474277","48.57513788","2024-05-27T16:10:14.962Z","b","maker"
"0.474049","4.15662400","2024-05-27T16:08:24.036Z","b","maker"
"0.473766","116.52125583","2024-05-27T16:08:12.673Z","b","maker"
"0.473767","10.50000005","2024-05-27T16:08:12.673Z","b","maker"
"0.473793","19.94640839","2024-05-27T16:08:12.673Z","b","maker"
"0.473795","211.07488831","2024-05-27T16:08:12.673Z","b","maker"
"0.473800","400.00000000","2024-05-27T16:08:12.673Z","b","maker"
"0.473811","17.88765392","2024-05-27T16:08:12.673Z","b","maker"
"0.473884","70.63963879","2024-05-27T16:08:12.673Z","b","maker"
"0.473909","38.88625620","2024-05-27T16:08:12.673Z","b","maker"
"0.473914","17.52712112","2024-05-27T16:08:12.673Z","b","maker"
"0.473990","698.56662798","2024-05-27T16:08:12.673Z","b","maker"
"0.474002","146.64054396","2024-05-27T16:08:12.673Z","b","maker"
"0.474068","76.29239945","2024-05-27T16:08:12.673Z","b","maker"
"0.473613","74.93112045","2024-05-27T16:08:08.564Z","b","maker"
"0.473622","76.95036096","2024-05-27T16:08:08.564Z","b","maker"
"0.473576","43.79063599","2024-05-27T16:08:08.522Z","b","maker"
"0.473591","39.03791622","2024-05-27T16:08:08.522Z","b","maker"
"0.473605","62.22689490","2024-05-27T16:08:08.522Z","b","maker"
"0.473250","2734.87784180","2024-05-27T16:07:14.265Z","s","taker"
"0.473000","1051.69154276","2024-05-27T16:07:14.265Z","s","taker"
"0.472881","394.52204754","2024-05-27T16:07:14.265Z","s","taker"
"0.472881","4190.60550058","2024-05-27T16:07:14.265Z","s","taker"
"0.473575","500.00000000","2024-05-27T16:05:57.913Z","s","taker"
"0.473389","132.10861618","2024-05-27T16:05:22.415Z","b","maker"
"0.473416","104.11613078","2024-05-27T16:05:22.415Z","b","maker"
"0.473250","24.99000000","2024-05-27T16:05:03.551Z","s","taker"
"0.473252","41.63623900","2024-05-27T16:05:00.067Z","b","maker"
"0.473243","76.55000000","2024-05-27T16:03:59.927Z","b","maker"
"0.473268","63.96588486","2024-05-27T16:03:59.927Z","b","maker"
"0.473340","42.68370414","2024-05-27T16:03:59.927Z","b","maker"
"0.473110","1453.31338016","2024-05-27T16:01:42.744Z","b","maker"
"0.473208","16.96808969","2024-05-27T16:01:20.580Z","b","taker"
"0.473185","628.62974289","2024-05-27T16:01:20.085Z","b","maker"
"0.473208","968.86765815","2024-05-27T16:01:20.085Z","b","maker"
"0.473185","72.70602407","2024-05-27T16:01:19.852Z","b","taker"
"0.473091","72.27233173","2024-05-27T16:01:18.334Z","s","taker"
"0.472879","103.84646402","2024-05-27T16:01:08.544Z","b","maker"
"0.473038","81.32349744","2024-05-27T16:01:08.544Z","b","maker"
"0.473042","157.22736893","2024-05-27T16:01:08.544Z","b","maker"
"0.473060","18.54709259","2024-05-27T16:01:08.544Z","b","maker"
"0.473155","67.65530187","2024-05-27T16:01:08.544Z","b","maker"
"0.473169","49.51365364","2024-05-27T16:01:08.544Z","b","maker"
"0.473214","66.43638975","2024-05-27T16:01:08.544Z","b","maker"
"0.472878","73.04543127","2024-05-27T16:01:07.265Z","s","taker"
"0.472766","184.14645452","2024-05-27T16:01:04.610Z","b","maker"
"0.472791","285.82425425","2024-05-27T16:01:04.610Z","b","maker"
"0.472727","515.26937824","2024-05-27T16:01:04.598Z","b","maker"
"0.472605","946.73713443","2024-05-27T16:01:02.353Z","b","maker"
"0.472552","15.01953639","2024-05-27T16:01:02.129Z","b","maker"
"0.472500","100.00000000","2024-05-27T16:01:02.116Z","b","maker"
"0.472466","74.99120458","2024-05-27T16:01:01.212Z","b","maker"
"0.472465","114.84553400","2024-05-27T16:00:48.980Z","s","maker"
"0.472465","13.93110512","2024-05-27T16:00:43.120Z","s","taker"
"0.472463","83.49900103","2024-05-27T16:00:29.592Z","b","maker"
"0.472455","44.15988957","2024-05-27T16:00:29.001Z","b","maker"
"0.472300","21803.30799788","2024-05-27T16:00:27.982Z","b","maker"
"0.472291","75.02252171","2024-05-27T16:00:18.962Z","b","maker"
"0.472259","64.10256409","2024-05-27T16:00:18.205Z","b","maker"
"0.472211","36.86626043","2024-05-27T16:00:18.194Z","b","maker"
"0.472210","79.30995616","2024-05-27T16:00:15.961Z","b","taker"
"0.472211","2.24568270","2024-05-27T16:00:15.961Z","b","taker"
"0.472134","56.84716736","2024-05-27T16:00:13.082Z","b","maker"
"0.472134","269.87466744","2024-05-27T16:00:13.082Z","b","maker"
"0.472134","231.10324264","2024-05-27T16:00:13.082Z","b","maker"
"0.472134","806.29206864","2024-05-27T16:00:13.082Z","b","maker"
"0.472099","11.57583918","2024-05-27T16:00:13.071Z","b","maker"
"0.472079","34.89065635","2024-05-27T16:00:13.061Z","b","maker"
"0.472042","17.84152080","2024-05-27T16:00:13.047Z","b","maker"
"0.472044","117.40768438","2024-05-27T16:00:13.047Z","b","maker"
"0.472000","9401.25113902","2024-05-27T16:00:13.033Z","b","maker"
"0.471873","1900.00000000","2024-05-27T15:59:38.541Z","b","maker"
"0.471873","8000.00000000","2024-05-27T15:59:38.541Z","b","maker"
"0.471930","33.79805661","2024-05-27T15:59:38.541Z","b","maker"
"0.471952","5297.15715763","2024-05-27T15:59:38.541Z","b","maker"
"0.471952","33.79805661","2024-05-27T15:59:38.541Z","b","maker"
"0.471966","370.62657722","2024-05-27T15:59:38.541Z","b","maker"
"0.471968","33.79805661","2024-05-27T15:59:38.541Z","b","maker"
"0.471970","5876.59157689","2024-05-27T15:59:38.541Z","b","maker"
"0.471972","1900.00000000","2024-05-27T15:59:38.541Z","b","maker"
"0.471979","13119.66088560","2024-05-27T15:59:38.541Z","b","maker"
"0.471916","52.31400762","2024-05-27T15:59:17.004Z","b","taker"
"0.471929","41.18909359","2024-05-27T15:59:17.004Z","b","taker"
"0.472000","132.64716606","2024-05-27T15:59:17.004Z","b","taker"
"0.471916","25.00000000","2024-05-27T15:59:15.141Z","b","maker"
"0.471695","24.27562410","2024-05-27T15:58:41.167Z","b","maker"
"0.471634","32.79558323","2024-05-27T15:58:26.394Z","b","maker"
"0.471627","26.39961033","2024-05-27T15:58:25.700Z","b","maker"
"0.470944","17934.43889472","2024-05-27T15:55:59.241Z","b","maker"
"0.471164","5306.01172623","2024-05-27T15:55:59.241Z","b","maker"
"0.470944","116.56821700","2024-05-27T15:55:50.555Z","b","maker"
"0.471212","269.37594194","2024-05-27T15:53:49.542Z","b","taker"
"0.471254","20.65831600","2024-05-27T15:53:33.238Z","b","maker"
"0.471401","165.29916200","2024-05-27T15:52:18.971Z","b","maker"
"0.471212","47.11679900","2024-05-27T15:51:07.680Z","s","maker"
"0.471800","5127.67353681","2024-05-27T15:49:49.608Z","s","taker"
"0.471442","258.58387178","2024-05-27T15:49:49.608Z","s","taker"
"0.471339","4157.75107497","2024-05-27T15:49:49.608Z","s","taker"
"0.471801","139.95307344","2024-05-27T15:49:18.381Z","b","taker"
"0.471779","5299.09681557","2024-05-27T15:48:35.908Z","b","maker"
"0.471786","62.33564540","2024-05-27T15:48:35.908Z","b","maker"
"0.471786","108.60489666","2024-05-27T15:48:35.908Z","b","maker"
"0.471420","5303.12036164","2024-05-27T15:48:07.903Z","s","maker"
"0.471306","10608.81822553","2024-05-27T15:48:07.903Z","s","maker"
"0.471255","8712.34476403","2024-05-27T15:48:07.903Z","s","maker"
"0.471254","258.74483305","2024-05-27T15:48:07.903Z","s","maker"
"0.471236","10610.38908002","2024-05-27T15:48:07.903Z","s","maker"
"0.471236","10000.00000000","2024-05-27T15:48:07.903Z","s","maker"
"0.471218","1631.72064942","2024-05-27T15:48:07.903Z","s","maker"
"0.471211","450.00000000","2024-05-27T15:48:07.903Z","s","maker"
"0.471194","1790.70000000","2024-05-27T15:48:07.903Z","s","maker"
"0.471084","5718.37776000","2024-05-27T15:48:07.903Z","s","maker"
"0.471083","430.00000000","2024-05-27T15:48:07.903Z","s","maker"
"0.471070","780.99000000","2024-05-27T15:48:07.903Z","s","maker"
"0.471061","12704.79432631","2024-05-27T15:48:07.903Z","s","maker"
"0.471324","54.32017603","2024-05-27T15:48:00.487Z","s","taker"
"0.471500","8314.30605839","2024-05-27T15:47:49.609Z","s","maker"
"0.471458","5302.68928685","2024-05-27T15:47:49.609Z","s","maker"
"0.471414","554.67574328","2024-05-27T15:47:49.609Z","s","maker"
"0.471369","258.72343313","2024-05-27T15:47:49.609Z","s","maker"
"0.471321","1092.57449903","2024-05-27T15:47:49.609Z","s","maker"
"0.471559","70.22372060","2024-05-27T15:47:33.382Z","b","taker"
"0.471630","702.06220130","2024-05-27T15:47:33.382Z","b","taker"
"0.471682","28.47116969","2024-05-27T15:47:33.382Z","b","taker"
"0.471683","13.71889831","2024-05-27T15:47:33.382Z","b","taker"
"0.471761","75.14137797","2024-05-27T15:47:33.382Z","b","taker"
"0.471786","170.46435460","2024-05-27T15:47:33.382Z","b","taker"
"0.471250","64.23982869","2024-05-27T15:47:03.427Z","b","maker"
"0.471439","1900.00000000","2024-05-27T15:47:03.427Z","b","maker"
"0.471457","40.49654014","2024-05-27T15:47:03.427Z","b","maker"
"0.471465","285.41144340","2024-05-27T15:47:03.427Z","b","maker"
"0.471139","184.11659695","2024-05-27T15:46:49.282Z","b","maker"
"0.470808","854.87073286","2024-05-27T15:46:39.506Z","b","maker"
"0.470786","28.56203226","2024-05-27T15:46:38.157Z","b","maker"
"0.470790","517.38942005","2024-05-27T15:46:38.157Z","b","maker"
"0.470759","22.20596834","2024-05-27T15:46:38.147Z","b","maker"
"0.470742","45.51707288","2024-05-27T15:46:37.948Z","b","maker"
"0.470691","13.74755066","2024-05-27T15:46:37.920Z","b","maker"
"0.470587","193.71947256","2024-05-27T15:46:37.721Z","b","maker"
"0.470607","20.06739288","2024-05-27T15:46:37.721Z","b","maker"
"0.470608","49.88943157","2024-05-27T15:46:37.721Z","b","maker"
"0.470587","81.44033100","2024-05-27T15:46:19.606Z","b","maker"
"0.470535","85.05000000","2024-05-27T15:46:16.230Z","b","maker"
"0.470401","64.78296464","2024-05-27T15:45:44.439Z","b","maker"
"0.470155","459.47894723","2024-05-27T15:45:24.652Z","s","maker"
"0.470133","712.63384976","2024-05-27T15:45:24.652Z","s","maker"
"0.470167","1.75911998","2024-05-27T15:45:24.629Z","s","maker"
"0.470155","29.74909772","2024-05-27T15:45:24.629Z","s","maker"
"0.470214","86.65710091","2024-05-27T15:45:24.609Z","s","maker"
"0.470167","84.89798093","2024-05-27T15:45:24.609Z","s","maker"
"0.470155","163.34556831","2024-05-27T15:45:24.559Z","s","maker"
"0.470155","151.49584811","2024-05-27T15:45:24.519Z","s","maker"
"0.470155","1033.21232963","2024-05-27T15:45:24.512Z","s","maker"
"0.470155","12.51820900","2024-05-27T15:45:24.450Z","s","maker"
"0.470195","1849.80000000","2024-05-27T15:45:24.425Z","s","maker"
"0.470154","830.70094685","2024-05-27T15:45:24.425Z","s","maker"
"0.470210","1266.85314096","2024-05-27T15:45:24.411Z","s","maker"
"0.470208","470.00000000","2024-05-27T15:45:24.411Z","s","maker"
"0.470154","1900.00000000","2024-05-27T15:45:24.411Z","s","maker"
"0.470136","805.70343075","2024-05-27T15:45:24.411Z","s","maker"
"0.470210","129.49123184","2024-05-27T15:45:24.352Z","s","maker"
"0.470210","454.15562720","2024-05-27T15:45:24.315Z","s","maker"
"0.470237","109.45150890","2024-05-27T15:45:24.257Z","s","maker"
"0.470237","147.23724732","2024-05-27T15:45:24.231Z","s","maker"
"0.470237","71.74647031","2024-05-27T15:45:24.209Z","s","maker"
"0.470235","4519.77141776","2024-05-27T15:45:24.161Z","s","maker"
"0.470235","90.00686491","2024-05-27T15:45:24.122Z","s","maker"
"0.470235","18.07908032","2024-05-27T15:45:24.110Z","s","maker"
"0.470235","542.37257948","2024-05-27T15:45:24.051Z","s","maker"
"0.470235","500.59036065","2024-05-27T15:45:24.026Z","s","maker"
"0.470235","402.11432725","2024-05-27T15:45:24.016Z","s","maker"
"0.470235","78.97814920","2024-05-27T15:45:23.952Z","s","maker"
"0.470268","2618.42430219","2024-05-27T15:45:23.939Z","s","maker"
"0.470270","20.55133908","2024-05-27T15:45:23.913Z","s","maker"
"0.470269","176.64763054","2024-05-27T15:45:23.851Z","s","maker"
"0.470269","1015.76851877","2024-05-27T15:45:23.823Z","s","maker"
"0.470268","1306.10196617","2024-05-27T15:45:23.816Z","s","maker"
"0.470235","1947.09573303","2024-05-27T15:45:23.753Z","s","maker"
"0.470235","547.37759266","2024-05-27T15:45:23.753Z","s","maker"
"0.470235","17.59664533","2024-05-27T15:45:23.728Z","s","maker"
"0.470235","2913.58696646","2024-05-27T15:45:23.710Z","s","maker"
"0.470235","936.83606477","2024-05-27T15:45:23.651Z","s","maker"
"0.470235","30.44332840","2024-05-27T15:45:23.624Z","s","maker"
"0.470235","31.03283890","2024-05-27T15:45:23.611Z","s","maker"
"0.470285","1096.67617410","2024-05-27T15:45:23.556Z","s","maker"
"0.470285","65.05599255","2024-05-27T15:45:23.526Z","s","maker"
"0.470285","135.70242013","2024-05-27T15:45:23.512Z","s","maker"
"0.470284","1293.61810295","2024-05-27T15:45:23.452Z","s","maker"
"0.470284","92.76424043","2024-05-27T15:45:23.422Z","s","maker"
"0.470284","1036.54899269","2024-05-27T15:45:23.411Z","s","maker"
"0.470284","10.50577141","2024-05-27T15:45:23.353Z","s","maker"
"0.470284","907.45220602","2024-05-27T15:45:23.322Z","s","maker"
"0.470284","53.75057650","2024-05-27T15:45:23.309Z","s","maker"
"0.470284","206.51003488","2024-05-27T15:45:23.253Z","s","maker"
"0.470284","1369.59656457","2024-05-27T15:45:23.229Z","s","maker"
"0.470284","20.55901162","2024-05-27T15:45:23.214Z","s","maker"
"0.470286","24.13773169","2024-05-27T15:45:23.154Z","s","maker"
"0.470284","1401.75799883","2024-05-27T15:45:23.154Z","s","maker"
"0.470266","16.59793060","2024-05-27T15:45:23.154Z","s","maker"
"0.470286","800.91107715","2024-05-27T15:45:23.125Z","s","maker"
"0.470286","1274.95119116","2024-05-27T15:45:23.112Z","s","maker"
"0.470335","10.48286913","2024-05-27T15:45:23.051Z","s","maker"
"0.470284","498.24200117","2024-05-27T15:45:23.051Z","s","maker"
"0.470344","1677.42301268","2024-05-27T15:45:23.022Z","s","maker"
"0.470335","339.51713087","2024-05-27T15:45:23.022Z","s","maker"
"0.470344","10.37627336","2024-05-27T15:45:23.016Z","s","maker"
"0.470344","729.82546561","2024-05-27T15:45:22.923Z","s","maker"
"0.470344","253.14952530","2024-05-27T15:45:22.917Z","s","maker"
"0.470344","76.21437634","2024-05-27T15:45:22.855Z","s","maker"
"0.470344","505.00188094","2024-05-27T15:45:22.821Z","s","maker"
"0.470344","251.93148271","2024-05-27T15:45:22.817Z","s","maker"
"0.470344","151.29413040","2024-05-27T15:45:22.753Z","s","maker"
"0.470344","27.95931640","2024-05-27T15:45:22.731Z","s","maker"
"0.470344","74.82207567","2024-05-27T15:45:22.711Z","s","maker"
"0.470344","383.56773197","2024-05-27T15:45:22.650Z","s","maker"
"0.470344","250.00956411","2024-05-27T15:45:22.631Z","s","maker"
"0.470344","265.72118705","2024-05-27T15:45:22.611Z","s","maker"
"0.470344","74.88090557","2024-05-27T15:45:22.552Z","s","maker"
"0.470344","21.79167667","2024-05-27T15:45:22.532Z","s","maker"
"0.470344","149.37875790","2024-05-27T15:45:22.522Z","s","maker"
"0.470344","12.47478794","2024-05-27T15:45:22.480Z","s","maker"
"0.470344","74.11475657","2024-05-27T15:45:22.452Z","s","maker"
"0.470344","325.31596632","2024-05-27T15:45:22.400Z","s","maker"
"0.470361","12.23619527","2024-05-27T15:45:22.354Z","s","maker"
"0.470384","5314.81406458","2024-05-27T15:43:17.149Z","b","taker"
"0.470416","10631.03117981","2024-05-27T15:43:17.149Z","b","taker"
"0.470440","6447.41348525","2024-05-27T15:43:17.149Z","b","taker"
"0.470340","84.82747900","2024-05-27T15:43:00.624Z","b","maker"
"0.470381","1900.00000000","2024-05-27T15:42:34.854Z","b","maker"
"0.470399","5314.64178070","2024-05-27T15:42:34.854Z","b","maker"
"0.470413","5661.36547026","2024-05-27T15:42:34.854Z","b","maker"
"0.470241","11.24926473","2024-05-27T15:41:30.063Z","b","maker"
"0.470277","60.49937667","2024-05-27T15:41:30.063Z","b","maker"
"0.470301","29.06304889","2024-05-27T15:41:30.063Z","b","maker"
"0.470357","17.52712112","2024-05-27T15:41:30.063Z","b","maker"
"0.470375","30.80190278","2024-05-27T15:41:30.063Z","b","maker"
"0.470483","386.55075820","2024-05-27T15:41:30.063Z","b","maker"
"0.470241","20.69653700","2024-05-27T15:41:19.487Z","b","maker"
"0.470241","32.43188067","2024-05-27T15:40:59.229Z","b","taker"
"0.470000","823.22299937","2024-05-27T15:40:55.914Z","b","maker"
"0.470000","407.21988139","2024-05-27T15:40:55.914Z","b","maker"
"0.469825","441.98699624","2024-05-27T15:40:39.782Z","b","maker"
"0.469888","54.12162237","2024-05-27T15:40:39.782Z","b","maker"
"0.470000","21.75132539","2024-05-27T15:40:39.782Z","b","maker"
"0.469825","119.14190200","2024-05-27T15:40:33.211Z","b","maker"
"0.469787","300.00000000","2024-05-27T15:40:32.941Z","s","taker"
"0.469787","1200.00000000","2024-05-27T15:40:32.941Z","s","taker"
"0.469818","200.00000000","2024-05-27T15:39:49.005Z","s","taker"
"0.469602","434.97000000","2024-05-27T15:39:37.416Z","s","maker"
"0.469661","328.98828574","2024-05-27T15:38:45.728Z","b","maker"
"0.469686","87.30974661","2024-05-27T15:38:45.728Z","b","maker"
"0.469656","87.20980936","2024-05-27T15:38:45.721Z","b","maker"
"0.469661","695.86019064","2024-05-27T15:38:45.721Z","b","maker"
"0.469639","33.08311405","2024-05-27T15:38:41.498Z","s","taker"
"0.469281","114.90744157","2024-05-27T15:38:39.417Z","b","taker"
"0.469330","18.54709259","2024-05-27T15:38:39.417Z","b","taker"
"0.469457","44.44194305","2024-05-27T15:38:39.417Z","b","taker"
"0.469609","158.59662289","2024-05-27T15:38:39.417Z","b","taker"
"0.469232","45.08177403","2024-05-27T15:38:36.902Z","b","taker"
"0.469281","594.19876151","2024-05-27T15:38:36.902Z","b","taker"
"0.469232","19.43435500","2024-05-27T15:37:59.833Z","b","maker"
"0.469034","292.74868503","2024-05-27T15:36:46.847Z","b","maker"
"0.468988","27.55962404","2024-05-27T15:36:46.249Z","b","maker"
"0.468988","100.18481358","2024-05-27T15:36:46.124Z","b","maker"
"0.468861","519.51805026","2024-05-27T15:36:44.632Z","b","maker"
"0.468794","54.36469978","2024-05-27T15:36:37.263Z","b","maker"
"0.468808","98.34141972","2024-05-27T15:36:37.263Z","b","maker"
"0.468746","90.00593930","2024-05-27T15:36:35.005Z","b","maker"
"0.468642","167.22266740","2024-05-27T15:36:34.844Z","b","maker"
"0.468625","67.08807283","2024-05-27T15:36:34.035Z","b","maker"
"0.468550","54.61419686","2024-05-27T15:36:34.028Z","b","maker"
"0.468550","17.39030449","2024-05-27T15:36:29.627Z","b","taker"
"0.468513","79.94116513","2024-05-27T15:36:29.046Z","b","maker"
"0.468515","85.56983874","2024-05-27T15:36:29.046Z","b","maker"
"0.468517","56.49538646","2024-05-27T15:36:29.046Z","b","maker"
"0.468495","15.92571189","2024-05-27T15:36:29.035Z","b","maker"
"0.468349","65.05972638","2024-05-27T15:36:26.393Z","b","maker"
"0.468298","76.83277000","2024-05-27T15:36:12.925Z","s","maker"
"0.467908","22.40458017","2024-05-27T15:35:22.092Z","b","taker"
"0.468073","37.26139923","2024-05-27T15:35:22.092Z","b","taker"
"0.468142","77.81077374","2024-05-27T15:35:22.092Z","b","taker"
"0.468161","62.96237865","2024-05-27T15:35:22.092Z","b","taker"
"0.468311","1509.30233392","2024-05-27T15:35:22.092Z","b","taker"
"0.467907","1708.60460634","2024-05-27T15:35:09.017Z","s","maker"
"0.467565","35.26355093","2024-05-27T15:33:09.523Z","b","maker"
"0.467530","14.42582713","2024-05-27T15:33:04.503Z","b","maker"
"0.467529","5347.26188108","2024-05-27T15:32:15.162Z","s","maker"
"0.467529","1900.00000000","2024-05-27T15:32:15.162Z","s","maker"
"0.467467","617.18098037","2024-05-27T15:32:15.162Z","s","maker"
"0.467465","7658.52615923","2024-05-27T15:32:15.162Z","s","maker"
"0.467466","67.34838055","2024-05-27T15:31:44.292Z","b","maker"
"0.467530","33.53685045","2024-05-27T15:31:44.292Z","b","maker"
"0.467449","5.92416400","2024-05-27T15:31:24.026Z","s","maker"
"0.467254","321.36774110","2024-05-27T15:30:16.669Z","b","maker"
"0.467055","104.18814100","2024-05-27T15:28:04.598Z","b","maker"
"0.467752","300.00000000","2024-05-27T15:25:17.019Z","s","taker"
"0.467752","2000.00000000","2024-05-27T15:25:17.019Z","s","taker"
"0.468387","84.45754200","2024-05-27T15:24:13.547Z","b","maker"
"0.468474","90.88550500","2024-05-27T15:22:16.818Z","b","maker"
"0.468188","5339.74471515","2024-05-27T15:21:35.440Z","b","maker"
"0.468240","2100.00000000","2024-05-27T15:21:35.440Z","b","maker"
"0.468241","350.22747751","2024-05-27T15:21:35.440Z","b","maker"
"0.468242","1273.52320200","2024-05-27T15:21:35.440Z","b","maker"
"0.468278","260.61470892","2024-05-27T15:21:35.440Z","b","maker"
"0.468312","1900.00000000","2024-05-27T15:21:35.440Z","b","maker"
"0.468333","10676.18265309","2024-05-27T15:21:35.440Z","b","maker"
"0.468384","328.08335648","2024-05-27T15:21:35.440Z","b","maker"
"0.468387","448.99447602","2024-05-27T15:21:35.440Z","b","maker"
"0.468389","1631.72064942","2024-05-27T15:21:35.440Z","b","maker"
"0.468393","8902.17720324","2024-05-27T15:21:35.440Z","b","maker"
"0.468157","16.18598537","2024-05-27T15:21:11.408Z","s","taker"
"0.468310","84.27844101","2024-05-27T15:21:04.920Z","b","taker"
"0.468316","409.94750128","2024-05-27T15:21:04.920Z","b","taker"
"0.468336","1333.84405771","2024-05-27T15:21:04.920Z","b","taker"
"0.468043","10.15516600","2024-05-27T15:19:58.053Z","b","maker"
"0.468309","1900.00000000","2024-05-27T15:19:10.829Z","s","taker"
"0.468309","8000.00000000","2024-05-27T15:19:10.829Z","s","taker"
"0.468309","5876.59157689","2024-05-27T15:19:10.829Z","s","taker"
"0.468309","5642.33431686","2024-05-27T15:19:10.829Z","s","taker"
"0.468130","100.35005974","2024-05-27T15:18:55.422Z","b","taker"
"0.468207","11.63249569","2024-05-27T15:18:55.422Z","b","taker"
"0.468222","64.65517241","2024-05-27T15:18:55.422Z","b","taker"
"0.468231","106.17599623","2024-05-27T15:18:55.422Z","b","taker"
"0.468256","4717.18627593","2024-05-27T15:18:55.422Z","b","taker"
"0.468023","50.14538843","2024-05-27T15:17:37.660Z","b","maker"
"0.468130","49.85461157","2024-05-27T15:17:37.660Z","b","maker"
"0.467842","58.33875900","2024-05-27T15:16:42.905Z","b","maker"
"0.467876","5343.30074955","2024-05-27T15:16:40.259Z","b","maker"
"0.467906","10688.60157197","2024-05-27T15:16:40.259Z","b","maker"
"0.467909","3198.86690924","2024-05-27T15:16:40.259Z","b","maker"
"0.467940","1000.00000000","2024-05-27T15:16:16.531Z","s","maker"
"0.468008","1700.00000000","2024-05-27T15:15:51.219Z","b","maker"
"0.467793","105.43839823","2024-05-27T15:15:23.223Z","b","maker"
"0.467854","86.47319756","2024-05-27T15:15:23.223Z","b","maker"
"0.467862","56.56427585","2024-05-27T15:15:23.223Z","b","maker"
"0.467867","185.40422011","2024-05-27T15:15:23.223Z","b","maker"
"0.467944","28.82028200","2024-05-27T15:15:23.223Z","b","maker"
"0.467952","10.12200830","2024-05-27T15:15:23.223Z","b","maker"
"0.467957","17.99966324","2024-05-27T15:15:23.223Z","b","maker"
"0.468000","100.00000000","2024-05-27T15:15:23.223Z","b","maker"
"0.467735","37.27765301","2024-05-27T15:15:19.136Z","b","maker"
"0.467591","53.79014211","2024-05-27T15:15:14.157Z","b","maker"
"0.467591","5.00000000","2024-05-27T15:15:04.976Z","b","maker"
"0.467363","2205.10206800","2024-05-27T15:14:48.164Z","b","maker"
"0.467365","6.01302600","2024-05-27T15:14:47.066Z","b","maker"
"0.467242","139.05884971","2024-05-27T15:14:38.887Z","b","taker"
"0.467705","1900.00000000","2024-05-27T15:14:18.733Z","b","maker"
"0.467758","43.67982343","2024-05-27T15:14:18.733Z","b","maker"
"0.467429","19.76829300","2024-05-27T15:12:53.667Z","s","maker"
"0.467378","24.10254655","2024-05-27T15:11:08.688Z","b","taker"
"0.467402","10.00000000","2024-05-27T15:11:01.287Z","b","taker"
"0.467350","52.26000000","2024-05-27T15:10:50.848Z","s","taker"
"0.467313","1500.00000000","2024-05-27T15:10:40.344Z","s","taker"
"0.467706","1563.69968600","2024-05-27T15:10:23.321Z","b","maker"
"0.467751","105.31475900","2024-05-27T15:10:20.951Z","b","maker"
"0.467772","58.72309997","2024-05-27T15:09:15.461Z","b","taker"
"0.467785","525.67991278","2024-05-27T15:09:15.461Z","b","taker"
"0.467497","6.26957326","2024-05-27T15:08:53.244Z","b","taker"
"0.467609","73.72784298","2024-05-27T15:08:53.244Z","b","taker"
"0.467714","3645.53442916","2024-05-27T15:08:53.244Z","b","taker"
"0.467479","10.00000000","2024-05-27T15:08:03.391Z","b","taker"
"0.467307","63.04427777","2024-05-27T15:06:39.991Z","b","maker"
"0.467020","20.27105724","2024-05-27T15:05:30.082Z","b","maker"
"0.466678","18218.45474342","2024-05-27T15:05:22.353Z","b","maker"
"0.466411","1000.00000000","2024-05-27T15:05:07.052Z","s","maker"
"0.466622","22.80718700","2024-05-27T15:04:59.930Z","b","maker"
"0.467081","712.65463389","2024-05-27T15:04:28.535Z","s","maker"
"0.467497","30.26957326","2024-05-27T15:01:48.636Z","b","maker"
"0.467497","3.73042674","2024-05-27T15:01:48.636Z","b","maker"
"0.467423","15.83965670","2024-05-27T15:01:48.069Z","b","maker"
"0.467387","65.48056477","2024-05-27T15:01:45.654Z","b","maker"
"0.467212","65.21951538","2024-05-27T15:01:41.401Z","b","maker"
"0.467213","64.79481641","2024-05-27T15:01:41.401Z","b","maker"
"0.467135","28.78985679","2024-05-27T15:00:43.274Z","b","maker"
"0.467021","204.32808859","2024-05-27T15:00:43.137Z","b","maker"
"0.466719","35.20158335","2024-05-27T15:00:18.823Z","b","taker"
"0.466758","1900.00000000","2024-05-27T15:00:18.823Z","b","taker"
"0.466775","5355.90847774","2024-05-27T15:00:18.823Z","b","taker"
"0.466828","48.12256512","2024-05-27T15:00:18.823Z","b","taker"
"0.466871","507.41503405","2024-05-27T15:00:18.823Z","b","taker"
"0.466888","56.66701973","2024-05-27T15:00:18.823Z","b","taker"
"0.466907","26.64304208","2024-05-27T15:00:18.823Z","b","taker"
"0.466941","73.85421906","2024-05-27T15:00:18.823Z","b","taker"
"0.466949","272.42404240","2024-05-27T15:00:18.823Z","b","taker"
"0.466950","1548.90000000","2024-05-27T15:00:18.823Z","b","taker"
"0.466955","10707.68348266","2024-05-27T15:00:18.823Z","b","taker"
"0.466979","884.24490181","2024-05-27T15:00:18.823Z","b","taker"
"0.466673","107.14140308","2024-05-27T15:00:08.113Z","b","maker"
"0.466553","124.50177500","2024-05-27T14:58:13.419Z","s","maker"
"0.466449","38.33434700","2024-05-27T14:57:18.321Z","s","maker"
"0.466569","26.33421300","2024-05-27T14:57:04.610Z","s","maker"
"0.466621","22.36000424","2024-05-27T14:56:22.996Z","b","maker"
"0.466831","61.29613876","2024-05-27T14:56:22.996Z","b","maker"
"0.466620","38.33434700","2024-05-27T14:56:20.083Z","s","maker"
"0.466191","69.56524330","2024-05-27T14:56:18.943Z","b","maker"
"0.466287","38.33434700","2024-05-27T14:55:46.097Z","s","maker"
"0.466540","760.52822500","2024-05-27T14:55:37.275Z","s","maker"
"0.466561","38.33434700","2024-05-27T14:55:11.968Z","s","maker"
"0.466513","98.19505493","2024-05-27T14:54:50.027Z","b","taker"
"0.466394","104.32730100","2024-05-27T14:54:35.928Z","b","maker"
"0.466025","76.01722028","2024-05-27T14:54:07.027Z","b","maker"
"0.465898","78.17396483","2024-05-27T14:53:51.412Z","b","maker"
"0.465881","107.32354400","2024-05-27T14:53:50.466Z","b","maker"
"0.465644","28.73926823","2024-05-27T14:53:38.780Z","b","maker"
"0.465348","78.38599992","2024-05-27T14:53:32.929Z","b","maker"
"0.465273","107.46379008","2024-05-27T14:53:31.938Z","b","maker"
"0.465226","52.54482144","2024-05-27T14:53:25.789Z","b","maker"
"0.465181","86.89142403","2024-05-27T14:53:25.711Z","b","maker"
"0.465044","28.96961309","2024-05-27T14:53:23.480Z","b","maker"
"0.465018","50.42415085","2024-05-27T14:53:18.473Z","b","maker"
"0.464754","54.72525211","2024-05-27T14:53:03.102Z","b","maker"
"0.464759","33.21683823","2024-05-27T14:53:03.102Z","b","maker"
"0.464605","76.34705173","2024-05-27T14:52:03.240Z","b","taker"
"0.464614","267.87433973","2024-05-27T14:52:03.240Z","b","taker"
"0.464665","87.00805963","2024-05-27T14:52:03.240Z","b","taker"
"0.464672","106.83021572","2024-05-27T14:52:03.240Z","b","taker"
"0.464510","2600.18741200","2024-05-27T14:51:56.533Z","s","maker"
"0.464437","49.89223800","2024-05-27T14:51:23.904Z","b","maker"
"0.464412","61.24916893","2024-05-27T14:50:05.888Z","b","maker"
"0.464414","80.62143473","2024-05-27T14:50:05.888Z","b","maker"
"0.464338","69.96826607","2024-05-27T14:50:05.799Z","b","maker"
"0.464328","450.31285113","2024-05-27T14:49:12.523Z","b","taker"
"0.464335","538.63754864","2024-05-27T14:48:54.712Z","b","taker"
"0.464134","1035.22326500","2024-05-27T14:48:53.207Z","s","maker"
"0.463946","5388.55280844","2024-05-27T14:48:38.968Z","s","taker"
"0.463945","169.42779581","2024-05-27T14:48:38.968Z","s","taker"
"0.464094","538.76291415","2024-05-27T14:48:37.350Z","b","taker"
"0.464163","538.41134196","2024-05-27T14:48:19.610Z","b","taker"
"0.464317","538.81168316","2024-05-27T14:48:02.338Z","b","taker"
"0.463973","28.33167300","2024-05-27T14:47:56.808Z","s","taker"
"0.463984","205.75941200","2024-05-27T14:47:49.989Z","s","taker"
"0.463984","41.45630100","2024-05-27T14:47:49.036Z","s","taker"
"0.464050","538.58300964","2024-05-27T14:47:47.031Z","b","taker"
"0.463941","37.30280000","2024-05-27T14:47:41.783Z","s","taker"
"0.464030","33.98207900","2024-05-27T14:47:36.950Z","s","taker"
"0.464181","5385.82956481","2024-05-27T14:47:34.409Z","s","taker"
"0.464118","3803.78503400","2024-05-27T14:47:34.409Z","s","taker"
"0.464129","36.88578600","2024-05-27T14:47:29.514Z","s","taker"
"0.464129","27.83269200","2024-05-27T14:47:29.373Z","s","taker"
"0.464129","34.11996000","2024-05-27T14:47:29.027Z","s","taker"
"0.464046","30.30015700","2024-05-27T14:47:21.160Z","s","taker"
"0.463944","108.72520213","2024-05-27T14:47:09.741Z","b","taker"
"0.463993","43.10409855","2024-05-27T14:47:01.021Z","b","taker"
"0.463818","69.14384000","2024-05-27T14:47:00.916Z","s","taker"
"0.464055","54.56430100","2024-05-27T14:46:57.976Z","s","taker"
"0.464160","40.83011600","2024-05-27T14:46:50.274Z","s","taker"
"0.464160","49.28430600","2024-05-27T14:46:50.245Z","s","taker"
"0.464331","44.81480500","2024-05-27T14:46:49.939Z","s","taker"
"0.464620","712.65463389","2024-05-27T14:46:43.742Z","s","maker"
"0.464533","145.42528271","2024-05-27T14:46:43.742Z","s","maker"
"0.464432","145.42528271","2024-05-27T14:46:43.742Z","s","maker"
"0.464265","1306.49480069","2024-05-27T14:46:43.742Z","s","maker"
"0.464827","2126.69522027","2024-05-27T14:46:32.219Z","s","maker"
"0.464827","24.64280441","2024-05-27T14:46:08.951Z","s","taker"
"0.465000","50.00000000","2024-05-27T14:45:31.168Z","s","maker"
"0.464994","26.99175900","2024-05-27T14:45:31.168Z","s","maker"
"0.465273","532.30621900","2024-05-27T14:43:23.007Z","s","maker"
"0.465241","1055.00000000","2024-05-27T14:43:05.842Z","s","maker"
"0.465371","14.25333300","2024-05-27T14:43:00.614Z","b","maker"
"0.465173","215.01261048","2024-05-27T14:41:10.210Z","b","taker"
"0.465880","383.57048044","2024-05-27T14:40:25.794Z","s","maker"
"0.465880","45.72461700","2024-05-27T14:40:08.692Z","s","maker"
"0.465727","8.40748595","2024-05-27T14:36:36.669Z","b","maker"
"0.465739","33.20485351","2024-05-27T14:36:36.669Z","b","maker"
"0.465830","35.28158738","2024-05-27T14:36:36.669Z","b","maker"
"0.465881","25.80784091","2024-05-27T14:36:36.669Z","b","maker"
"0.465727","54.77600000","2024-05-27T14:36:18.927Z","b","maker"
"0.465569","3250.47543019","2024-05-27T14:33:34.705Z","s","maker"
"0.465569","199.52456981","2024-05-27T14:33:34.700Z","s","maker"
"0.465570","9.05151100","2024-05-27T14:33:23.536Z","b","maker"
"0.465570","62.93466595","2024-05-27T14:33:06.711Z","b","taker"
"0.465630","26.78010833","2024-05-27T14:33:06.711Z","b","taker"
"0.465686","138.04522572","2024-05-27T14:33:06.711Z","b","taker"
"0.465570","42.32324600","2024-05-27T14:33:01.861Z","b","maker"
"0.465570","2.13732400","2024-05-27T14:30:56.031Z","b","maker"
"0.465501","109.44000000","2024-05-27T14:29:16.042Z","b","taker"
"0.465500","4.12509000","2024-05-27T14:26:00.967Z","s","maker"
"0.465501","100.00000000","2024-05-27T14:25:21.890Z","b","maker"
"0.465832","120.49720222","2024-05-27T14:24:03.628Z","b","taker"
"0.466002","1900.00000000","2024-05-27T14:23:05.703Z","s","maker"
"0.466299","10.11056100","2024-05-27T14:22:14.668Z","b","maker"
"0.466298","419.70319400","2024-05-27T14:21:37.591Z","s","maker"
"0.466292","54.31367267","2024-05-27T14:21:00.308Z","b","taker"
"0.466175","2.11341600","2024-05-27T14:19:57.032Z","b","maker"
"0.465932","5080.00000000","2024-05-27T14:19:21.517Z","s","taker"
"0.466404","19.32329300","2024-05-27T14:19:14.285Z","s","maker"
"0.466404","1714.83936242","2024-05-27T14:19:14.068Z","s","taker"
"0.466222","37.39714595","2024-05-27T14:19:09.972Z","b","maker"
"0.466483","159.47235890","2024-05-27T14:19:09.972Z","b","maker"
"0.466516","227.03072115","2024-05-27T14:19:09.972Z","b","maker"
"0.465580","42.32233700","2024-05-27T14:18:28.970Z","b","maker"
"0.466000","1065.04002740","2024-05-27T14:18:25.100Z","s","maker"
"0.466009","33.79805661","2024-05-27T14:18:15.140Z","b","maker"
"0.466013","33.79805661","2024-05-27T14:18:15.140Z","b","maker"
"0.466016","1932.40388678","2024-05-27T14:18:15.140Z","b","maker"
"0.466392","5.52506700","2024-05-27T14:17:36.034Z","b","maker"
"0.466566","107.16597437","2024-05-27T14:16:24.148Z","b","taker"
"0.466567","6.65402563","2024-05-27T14:16:24.148Z","b","taker"
"0.466412","10.85684284","2024-05-27T14:15:58.601Z","b","taker"
"0.466200","45.81161484","2024-05-27T14:15:07.348Z","s","maker"
"0.466284","148.79227967","2024-05-27T14:14:14.176Z","s","taker"
"0.466566","74.99010800","2024-05-27T14:13:22.561Z","b","maker"
"0.466339","1916.39270580","2024-05-27T14:11:30.957Z","s","taker"
"0.466565","1743.04769700","2024-05-27T14:09:40.620Z","s","taker"
"0.466565","443.07631305","2024-05-27T14:09:40.620Z","s","taker"
"0.466480","1395.02052566","2024-05-27T14:09:40.620Z","s","taker"
"0.466566","21.43319487","2024-05-27T14:09:22.538Z","b","taker"
"0.466566","1685.72423399","2024-05-27T14:08:32.757Z","b","maker"
"0.466566","1376.34585701","2024-05-27T14:08:32.757Z","b","maker"
"0.466566","214.27576601","2024-05-27T14:08:19.820Z","b","maker"
"0.466689","54.22540541","2024-05-27T14:07:48.924Z","b","taker"
"0.466802","107.11179472","2024-05-27T14:07:45.428Z","b","taker"
"0.466817","0.60580484","2024-05-27T14:07:45.428Z","b","taker"
"0.466575","1900.00000000","2024-05-27T14:07:27.021Z","s","maker"
"0.466565","1256.95230300","2024-05-27T14:07:27.021Z","s","maker"
"0.466566","2980.14000000","2024-05-27T14:06:35.201Z","b","taker"
"0.466673","13366.55903770","2024-05-27T14:06:05.343Z","s","maker"
"0.466802","107.97153870","2024-05-27T14:02:39.724Z","b","maker"
"0.466940","431.61853479","2024-05-27T14:02:33.913Z","b","taker"
"0.466943","48.08062265","2024-05-27T14:02:33.913Z","b","taker"
"0.466945","712.65463389","2024-05-27T14:02:33.913Z","b","taker"
"0.466950","88.78344382","2024-05-27T14:02:33.913Z","b","taker"
"0.466961","37.34464167","2024-05-27T14:02:33.913Z","b","taker"
"0.466969","84.48853461","2024-05-27T14:02:33.913Z","b","taker"
"0.467006","58.86019882","2024-05-27T14:02:33.913Z","b","taker"
"0.467013","5353.17076012","2024-05-27T14:02:33.913Z","b","taker"
"0.467118","593.93833630","2024-05-27T14:02:33.913Z","b","taker"
"0.467148","3393.88673355","2024-05-27T14:02:33.913Z","b","taker"
"0.466835","107.10422312","2024-05-27T14:02:05.874Z","b","taker"
"0.466853","31.02296230","2024-05-27T14:02:05.874Z","b","taker"
"0.466887","35.31610186","2024-05-27T14:02:05.874Z","b","taker"
"0.466891","146.64054396","2024-05-27T14:02:05.874Z","b","taker"
"0.466914","26.60512608","2024-05-27T14:02:05.874Z","b","taker"
"0.466940","90.03673037","2024-05-27T14:02:05.874Z","b","taker"
"0.466834","58.84998760","2024-05-27T14:01:01.161Z","b","maker"
"0.466831","198.06288938","2024-05-27T14:01:01.093Z","b","maker"
"0.466584","18216.66363039","2024-05-27T14:00:13.985Z","b","maker"
"0.466620","21.89779500","2024-05-27T13:59:21.043Z","b","maker"
"0.466802","77.99572432","2024-05-27T13:53:56.537Z","b","maker"
"0.466813","30.90093832","2024-05-27T13:53:56.537Z","b","maker"
"0.466834","39.52697340","2024-05-27T13:53:56.537Z","b","maker"
"0.466835","1936.31517596","2024-05-27T13:53:56.537Z","b","maker"
"0.466670","11.47933977","2024-05-27T13:53:53.818Z","b","maker"
"0.466779","61.01119963","2024-05-27T13:53:53.818Z","b","maker"
"0.466792","108.13666475","2024-05-27T13:53:53.818Z","b","maker"
"0.466799","17.52712112","2024-05-27T13:53:53.818Z","b","maker"
"0.466802","0.14549873","2024-05-27T13:53:53.818Z","b","maker"
"0.466647","26.58715192","2024-05-27T13:51:55.912Z","b","taker"
"0.466670","77.25931210","2024-05-27T13:51:55.912Z","b","taker"
"0.466404","176.81276711","2024-05-27T13:51:52.576Z","b","maker"
"0.466404","107.20319723","2024-05-27T13:51:52.576Z","b","maker"
"0.466407","75.98931363","2024-05-27T13:51:52.576Z","b","maker"
"0.466435","42.79783193","2024-05-27T13:51:52.576Z","b","maker"
"0.466441","58.93008040","2024-05-27T13:51:52.576Z","b","maker"
"0.466477","44.72578346","2024-05-27T13:51:52.576Z","b","maker"
"0.466603","43.90855145","2024-05-27T13:51:52.576Z","b","maker"
"0.466647","17.20348407","2024-05-27T13:51:52.576Z","b","maker"
"0.466154","61.02402872","2024-05-27T13:49:21.068Z","b","maker"
"0.466435","17.96964352","2024-05-27T13:49:10.672Z","b","taker"
"0.466204","64.93506494","2024-05-27T13:49:10.260Z","b","taker"
"0.466238","76.55000000","2024-05-27T13:49:10.260Z","b","taker"
"0.466378","214.49860415","2024-05-27T13:49:10.260Z","b","taker"
"0.466435","44.42068884","2024-05-27T13:49:10.260Z","b","taker"
"0.466101","48.20183366","2024-05-27T13:49:05.274Z","b","maker"
"0.466132","38.08484119","2024-05-27T13:49:05.274Z","b","maker"
"0.466142","132.10861618","2024-05-27T13:49:05.274Z","b","maker"
"0.466023","63.15011853","2024-05-27T13:49:01.479Z","b","maker"
"0.466024","39.67583122","2024-05-27T13:49:01.479Z","b","maker"
"0.466027","31.04997627","2024-05-27T13:49:01.479Z","b","maker"
"0.466038","63.13257385","2024-05-27T13:49:01.479Z","b","maker"
"0.466039","38.09239244","2024-05-27T13:49:01.479Z","b","maker"
"0.466039","48.23395003","2024-05-27T13:49:01.479Z","b","maker"
"0.466059","20.29678667","2024-05-27T13:49:01.479Z","b","maker"
"0.466000","9951.74505843","2024-05-27T13:48:50.658Z","b","maker"
"0.465999","1087.00000000","2024-05-27T13:48:41.791Z","s","maker"
"0.465933","18.18818273","2024-05-27T13:48:35.480Z","b","maker"
"0.465906","88.95140713","2024-05-27T13:48:33.394Z","b","maker"
"0.465647","987.36474000","2024-05-27T13:47:54.581Z","s","maker"
"0.465583","895.01945046","2024-05-27T13:47:37.248Z","b","maker"
"0.465598","184.14645452","2024-05-27T13:47:37.248Z","b","maker"
"0.465613","26.69004545","2024-05-27T13:47:37.248Z","b","maker"
"0.465645","29.20909436","2024-05-27T13:47:37.248Z","b","maker"
"0.465657","26.69550190","2024-05-27T13:47:37.248Z","b","maker"
"0.465675","214.78655049","2024-05-27T13:47:37.248Z","b","maker"
"0.465681","46.06794127","2024-05-27T13:47:37.248Z","b","maker"
"0.465704","15.99805121","2024-05-27T13:47:37.248Z","b","maker"
"0.465718","67.56477446","2024-05-27T13:47:37.248Z","b","maker"
"0.465773","214.78631982","2024-05-27T13:47:37.248Z","b","maker"
"0.465786","5367.28098517","2024-05-27T13:47:37.248Z","b","maker"
"0.465790","18.10352281","2024-05-27T13:47:37.248Z","b","maker"
"0.465800","131.95748047","2024-05-27T13:47:37.248Z","b","maker"
"0.465800","10736.92299216","2024-05-27T13:47:37.248Z","b","maker"
"0.465801","56.75252696","2024-05-27T13:47:37.248Z","b","maker"
"0.465826","695.21540289","2024-05-27T13:47:37.248Z","b","maker"
"0.465834","26.75172699","2024-05-27T13:47:37.248Z","b","maker"
"0.465858","10734.25079780","2024-05-27T13:47:37.248Z","b","maker"
"0.465883","67.65530187","2024-05-27T13:47:37.248Z","b","maker"
"0.465893","10732.08105184","2024-05-27T13:47:37.248Z","b","maker"
"0.465900","11198.14867087","2024-05-27T13:47:37.248Z","b","maker"
"0.465571","28.96149492","2024-05-27T13:46:08.311Z","b","taker"
"0.465583","65.99759417","2024-05-27T13:46:08.311Z","b","taker"
"0.465306","268.93084335","2024-05-27T13:45:36.204Z","b","maker"
"0.465306","423.00000000","2024-05-27T13:45:36.204Z","b","maker"
"0.465306","107.45616863","2024-05-27T13:45:36.204Z","b","maker"
"0.465354","41.87129097","2024-05-27T13:45:36.204Z","b","maker"
"0.465475","118.59649910","2024-05-27T13:45:36.204Z","b","maker"
"0.465494","214.91256819","2024-05-27T13:45:36.204Z","b","maker"
"0.465305","716.32393209","2024-05-27T13:45:28.919Z","s","taker"
"0.465305","17.86000000","2024-05-27T13:43:09.588Z","s","taker"
"0.465306","21.49123373","2024-05-27T13:41:14.697Z","b","taker"
"0.465243","89.99900000","2024-05-27T13:40:28.932Z","s","maker"
"0.465244","13.94046217","2024-05-27T13:39:02.311Z","b","maker"
"0.465195","65.07592191","2024-05-27T13:38:58.136Z","b","maker"
"0.465180","61.10430417","2024-05-27T13:38:58.135Z","b","maker"
"0.465180","56.30338021","2024-05-27T13:38:58.135Z","b","maker"
"0.465101","48.27065747","2024-05-27T13:38:55.871Z","b","maker"
"0.465107","15.34521954","2024-05-27T13:38:55.871Z","b","maker"
"0.465049","18.21255321","2024-05-27T13:38:55.860Z","b","maker"
"0.465040","26.80223731","2024-05-27T13:38:42.477Z","b","maker"
"0.465027","523.80219459","2024-05-27T13:38:42.468Z","b","maker"
"0.464810","232.80000000","2024-05-27T13:37:23.764Z","b","maker"
"0.464620","716.22171462","2024-05-27T13:37:09.812Z","b","maker"
"0.464618","186.70064319","2024-05-27T13:37:09.792Z","b","maker"
"0.464591","70.22372060","2024-05-27T13:37:09.782Z","b","maker"
"0.464609","33.19709663","2024-05-27T13:37:09.782Z","b","maker"
"0.464612","15.34521953","2024-05-27T13:37:09.782Z","b","maker"
"0.464541","105.49959944","2024-05-27T13:37:07.876Z","b","maker"
"0.464556","74.20308262","2024-05-27T13:37:07.876Z","b","maker"
"0.464572","50.45414612","2024-05-27T13:37:07.876Z","b","maker"
"0.464503","10.50000005","2024-05-27T13:37:03.465Z","b","maker"
"0.464466","46.13231223","2024-05-27T13:36:52.965Z","b","maker"
"0.464465","19.29435300","2024-05-27T13:36:24.717Z","s","maker"
"0.464465","55.00000000","2024-05-27T13:36:24.424Z","s","maker"
"0.464351","80.72773200","2024-05-27T13:36:23.308Z","b","maker"
"0.464340","74.99458000","2024-05-27T13:36:23.293Z","b","maker"
"0.464259","20.41858647","2024-05-27T13:36:21.475Z","b","maker"
"0.464178","255.25834525","2024-05-27T13:36:16.944Z","b","maker"
"0.463950","16.00637342","2024-05-27T13:36:08.800Z","b","maker"
"0.463971","31.20180966","2024-05-27T13:36:08.800Z","b","maker"
"0.463849","48.39491190","2024-05-27T13:36:06.522Z","b","maker"
"0.463800","31.16459215","2024-05-27T13:35:57.515Z","b","maker"
"0.463767","33.39184739","2024-05-27T13:35:54.330Z","b","maker"
"0.463767","107.81275942","2024-05-27T13:35:54.330Z","b","maker"
"0.463672","251.11512509","2024-05-27T13:32:11.180Z","b","maker"
"0.463678","33.26660719","2024-05-27T13:32:11.180Z","b","maker"
"0.463566","35.50873315","2024-05-27T13:32:09.518Z","b","maker"
"0.463610","11.78920362","2024-05-27T13:32:09.518Z","b","maker"
"0.463535","48.38115519","2024-05-27T13:32:09.517Z","b","maker"
"0.463519","54.89973910","2024-05-27T13:32:08.795Z","b","maker"
"0.463483","57.03458028","2024-05-27T13:32:08.754Z","b","maker"
"0.463490","411.97992622","2024-05-27T13:32:08.754Z","b","maker"
"0.463211","103.74518600","2024-05-27T13:31:50.744Z","s","maker"
"0.463155","407.70652070","2024-05-27T13:31:41.108Z","s","taker"
"0.463152","54.63979179","2024-05-27T13:31:09.986Z","b","taker"
"0.463490","201.59770300","2024-05-27T13:30:30.102Z","b","maker"
"0.463486","16.04183322","2024-05-27T13:30:18.006Z","b","maker"
"0.463490","257.42237078","2024-05-27T13:30:18.006Z","b","maker"
"0.463208","5397.13955489","2024-05-27T13:29:34.215Z","s","maker"
"0.463171","938.93030911","2024-05-27T13:29:34.215Z","s","maker"
"0.463359","49.71656808","2024-05-27T13:28:35.690Z","b","maker"
"0.463485","1939.70074544","2024-05-27T13:28:26.052Z","b","taker"
"0.463566","567.85903704","2024-05-27T13:25:18.626Z","b","taker"
"0.463464","2500.00000000","2024-05-27T13:24:47.206Z","s","maker"
"0.463628","3080.36000000","2024-05-27T13:24:44.687Z","b","taker"
"0.463521","115.32413814","2024-05-27T13:21:02.463Z","b","taker"
"0.463649","1000.00000000","2024-05-27T13:19:00.226Z","s","maker"
"0.464004","1195.72557000","2024-05-27T13:18:04.987Z","s","maker"
"0.464186","65.21739130","2024-05-27T13:17:08.110Z","b","maker"
"0.463971","42.00164769","2024-05-27T13:17:06.121Z","b","maker"
"0.464185","5385.78368538","2024-05-27T13:15:37.035Z","s","maker"
"0.464185","10771.56737076","2024-05-27T13:15:37.035Z","s","maker"
"0.464185","33.79805661","2024-05-27T13:15:37.035Z","s","maker"
"0.464185","33.79805661","2024-05-27T13:15:37.035Z","s","maker"
"0.464185","860.69953023","2024-05-27T13:15:37.035Z","s","maker"
"0.464185","5876.59157689","2024-05-27T13:15:37.035Z","s","maker"
"0.464172","213.17519973","2024-05-27T13:15:37.035Z","s","maker"
"0.464094","9382.66403211","2024-05-27T13:15:37.035Z","s","maker"
"0.464009","37.57096645","2024-05-27T13:15:34.164Z","b","maker"