"price","volume","timestamp","type"
"0.12","42810.05610833","2024-06-05T00:22:58.512Z","bid"
"0.1195","1059.17","2024-06-05T00:22:58.512Z","bid"
"0.1166","170000","2024-06-05T00:22:58.512Z","bid"
"0.1157","95215.74","2024-06-05T00:22:58.512Z","bid"
"0.115","43304.34","2024-06-05T00:22:58.512Z","bid"
"0.1128","87.76595744","2024-06-05T00:22:58.512Z","bid"
"0.1112","12739.99","2024-06-05T00:22:58.512Z","bid"
"0.1111","57099.73","2024-06-05T00:22:58.512Z","bid"
"0.111","900.9009","2024-06-05T00:22:58.512Z","bid"
"0.11","14759.072727","2024-06-05T00:22:58.512Z","bid"
"0.1075","1550","2024-06-05T00:22:58.512Z","bid"
"0.107","1469.73682242","2024-06-05T00:22:58.512Z","bid"
"0.106","2000","2024-06-05T00:22:58.512Z","bid"
"0.105","9.46","2024-06-05T00:22:58.512Z","bid"
"0.102","9.74","2024-06-05T00:22:58.512Z","bid"
"0.1012","117.86","2024-06-05T00:22:58.512Z","bid"
"0.1011","10","2024-06-05T00:22:58.512Z","bid"
"0.101","20183.16","2024-06-05T00:22:58.512Z","bid"
"0.1008","9.93","2024-06-05T00:22:58.512Z","bid"
"0.1001","18","2024-06-05T00:22:58.512Z","bid"
"0.1","660477.45612797","2024-06-05T00:22:58.512Z","bid"
"0.0973","16174.98415724","2024-06-05T00:22:58.512Z","bid"
"0.097","3000","2024-06-05T00:22:58.512Z","bid"
"0.0967","50461.23","2024-06-05T00:22:58.512Z","bid"
"0.095","3138.94","2024-06-05T00:22:58.512Z","bid"
"0.0935","30000","2024-06-05T00:22:58.512Z","bid"
"0.0933","105993.13","2024-06-05T00:22:58.512Z","bid"
"0.0913","108820.6","2024-06-05T00:22:58.512Z","bid"
"0.0912","130.78","2024-06-05T00:22:58.512Z","bid"
"0.09","19831.44","2024-06-05T00:22:58.512Z","bid"
"0.0888","20","2024-06-05T00:22:58.512Z","bid"
"0.087","471.25","2024-06-05T00:22:58.512Z","bid"
"0.086","4000","2024-06-05T00:22:58.512Z","bid"
"0.081","19502.81","2024-06-05T00:22:58.512Z","bid"
"0.08","79023.16","2024-06-05T00:22:58.512Z","bid"
"0.078","5000","2024-06-05T00:22:58.512Z","bid"
"0.077","444022.07394155","2024-06-05T00:22:58.512Z","bid"
"0.0717","691.77","2024-06-05T00:22:58.512Z","bid"
"0.071","30000","2024-06-05T00:22:58.512Z","bid"
"0.07","20580.82","2024-06-05T00:22:58.512Z","bid"
"0.0695","1501.72","2024-06-05T00:22:58.512Z","bid"
"0.0666","55","2024-06-05T00:22:58.512Z","bid"
"0.0649","200","2024-06-05T00:22:58.512Z","bid"
"0.061","16.29","2024-06-05T00:22:58.512Z","bid"
"0.0601","3316.13","2024-06-05T00:22:58.512Z","bid"
"0.06","48949.8","2024-06-05T00:22:58.512Z","bid"
"0.059","1694.91","2024-06-05T00:22:58.512Z","bid"
"0.057","173.68421052","2024-06-05T00:22:58.512Z","bid"
"0.0555","1753.46","2024-06-05T00:22:58.512Z","bid"
"0.055","4339.63636363","2024-06-05T00:22:58.512Z","bid"
"0.0538","25","2024-06-05T00:22:58.512Z","bid"
"0.0533","762.5","2024-06-05T00:22:58.512Z","bid"
"0.052","599.98","2024-06-05T00:22:58.512Z","bid"
"0.0512","20000","2024-06-05T00:22:58.512Z","bid"
"0.051","20000","2024-06-05T00:22:58.512Z","bid"
"0.05","292343.943752","2024-06-05T00:22:58.512Z","bid"
"0.049","4165.06950918","2024-06-05T00:22:58.512Z","bid"
"0.045","110888.892222","2024-06-05T00:22:58.512Z","bid"
"0.044","500","2024-06-05T00:22:58.512Z","bid"
"0.042","2380.95238","2024-06-05T00:22:58.512Z","bid"
"0.041","24.24","2024-06-05T00:22:58.512Z","bid"
"0.04","7201.43","2024-06-05T00:22:58.512Z","bid"
"0.038","653947.36","2024-06-05T00:22:58.512Z","bid"
"0.035","14385.714285","2024-06-05T00:22:58.512Z","bid"
"0.0345","2881.15","2024-06-05T00:22:58.512Z","bid"
"0.033","100903.63","2024-06-05T00:22:58.512Z","bid"
"0.0325","1233.75","2024-06-05T00:22:58.512Z","bid"
"0.032","50","2024-06-05T00:22:58.512Z","bid"
"0.031","32322.12","2024-06-05T00:22:58.512Z","bid"
"0.0307","762.85","2024-06-05T00:22:58.512Z","bid"
"0.03","46448.56","2024-06-05T00:22:58.512Z","bid"
"0.0288","1725.69","2024-06-05T00:22:58.512Z","bid"
"0.028","200","2024-06-05T00:22:58.512Z","bid"
"0.0251","394.42231075","2024-06-05T00:22:58.512Z","bid"
"0.025","165536.55","2024-06-05T00:22:58.512Z","bid"
"0.0222","45","2024-06-05T00:22:58.512Z","bid"
"0.022","222000","2024-06-05T00:22:58.512Z","bid"
"0.0214","930.232558","2024-06-05T00:22:58.512Z","bid"
"0.0212","20000","2024-06-05T00:22:58.512Z","bid"
"0.021","47.33","2024-06-05T00:22:58.512Z","bid"
"0.0201","500956.21","2024-06-05T00:22:58.512Z","bid"
"0.02","35345.58","2024-06-05T00:22:58.512Z","bid"
"0.0196","1996.25","2024-06-05T00:22:58.512Z","bid"
"0.018","100","2024-06-05T00:22:58.512Z","bid"
"0.0163","311.01","2024-06-05T00:22:58.512Z","bid"
"0.016","1000","2024-06-05T00:22:58.512Z","bid"
"0.015","270009.92","2024-06-05T00:22:58.512Z","bid"
"0.0134","100000","2024-06-05T00:22:58.512Z","bid"
"0.0132","2000","2024-06-05T00:22:58.512Z","bid"
"0.013","200076.46","2024-06-05T00:22:58.512Z","bid"
"0.012","82.83","2024-06-05T00:22:58.512Z","bid"
"0.0117","3230","2024-06-05T00:22:58.512Z","bid"
"0.0112","500000","2024-06-05T00:22:58.512Z","bid"
"0.0111","1435.93","2024-06-05T00:22:58.512Z","bid"
"0.011","378509.58966818","2024-06-05T00:22:58.512Z","bid"
"0.0102","970.58823529","2024-06-05T00:22:58.512Z","bid"
"0.01","608169.480456","2024-06-05T00:22:58.512Z","bid"
"0.0095","2642.02105226","2024-06-05T00:22:58.512Z","bid"
"0.0094","0.99","2024-06-05T00:22:58.512Z","bid"
"0.009","22679.36222222","2024-06-05T00:22:58.512Z","bid"
"0.0088","5759.72","2024-06-05T00:22:58.512Z","bid"
"0.0085","11.67058823","2024-06-05T00:22:58.512Z","bid"
"0.008","284751.66","2024-06-05T00:22:58.512Z","bid"
"0.0078","1000","2024-06-05T00:22:58.512Z","bid"
"0.0077","130","2024-06-05T00:22:58.512Z","bid"
"0.0075","13.22666666","2024-06-05T00:22:58.512Z","bid"
"0.007","22054.34142857","2024-06-05T00:22:58.512Z","bid"
"0.0068","5226.25","2024-06-05T00:22:58.512Z","bid"
"0.0066","150","2024-06-05T00:22:58.512Z","bid"
"0.0065","15.26153846","2024-06-05T00:22:58.512Z","bid"
"0.0063","4000","2024-06-05T00:22:58.512Z","bid"
"0.006","21530.04333333","2024-06-05T00:22:58.512Z","bid"
"0.0059","168.13","2024-06-05T00:22:58.512Z","bid"
"0.0056","177.14","2024-06-05T00:22:58.512Z","bid"
"0.0055","199.00836363","2024-06-05T00:22:58.512Z","bid"
"0.0053","51867.9245283","2024-06-05T00:22:58.512Z","bid"
"0.005","58407.85","2024-06-05T00:22:58.512Z","bid"
"0.0049","202.44","2024-06-05T00:22:58.512Z","bid"
"0.0045","242.48444444","2024-06-05T00:22:58.512Z","bid"
"0.0044","225","2024-06-05T00:22:58.512Z","bid"
"0.004","29130.1","2024-06-05T00:22:58.512Z","bid"
"0.0039","279.78589743","2024-06-05T00:22:58.512Z","bid"
"0.0038","8456.25","2024-06-05T00:22:58.512Z","bid"
"0.0035","28.34285714","2024-06-05T00:22:58.512Z","bid"
"0.0034","291.76","2024-06-05T00:22:58.512Z","bid"
"0.0033","300","2024-06-05T00:22:58.512Z","bid"
"0.0032","46.5","2024-06-05T00:22:58.512Z","bid"
"0.003","7934.98","2024-06-05T00:22:58.512Z","bid"
"0.0029","51.31034482","2024-06-05T00:22:58.512Z","bid"
"0.0028","3535.71428571","2024-06-05T00:22:58.512Z","bid"
"0.0027","367.4","2024-06-05T00:22:58.512Z","bid"
"0.0026","10000","2024-06-05T00:22:58.512Z","bid"
"0.0025","59.52","2024-06-05T00:22:58.512Z","bid"
"0.0024","1404.01","2024-06-05T00:22:58.512Z","bid"
"0.0022","450","2024-06-05T00:22:58.512Z","bid"
"0.0021","472.38","2024-06-05T00:22:58.512Z","bid"
"0.002","169575.769","2024-06-05T00:22:58.512Z","bid"
"0.0019","3198.31578947","2024-06-05T00:22:58.512Z","bid"
"0.0018","14316.27666666","2024-06-05T00:22:58.512Z","bid"
"0.0017","88.52941176","2024-06-05T00:22:58.512Z","bid"
"0.0016","93","2024-06-05T00:22:58.512Z","bid"
"0.0015","662244.21986666","2024-06-05T00:22:58.512Z","bid"
"0.0014","107.02541577","2024-06-05T00:22:58.512Z","bid"
"0.0013","20114.46153846","2024-06-05T00:22:58.512Z","bid"
"0.0012","9200.66","2024-06-05T00:22:58.512Z","bid"
"0.0011","39091.25363636","2024-06-05T00:22:58.512Z","bid"
"0.001","2622815.78885","2024-06-05T00:22:58.512Z","bid"
"0.0009","97630.85444444","2024-06-05T00:22:58.512Z","bid"
"0.0008","57488.25","2024-06-05T00:22:58.512Z","bid"
"0.0007","47430.86857142","2024-06-05T00:22:58.512Z","bid"
"0.0006","91482.57666666","2024-06-05T00:22:58.512Z","bid"
"0.0005","418234.25","2024-06-05T00:22:58.512Z","bid"
"0.0004","692828.07","2024-06-05T00:22:58.512Z","bid"
"0.0003","1126375.61333333","2024-06-05T00:22:58.512Z","bid"
"0.0002","2087837.23","2024-06-05T00:22:58.512Z","bid"
"0.0001","78875097.02429999","2024-06-05T00:22:58.512Z","bid"
"0.3599","83.79518479","2024-06-05T00:22:58.511Z","bid"
"0.3593","54.03859018","2024-06-05T00:22:58.511Z","bid"
"0.3592","208.66425245","2024-06-05T00:22:58.511Z","bid"
"0.359","6021.95","2024-06-05T00:22:58.511Z","bid"
"0.3587","195.69902939","2024-06-05T00:22:58.511Z","bid"
"0.3584","2.94842333","2024-06-05T00:22:58.511Z","bid"
"0.3583","430.4052749","2024-06-05T00:22:58.511Z","bid"
"0.358","691.37","2024-06-05T00:22:58.511Z","bid"
"0.3577","70","2024-06-05T00:22:58.511Z","bid"
"0.3576","8.57522371","2024-06-05T00:22:58.511Z","bid"
"0.3575","69.65","2024-06-05T00:22:58.511Z","bid"
"0.3574","8.6978385","2024-06-05T00:22:58.511Z","bid"
"0.357","1051.99276147","2024-06-05T00:22:58.511Z","bid"
"0.3568","67.264574","2024-06-05T00:22:58.511Z","bid"
"0.3565","100","2024-06-05T00:22:58.511Z","bid"
"0.356","5349.33670112","2024-06-05T00:22:58.511Z","bid"
"0.3559","2000","2024-06-05T00:22:58.511Z","bid"
"0.3556","289.53489168","2024-06-05T00:22:58.511Z","bid"
"0.3555","840.50632911","2024-06-05T00:22:58.511Z","bid"
"0.3554","233.07846563","2024-06-05T00:22:58.511Z","bid"
"0.3553","55","2024-06-05T00:22:58.511Z","bid"
"0.3552","60.88940271","2024-06-05T00:22:58.511Z","bid"
"0.355","20016.46225189","2024-06-05T00:22:58.511Z","bid"
"0.3547","101.08155053","2024-06-05T00:22:58.511Z","bid"
"0.3546","95.67762269","2024-06-05T00:22:58.511Z","bid"
"0.3545","560.78984485","2024-06-05T00:22:58.511Z","bid"
"0.354","2.99863823","2024-06-05T00:22:58.511Z","bid"
"0.3538","8.7863411","2024-06-05T00:22:58.511Z","bid"
"0.3534","52.52239911","2024-06-05T00:22:58.511Z","bid"
"0.353","216.80110366","2024-06-05T00:22:58.511Z","bid"
"0.3528","228.58770974","2024-06-05T00:22:58.511Z","bid"
"0.3525","40614.37557778","2024-06-05T00:22:58.511Z","bid"
"0.3521","8.82876308","2024-06-05T00:22:58.511Z","bid"
"0.352","7209.88636363","2024-06-05T00:22:58.511Z","bid"
"0.3518","91.78185289","2024-06-05T00:22:58.511Z","bid"
"0.3517","1264.32560888","2024-06-05T00:22:58.511Z","bid"
"0.3516","200.01","2024-06-05T00:22:58.511Z","bid"
"0.3514","140.87192109","2024-06-05T00:22:58.511Z","bid"
"0.3513","300","2024-06-05T00:22:58.511Z","bid"
"0.3511","16300","2024-06-05T00:22:58.511Z","bid"
"0.351","20384.0242735","2024-06-05T00:22:58.511Z","bid"
"0.3508","1000","2024-06-05T00:22:58.511Z","bid"
"0.3507","98.47975284","2024-06-05T00:22:58.511Z","bid"
"0.3506","511","2024-06-05T00:22:58.511Z","bid"
"0.3505","339.13285435","2024-06-05T00:22:58.511Z","bid"
"0.3504","18.81480308","2024-06-05T00:22:58.511Z","bid"
"0.3503","8.87412926","2024-06-05T00:22:58.511Z","bid"
"0.3502","11364.22767757","2024-06-05T00:22:58.511Z","bid"
"0.3501","1136.81805198","2024-06-05T00:22:58.511Z","bid"
"0.35","396244.20222589","2024-06-05T00:22:58.511Z","bid"
"0.3499","58.21","2024-06-05T00:22:58.511Z","bid"
"0.3493","86.33806758","2024-06-05T00:22:58.511Z","bid"
"0.3489","128.939828","2024-06-05T00:22:58.511Z","bid"
"0.3488","28900.10036009","2024-06-05T00:22:58.511Z","bid"
"0.3486","98.22740528","2024-06-05T00:22:58.511Z","bid"
"0.348","299.81008595","2024-06-05T00:22:58.511Z","bid"
"0.3478","200.01","2024-06-05T00:22:58.511Z","bid"
"0.3477","50","2024-06-05T00:22:58.511Z","bid"
"0.3475","3401.19","2024-06-05T00:22:58.511Z","bid"
"0.3471","285.79","2024-06-05T00:22:58.511Z","bid"
"0.3468","113.64355815","2024-06-05T00:22:58.511Z","bid"
"0.3465","576.33477633","2024-06-05T00:22:58.511Z","bid"
"0.3461","43.3","2024-06-05T00:22:58.511Z","bid"
"0.346","288.00578034","2024-06-05T00:22:58.511Z","bid"
"0.3458","8.86784268","2024-06-05T00:22:58.511Z","bid"
"0.3456","287.61574074","2024-06-05T00:22:58.511Z","bid"
"0.3455","55","2024-06-05T00:22:58.511Z","bid"
"0.3451","9.0078455","2024-06-05T00:22:58.511Z","bid"
"0.345","1357.84","2024-06-05T00:22:58.511Z","bid"
"0.3449","34.075189","2024-06-05T00:22:58.511Z","bid"
"0.3448","3.06443557","2024-06-05T00:22:58.511Z","bid"
"0.3445","72.55","2024-06-05T00:22:58.511Z","bid"
"0.3444","100","2024-06-05T00:22:58.511Z","bid"
"0.3441","287.65279862","2024-06-05T00:22:58.511Z","bid"
"0.344","289.68023255","2024-06-05T00:22:58.511Z","bid"
"0.3439","305.25152661","2024-06-05T00:22:58.511Z","bid"
"0.3435","54.41484716","2024-06-05T00:22:58.511Z","bid"
"0.3434","109.05243879","2024-06-05T00:22:58.511Z","bid"
"0.3433","28.89","2024-06-05T00:22:58.511Z","bid"
"0.3432","91.78185289","2024-06-05T00:22:58.511Z","bid"
"0.343","913.20699707","2024-06-05T00:22:58.511Z","bid"
"0.3429","111.27596042","2024-06-05T00:22:58.511Z","bid"
"0.3428","144.40604747","2024-06-05T00:22:58.511Z","bid"
"0.3426","46.32","2024-06-05T00:22:58.511Z","bid"
"0.342","291.374269","2024-06-05T00:22:58.511Z","bid"
"0.3419","56.78872609","2024-06-05T00:22:58.511Z","bid"
"0.3418","8.75","2024-06-05T00:22:58.511Z","bid"
"0.3417","9.0974758","2024-06-05T00:22:58.511Z","bid"
"0.3415","250","2024-06-05T00:22:58.511Z","bid"
"0.3414","59.66","2024-06-05T00:22:58.511Z","bid"
"0.3413","14591.26867858","2024-06-05T00:22:58.511Z","bid"
"0.3405","161.66514471","2024-06-05T00:22:58.511Z","bid"
"0.3404","203.55","2024-06-05T00:22:58.511Z","bid"
"0.34","115815.25444843","2024-06-05T00:22:58.511Z","bid"
"0.3399","8.8","2024-06-05T00:22:58.511Z","bid"
"0.3398","57.93661768","2024-06-05T00:22:58.511Z","bid"
"0.3395","2000","2024-06-05T00:22:58.511Z","bid"
"0.339","207.25498613","2024-06-05T00:22:58.511Z","bid"
"0.3385","8.84","2024-06-05T00:22:58.511Z","bid"
"0.3383","9.18890772","2024-06-05T00:22:58.511Z","bid"
"0.3382","2667.95993791","2024-06-05T00:22:58.511Z","bid"
"0.338","983.70414199","2024-06-05T00:22:58.511Z","bid"
"0.3377","1420.86911459","2024-06-05T00:22:58.511Z","bid"
"0.3375","962.22222221","2024-06-05T00:22:58.511Z","bid"
"0.3368","200.01","2024-06-05T00:22:58.511Z","bid"
"0.3367","9.1075141","2024-06-05T00:22:58.511Z","bid"
"0.3366","97.64531634","2024-06-05T00:22:58.511Z","bid"
"0.336","296.57738095","2024-06-05T00:22:58.511Z","bid"
"0.3353","103.81","2024-06-05T00:22:58.511Z","bid"
"0.3352","148.06","2024-06-05T00:22:58.511Z","bid"
"0.3351","125.76031213","2024-06-05T00:22:58.511Z","bid"
"0.335","73.69868465","2024-06-05T00:22:58.511Z","bid"
"0.3349","892.3180203","2024-06-05T00:22:58.511Z","bid"
"0.3348","126.88499712","2024-06-05T00:22:58.511Z","bid"
"0.3345","147.98921696","2024-06-05T00:22:58.511Z","bid"
"0.334","725.57382217","2024-06-05T00:22:58.511Z","bid"
"0.3339","20","2024-06-05T00:22:58.511Z","bid"
"0.3336","58.20163505","2024-06-05T00:22:58.511Z","bid"
"0.3335","298.2","2024-06-05T00:22:58.511Z","bid"
"0.3334","506.10685542","2024-06-05T00:22:58.511Z","bid"
"0.3333","2000","2024-06-05T00:22:58.511Z","bid"
"0.3332","200.01","2024-06-05T00:22:58.511Z","bid"
"0.3331","61.15","2024-06-05T00:22:58.511Z","bid"
"0.333","37570","2024-06-05T00:22:58.511Z","bid"
"0.3324","507.38","2024-06-05T00:22:58.511Z","bid"
"0.332","300.1506024","2024-06-05T00:22:58.511Z","bid"
"0.3318","599.45","2024-06-05T00:22:58.511Z","bid"
"0.3316","3.08889386","2024-06-05T00:22:58.511Z","bid"
"0.3313","133.70501042","2024-06-05T00:22:58.511Z","bid"
"0.3312","3000","2024-06-05T00:22:58.511Z","bid"
"0.3305","30.01512859","2024-06-05T00:22:58.511Z","bid"
"0.3302","9.06","2024-06-05T00:22:58.511Z","bid"
"0.33","52391.44280675","2024-06-05T00:22:58.511Z","bid"
"0.3296","200.01","2024-06-05T00:22:58.511Z","bid"
"0.329","11617.67442859","2024-06-05T00:22:58.511Z","bid"
"0.328","15488.1819512","2024-06-05T00:22:58.511Z","bid"
"0.3275","142.15879206","2024-06-05T00:22:58.511Z","bid"
"0.3271","515.08","2024-06-05T00:22:58.511Z","bid"
"0.327","450","2024-06-05T00:22:58.511Z","bid"
"0.3268","185","2024-06-05T00:22:58.511Z","bid"
"0.3267","91.78185289","2024-06-05T00:22:58.511Z","bid"
"0.3265","742.41","2024-06-05T00:22:58.511Z","bid"
"0.3264","151.66174348","2024-06-05T00:22:58.511Z","bid"
"0.3261","200.01","2024-06-05T00:22:58.511Z","bid"
"0.326","396.96319017","2024-06-05T00:22:58.511Z","bid"
"0.3255","59.64997066","2024-06-05T00:22:58.511Z","bid"
"0.3254","229.1","2024-06-05T00:22:58.511Z","bid"
"0.3251","10000","2024-06-05T00:22:58.511Z","bid"
"0.325","9553.25732213","2024-06-05T00:22:58.511Z","bid"
"0.3246","140","2024-06-05T00:22:58.511Z","bid"
"0.3245","5","2024-06-05T00:22:58.511Z","bid"
"0.3242","96.87247689","2024-06-05T00:22:58.511Z","bid"
"0.324","307.56172839","2024-06-05T00:22:58.511Z","bid"
"0.3237","151.15472756","2024-06-05T00:22:58.511Z","bid"
"0.3233","100","2024-06-05T00:22:58.511Z","bid"
"0.3226","200.01","2024-06-05T00:22:58.511Z","bid"
"0.3225","3.5","2024-06-05T00:22:58.511Z","bid"
"0.3224","3.85","2024-06-05T00:22:58.511Z","bid"
"0.3222","1000","2024-06-05T00:22:58.511Z","bid"
"0.322","300.28939503","2024-06-05T00:22:58.511Z","bid"
"0.3219","826.19","2024-06-05T00:22:58.511Z","bid"
"0.3214","15.58","2024-06-05T00:22:58.511Z","bid"
"0.3211","400","2024-06-05T00:22:58.511Z","bid"
"0.321","40893.74934579","2024-06-05T00:22:58.511Z","bid"
"0.3205","3.85","2024-06-05T00:22:58.511Z","bid"
"0.3202","9317.21022798","2024-06-05T00:22:58.511Z","bid"
"0.32","69439.22291062","2024-06-05T00:22:58.511Z","bid"
"0.3199","160.72806421","2024-06-05T00:22:58.511Z","bid"
"0.3197","162.63","2024-06-05T00:22:58.511Z","bid"
"0.3194","94.42043521","2024-06-05T00:22:58.511Z","bid"
"0.3192","200.01","2024-06-05T00:22:58.511Z","bid"
"0.319","3130","2024-06-05T00:22:58.511Z","bid"
"0.3189","15.52210724","2024-06-05T00:22:58.511Z","bid"
"0.3187","91.78185289","2024-06-05T00:22:58.511Z","bid"
"0.3186","3.85","2024-06-05T00:22:58.511Z","bid"
"0.3185","155.42352613","2024-06-05T00:22:58.511Z","bid"
"0.3182","31.42","2024-06-05T00:22:58.511Z","bid"
"0.318","15.63","2024-06-05T00:22:58.511Z","bid"
"0.3179","312.04781377","2024-06-05T00:22:58.511Z","bid"
"0.3177","4702.54957507","2024-06-05T00:22:58.511Z","bid"
"0.3176","111.25","2024-06-05T00:22:58.511Z","bid"
"0.3175","61.15296205","2024-06-05T00:22:58.511Z","bid"
"0.3172","99.87044638","2024-06-05T00:22:58.511Z","bid"
"0.317","272.10741708","2024-06-05T00:22:58.511Z","bid"
"0.3168","13.29","2024-06-05T00:22:58.511Z","bid"
"0.3162","170.91637121","2024-06-05T00:22:58.511Z","bid"
"0.3158","200.01","2024-06-05T00:22:58.511Z","bid"
"0.3154","317.057704","2024-06-05T00:22:58.511Z","bid"
"0.3149","3.85","2024-06-05T00:22:58.511Z","bid"
"0.3146","95.86105215","2024-06-05T00:22:58.511Z","bid"
"0.314","6.5","2024-06-05T00:22:58.511Z","bid"
"0.313","3.85","2024-06-05T00:22:58.511Z","bid"
"0.3125","419.83969456","2024-06-05T00:22:58.511Z","bid"
"0.3124","200.01","2024-06-05T00:22:58.511Z","bid"
"0.312","13313.46153846","2024-06-05T00:22:58.511Z","bid"
"0.3112","146.61","2024-06-05T00:22:58.511Z","bid"
"0.311","24.85","2024-06-05T00:22:58.511Z","bid"
"0.3109","91.78185289","2024-06-05T00:22:58.511Z","bid"
"0.3108","159.27410899","2024-06-05T00:22:58.511Z","bid"
"0.31","367768.72858331","2024-06-05T00:22:58.511Z","bid"
"0.3098","62.67290333","2024-06-05T00:22:58.511Z","bid"
"0.3097","9.66","2024-06-05T00:22:58.511Z","bid"
"0.3093","69.71","2024-06-05T00:22:58.511Z","bid"
"0.3091","200.01","2024-06-05T00:22:58.511Z","bid"
"0.309","6779.93527461","2024-06-05T00:22:58.511Z","bid"
"0.3088","193.30072248","2024-06-05T00:22:58.511Z","bid"
"0.3082","321.86","2024-06-05T00:22:58.511Z","bid"
"0.308","968.66883116","2024-06-05T00:22:58.511Z","bid"
"0.3074","3.85","2024-06-05T00:22:58.511Z","bid"
"0.307","1000","2024-06-05T00:22:58.511Z","bid"
"0.3069","600","2024-06-05T00:22:58.511Z","bid"
"0.306","20000","2024-06-05T00:22:58.511Z","bid"
"0.3058","200.01","2024-06-05T00:22:58.511Z","bid"
"0.3055","7.35","2024-06-05T00:22:58.511Z","bid"
"0.3053","98.78115626","2024-06-05T00:22:58.511Z","bid"
"0.3052","205.58496187","2024-06-05T00:22:58.511Z","bid"
"0.305","1428","2024-06-05T00:22:58.511Z","bid"
"0.3046","2000","2024-06-05T00:22:58.511Z","bid"
"0.3038","132.45","2024-06-05T00:22:58.511Z","bid"
"0.3037","3.85","2024-06-05T00:22:58.511Z","bid"
"0.3033","254.99449078","2024-06-05T00:22:58.511Z","bid"
"0.303","16.40264026","2024-06-05T00:22:58.511Z","bid"
"0.3026","164.24322538","2024-06-05T00:22:58.511Z","bid"
"0.3025","200.01","2024-06-05T00:22:58.511Z","bid"
"0.3022","64.24905841","2024-06-05T00:22:58.511Z","bid"
"0.3018","3.85","2024-06-05T00:22:58.511Z","bid"
"0.3017","67.51","2024-06-05T00:22:58.511Z","bid"
"0.3016","218.66092691","2024-06-05T00:22:58.511Z","bid"
"0.3011","1327.96565958","2024-06-05T00:22:58.511Z","bid"
"0.301","3328.97009966","2024-06-05T00:22:58.511Z","bid"
"0.3008","329.78","2024-06-05T00:22:58.511Z","bid"
"0.3007","515.36543734","2024-06-05T00:22:58.511Z","bid"
"0.3005","913.47","2024-06-05T00:22:58.511Z","bid"
"0.3002","66.08","2024-06-05T00:22:58.511Z","bid"
"0.3","248367.5706783","2024-06-05T00:22:58.511Z","bid"
"0.2999","3.85","2024-06-05T00:22:58.511Z","bid"
"0.2993","200.01","2024-06-05T00:22:58.511Z","bid"
"0.299","10.66","2024-06-05T00:22:58.511Z","bid"
"0.2988","50.40842145","2024-06-05T00:22:58.511Z","bid"
"0.2981","3.85","2024-06-05T00:22:58.511Z","bid"
"0.298","232.58034023","2024-06-05T00:22:58.511Z","bid"
"0.297","173.52296297","2024-06-05T00:22:58.511Z","bid"
"0.2964","165.48","2024-06-05T00:22:58.511Z","bid"
"0.2962","3.85","2024-06-05T00:22:58.511Z","bid"
"0.2961","301.8603445","2024-06-05T00:22:58.511Z","bid"
"0.2959","259.07618568","2024-06-05T00:22:58.511Z","bid"
"0.295","709.14423728","2024-06-05T00:22:58.511Z","bid"
"0.2948","65.8618231","2024-06-05T00:22:58.511Z","bid"
"0.2944","139.19","2024-06-05T00:22:58.511Z","bid"
"0.293","301.64","2024-06-05T00:22:58.511Z","bid"
"0.2929","200.01","2024-06-05T00:22:58.511Z","bid"
"0.2916","103.42210908","2024-06-05T00:22:58.511Z","bid"
"0.2911","400","2024-06-05T00:22:58.511Z","bid"
"0.291","4277.06185566","2024-06-05T00:22:58.511Z","bid"
"0.2901","434.33298862","2024-06-05T00:22:58.511Z","bid"
"0.29","74980.35482648","2024-06-05T00:22:58.511Z","bid"
"0.2898","200.01","2024-06-05T00:22:58.511Z","bid"
"0.2895","10.33","2024-06-05T00:22:58.511Z","bid"
"0.289","1032.35294117","2024-06-05T00:22:58.511Z","bid"
"0.2888","171.40717823","2024-06-05T00:22:58.511Z","bid"
"0.2887","91.78185289","2024-06-05T00:22:58.511Z","bid"
"0.288","17361.111111","2024-06-05T00:22:58.511Z","bid"
"0.2876","67.51065873","2024-06-05T00:22:58.511Z","bid"
"0.2875","86.26086956","2024-06-05T00:22:58.511Z","bid"
"0.2872","70.92","2024-06-05T00:22:58.511Z","bid"
"0.2867","1700.01","2024-06-05T00:22:58.511Z","bid"
"0.2866","500","2024-06-05T00:22:58.511Z","bid"
"0.2863","20","2024-06-05T00:22:58.511Z","bid"
"0.286","14.4","2024-06-05T00:22:58.511Z","bid"
"0.285","2634.43859649","2024-06-05T00:22:58.511Z","bid"
"0.2846","889.72","2024-06-05T00:22:58.511Z","bid"
"0.2841","70.01055966","2024-06-05T00:22:58.511Z","bid"
"0.284","20","2024-06-05T00:22:58.511Z","bid"
"0.2836","200.01","2024-06-05T00:22:58.511Z","bid"
"0.2832","10.56","2024-06-05T00:22:58.511Z","bid"
"0.283","4700","2024-06-05T00:22:58.511Z","bid"
"0.2822","116","2024-06-05T00:22:58.511Z","bid"
"0.282","3531.91489361","2024-06-05T00:22:58.511Z","bid"
"0.2818","175.66498606","2024-06-05T00:22:58.511Z","bid"
"0.2816","91.78185289","2024-06-05T00:22:58.511Z","bid"
"0.2808","170.94017095","2024-06-05T00:22:58.511Z","bid"
"0.2806","269.20481629","2024-06-05T00:22:58.511Z","bid"
"0.2802","72.7","2024-06-05T00:22:58.511Z","bid"
"0.28","177045.12857027","2024-06-05T00:22:58.511Z","bid"
"0.2799","355.3","2024-06-05T00:22:58.511Z","bid"
"0.2798","10.69","2024-06-05T00:22:58.511Z","bid"
"0.2788","106.29","2024-06-05T00:22:58.511Z","bid"
"0.2781","397.54045307","2024-06-05T00:22:58.511Z","bid"
"0.278","201.07","2024-06-05T00:22:58.511Z","bid"
"0.2776","200.01","2024-06-05T00:22:58.511Z","bid"
"0.2768","179.64","2024-06-05T00:22:58.511Z","bid"
"0.2764","10.82","2024-06-05T00:22:58.511Z","bid"
"0.2756","721.33","2024-06-05T00:22:58.511Z","bid"
"0.2751","5","2024-06-05T00:22:58.511Z","bid"
"0.275","3486.99181818","2024-06-05T00:22:58.511Z","bid"
"0.2749","180.07418361","2024-06-05T00:22:58.511Z","bid"
"0.2748","91.78185289","2024-06-05T00:22:58.511Z","bid"
"0.2746","200.01","2024-06-05T00:22:58.511Z","bid"
"0.2738","70.91331429","2024-06-05T00:22:58.511Z","bid"
"0.2734","74.5","2024-06-05T00:22:58.511Z","bid"
"0.273","1592.85714285","2024-06-05T00:22:58.511Z","bid"
"0.2717","211.02","2024-06-05T00:22:58.511Z","bid"
"0.2715","36860.25881694","2024-06-05T00:22:58.511Z","bid"
"0.271","2461.04","2024-06-05T00:22:58.511Z","bid"
"0.27","821221.90820418","2024-06-05T00:22:58.511Z","bid"
"0.269","35.67","2024-06-05T00:22:58.511Z","bid"
"0.2688","200.01","2024-06-05T00:22:58.511Z","bid"
"0.2683","195.65388771","2024-06-05T00:22:58.511Z","bid"
"0.2682","3709.16610738","2024-06-05T00:22:58.511Z","bid"
"0.2681","91.78185289","2024-06-05T00:22:58.511Z","bid"
"0.2671","72.69212075","2024-06-05T00:22:58.511Z","bid"
"0.2667","76.38","2024-06-05T00:22:58.511Z","bid"
"0.2659","200.01","2024-06-05T00:22:58.511Z","bid"
"0.265","4000","2024-06-05T00:22:58.511Z","bid"
"0.264","420","2024-06-05T00:22:58.511Z","bid"
"0.2631","200.01","2024-06-05T00:22:58.511Z","bid"
"0.263","3796.51","2024-06-05T00:22:58.511Z","bid"
"0.2625","94.47619047","2024-06-05T00:22:58.511Z","bid"
"0.262","6500","2024-06-05T00:22:58.511Z","bid"
"0.2618","189.0847711","2024-06-05T00:22:58.511Z","bid"
"0.2615","91.78185289","2024-06-05T00:22:58.511Z","bid"
"0.2613","391.07","2024-06-05T00:22:58.511Z","bid"
"0.2611","500","2024-06-05T00:22:58.511Z","bid"
"0.2606","74.50523964","2024-06-05T00:22:58.511Z","bid"
"0.2603","200.01","2024-06-05T00:22:58.511Z","bid"
"0.2602","78.28","2024-06-05T00:22:58.511Z","bid"
"0.26","173095.84244111","2024-06-05T00:22:58.511Z","bid"
"0.2599","38168.52635629","2024-06-05T00:22:58.511Z","bid"
"0.2598","750","2024-06-05T00:22:58.511Z","bid"
"0.2593","1000","2024-06-05T00:22:58.511Z","bid"
"0.2575","200.01","2024-06-05T00:22:58.511Z","bid"
"0.2571","19.31","2024-06-05T00:22:58.511Z","bid"
"0.257","6950.77821011","2024-06-05T00:22:58.511Z","bid"
"0.2562","11.66","2024-06-05T00:22:58.511Z","bid"
"0.256","400","2024-06-05T00:22:58.511Z","bid"
"0.2556","972.7112676","2024-06-05T00:22:58.511Z","bid"
"0.2554","193.82299559","2024-06-05T00:22:58.511Z","bid"
"0.2551","91.78185289","2024-06-05T00:22:58.511Z","bid"
"0.255","52240.656862","2024-06-05T00:22:58.511Z","bid"
"0.2548","35000","2024-06-05T00:22:58.511Z","bid"
"0.2542","76.38106","2024-06-05T00:22:58.511Z","bid"
"0.2541","1174.14403778","2024-06-05T00:22:58.511Z","bid"
"0.2538","80.26","2024-06-05T00:22:58.511Z","bid"
"0.2525","489.83","2024-06-05T00:22:58.511Z","bid"
"0.252","366.25","2024-06-05T00:22:58.511Z","bid"
"0.2514","395.38","2024-06-05T00:22:58.511Z","bid"
"0.2512","1240","2024-06-05T00:22:58.511Z","bid"
"0.251","6773.66587171","2024-06-05T00:22:58.511Z","bid"
"0.25","1344586.8347524","2024-06-05T00:22:58.511Z","bid"
"0.2499","23897.23","2024-06-05T00:22:58.511Z","bid"
"0.2496","32.07801283","2024-06-05T00:22:58.511Z","bid"
"0.2495","993.98","2024-06-05T00:22:58.511Z","bid"
"0.2492","198.64523705","2024-06-05T00:22:58.511Z","bid"
"0.249","40.72987951","2024-06-05T00:22:58.511Z","bid"
"0.2489","91.78185289","2024-06-05T00:22:58.511Z","bid"
"0.2488","6595.6591049","2024-06-05T00:22:58.511Z","bid"
"0.248","11547.7663925","2024-06-05T00:22:58.511Z","bid"
"0.2476","82.27","2024-06-05T00:22:58.511Z","bid"
"0.2472","253.52947913","2024-06-05T00:22:58.511Z","bid"
"0.2465","400","2024-06-05T00:22:58.511Z","bid"
"0.2462","12.13","2024-06-05T00:22:58.511Z","bid"
"0.2461","3.5","2024-06-05T00:22:58.511Z","bid"
"0.246","1466.51","2024-06-05T00:22:58.511Z","bid"
"0.245","8748","2024-06-05T00:22:58.511Z","bid"
"0.244","20","2024-06-05T00:22:58.511Z","bid"
"0.2432","203.54602415","2024-06-05T00:22:58.511Z","bid"
"0.2428","91.78185289","2024-06-05T00:22:58.511Z","bid"
"0.242","1125.51167542","2024-06-05T00:22:58.511Z","bid"
"0.2416","84.31","2024-06-05T00:22:58.511Z","bid"
"0.2408","82.39202657","2024-06-05T00:22:58.511Z","bid"
"0.24","796144.86296145","2024-06-05T00:22:58.511Z","bid"
"0.2399","12.45","2024-06-05T00:22:58.511Z","bid"
"0.2398","12.46","2024-06-05T00:22:58.511Z","bid"
"0.2395","1251.41","2024-06-05T00:22:58.511Z","bid"
"0.2394","3.5","2024-06-05T00:22:58.511Z","bid"
"0.2392","24.98","2024-06-05T00:22:58.511Z","bid"
"0.239","700","2024-06-05T00:22:58.511Z","bid"
"0.2387","426.58","2024-06-05T00:22:58.511Z","bid"
"0.2381","3.5","2024-06-05T00:22:58.511Z","bid"
"0.238","20000","2024-06-05T00:22:58.511Z","bid"
"0.2377","1113","2024-06-05T00:22:58.511Z","bid"
"0.2376","418.35016835","2024-06-05T00:22:58.511Z","bid"
"0.2375","128.85105263","2024-06-05T00:22:58.511Z","bid"
"0.2373","437.14679761","2024-06-05T00:22:58.511Z","bid"
"0.2372","11","2024-06-05T00:22:58.511Z","bid"
"0.2371","1080.08","2024-06-05T00:22:58.511Z","bid"
"0.237","12.6","2024-06-05T00:22:58.511Z","bid"
"0.2369","91.78185289","2024-06-05T00:22:58.511Z","bid"
"0.2368","15","2024-06-05T00:22:58.511Z","bid"
"0.2367","25.24","2024-06-05T00:22:58.511Z","bid"
"0.2366","12.62","2024-06-05T00:22:58.511Z","bid"
"0.2365","388","2024-06-05T00:22:58.511Z","bid"
"0.2364","200.03","2024-06-05T00:22:58.511Z","bid"
"0.2362","44","2024-06-05T00:22:58.511Z","bid"
"0.2361","105.23661775","2024-06-05T00:22:58.511Z","bid"
"0.236","42.03","2024-06-05T00:22:58.511Z","bid"
"0.2359","585.85","2024-06-05T00:22:58.511Z","bid"
"0.2358","25.32","2024-06-05T00:22:58.511Z","bid"
"0.2357","86.42","2024-06-05T00:22:58.511Z","bid"
"0.2356","311","2024-06-05T00:22:58.511Z","bid"
"0.2355","4","2024-06-05T00:22:58.511Z","bid"
"0.2354","11","2024-06-05T00:22:58.511Z","bid"
"0.2353","20.69","2024-06-05T00:22:58.511Z","bid"
"0.2352","11","2024-06-05T00:22:58.511Z","bid"
"0.2351","37.7","2024-06-05T00:22:58.511Z","bid"
"0.235","2928.96","2024-06-05T00:22:58.511Z","bid"
"0.2349","105.78","2024-06-05T00:22:58.511Z","bid"
"0.2347","105.87","2024-06-05T00:22:58.511Z","bid"
"0.2346","11","2024-06-05T00:22:58.511Z","bid"
"0.2345","200","2024-06-05T00:22:58.511Z","bid"
"0.2344","6","2024-06-05T00:22:58.511Z","bid"
"0.2343","6","2024-06-05T00:22:58.511Z","bid"
"0.2342","66.46","2024-06-05T00:22:58.511Z","bid"
"0.2341","256.52","2024-06-05T00:22:58.511Z","bid"
"0.234","897","2024-06-05T00:22:58.511Z","bid"
"0.2339","11.26","2024-06-05T00:22:58.511Z","bid"
"0.2338","1104.12","2024-06-05T00:22:58.511Z","bid"
"0.2337","28.28","2024-06-05T00:22:58.511Z","bid"
"0.2334","361.54574807","2024-06-05T00:22:58.511Z","bid"
"0.2333","5423.31","2024-06-05T00:22:58.511Z","bid"
"0.2332","11","2024-06-05T00:22:58.511Z","bid"
"0.2331","118.5","2024-06-05T00:22:58.511Z","bid"
"0.233","7046.29","2024-06-05T00:22:58.511Z","bid"
"0.2329","11","2024-06-05T00:22:58.511Z","bid"
"0.2328","5","2024-06-05T00:22:58.511Z","bid"
"0.2327","12.84","2024-06-05T00:22:58.511Z","bid"
"0.2326","540.29","2024-06-05T00:22:58.511Z","bid"
"0.2325","532.50688172","2024-06-05T00:22:58.511Z","bid"
"0.2324","33","2024-06-05T00:22:58.511Z","bid"
"0.2323","45.86","2024-06-05T00:22:58.511Z","bid"
"0.2322","5","2024-06-05T00:22:58.511Z","bid"
"0.2321","116","2024-06-05T00:22:58.511Z","bid"
"0.232","33","2024-06-05T00:22:58.511Z","bid"
"0.2319","69","2024-06-05T00:22:58.511Z","bid"
"0.2318","25","2024-06-05T00:22:58.511Z","bid"
"0.2317","98.55","2024-06-05T00:22:58.511Z","bid"
"0.2316","227.74090273","2024-06-05T00:22:58.511Z","bid"
"0.2315","12.9","2024-06-05T00:22:58.511Z","bid"
"0.2313","874.12","2024-06-05T00:22:58.511Z","bid"
"0.2312","14","2024-06-05T00:22:58.511Z","bid"
"0.2311","603.78185289","2024-06-05T00:22:58.511Z","bid"
"0.231","3155.84","2024-06-05T00:22:58.511Z","bid"
"0.2309","5","2024-06-05T00:22:58.511Z","bid"
"0.2308","15","2024-06-05T00:22:58.511Z","bid"
"0.2307","433.28","2024-06-05T00:22:58.511Z","bid"
"0.2306","29","2024-06-05T00:22:58.511Z","bid"
"0.2305","100","2024-06-05T00:22:58.511Z","bid"
"0.2304","15","2024-06-05T00:22:58.511Z","bid"
"0.2303","98.3077093","2024-06-05T00:22:58.511Z","bid"
"0.2302","5","2024-06-05T00:22:58.511Z","bid"
"0.2301","93","2024-06-05T00:22:58.511Z","bid"
"0.23","298779.10391147","2024-06-05T00:22:58.511Z","bid"
"0.2299","1000","2024-06-05T00:22:58.511Z","bid"
"0.2297","28","2024-06-05T00:22:58.511Z","bid"
"0.2295","1260.61","2024-06-05T00:22:58.511Z","bid"
"0.2294","33","2024-06-05T00:22:58.511Z","bid"
"0.2293","214","2024-06-05T00:22:58.511Z","bid"
"0.2292","5000","2024-06-05T00:22:58.511Z","bid"
"0.2291","163.24","2024-06-05T00:22:58.511Z","bid"
"0.229","2615.66","2024-06-05T00:22:58.511Z","bid"
"0.2288","3903","2024-06-05T00:22:58.511Z","bid"
"0.2285","17.36","2024-06-05T00:22:58.511Z","bid"
"0.2282","59","2024-06-05T00:22:58.511Z","bid"
"0.2279","461","2024-06-05T00:22:58.511Z","bid"
"0.2278","100","2024-06-05T00:22:58.511Z","bid"
"0.2277","17","2024-06-05T00:22:58.511Z","bid"
"0.227","41336.46","2024-06-05T00:22:58.511Z","bid"
"0.2268","222.19","2024-06-05T00:22:58.511Z","bid"
"0.2262","2192.74","2024-06-05T00:22:58.511Z","bid"
"0.226","219.03713749","2024-06-05T00:22:58.511Z","bid"
"0.2257","4.5","2024-06-05T00:22:58.511Z","bid"
"0.2255","91.78185289","2024-06-05T00:22:58.511Z","bid"
"0.2254","22","2024-06-05T00:22:58.511Z","bid"
"0.2253","44","2024-06-05T00:22:58.511Z","bid"
"0.2252","55","2024-06-05T00:22:58.511Z","bid"
"0.225","6832.45111111","2024-06-05T00:22:58.511Z","bid"
"0.2247","4521.27883601","2024-06-05T00:22:58.511Z","bid"
"0.2244","90.77","2024-06-05T00:22:58.511Z","bid"
"0.224","440","2024-06-05T00:22:58.511Z","bid"
"0.2239","2000","2024-06-05T00:22:58.511Z","bid"
"0.2222","55555","2024-06-05T00:22:58.511Z","bid"
"0.222","3453","2024-06-05T00:22:58.511Z","bid"
"0.2214","1111","2024-06-05T00:22:58.511Z","bid"
"0.221","35000","2024-06-05T00:22:58.511Z","bid"
"0.2202","650.7","2024-06-05T00:22:58.511Z","bid"
"0.2201","33","2024-06-05T00:22:58.511Z","bid"
"0.22","59600.3615595","2024-06-05T00:22:58.511Z","bid"
"0.2199","452.02","2024-06-05T00:22:58.511Z","bid"
"0.2195","1129.84","2024-06-05T00:22:58.511Z","bid"
"0.2192","88.57694093","2024-06-05T00:22:58.511Z","bid"
"0.219","100","2024-06-05T00:22:58.511Z","bid"
"0.2173","45.65","2024-06-05T00:22:58.511Z","bid"
"0.217","900","2024-06-05T00:22:58.511Z","bid"
"0.2169","229.59","2024-06-05T00:22:58.511Z","bid"
"0.216","23148","2024-06-05T00:22:58.511Z","bid"
"0.2159","9.2","2024-06-05T00:22:58.511Z","bid"
"0.2152","23.09","2024-06-05T00:22:58.511Z","bid"
"0.215","150","2024-06-05T00:22:58.511Z","bid"
"0.2147","462.97","2024-06-05T00:22:58.511Z","bid"
"0.2146","91.78185289","2024-06-05T00:22:58.511Z","bid"
"0.2145","120.44","2024-06-05T00:22:58.511Z","bid"
"0.2139","90.77169449","2024-06-05T00:22:58.511Z","bid"
"0.2133","250","2024-06-05T00:22:58.511Z","bid"
"0.213","233.61","2024-06-05T00:22:58.511Z","bid"
"0.2125","58.35294117","2024-06-05T00:22:58.511Z","bid"
"0.2123","936.41","2024-06-05T00:22:58.511Z","bid"
"0.211","2456.63507109","2024-06-05T00:22:58.511Z","bid"
"0.2105","200","2024-06-05T00:22:58.511Z","bid"
"0.2101","33","2024-06-05T00:22:58.511Z","bid"
"0.21","51690.794761","2024-06-05T00:22:58.511Z","bid"
"0.2096","2366.41","2024-06-05T00:22:58.511Z","bid"
"0.2095","1183.77","2024-06-05T00:22:58.511Z","bid"
"0.2094","91.78185289","2024-06-05T00:22:58.511Z","bid"
"0.2086","378.40797436","2024-06-05T00:22:58.511Z","bid"
"0.2085","319.41","2024-06-05T00:22:58.511Z","bid"
"0.207","6984.25","2024-06-05T00:22:58.511Z","bid"
"0.2056","5","2024-06-05T00:22:58.511Z","bid"
"0.2055","725.54","2024-06-05T00:22:58.511Z","bid"
"0.205","1744.41","2024-06-05T00:22:58.511Z","bid"
"0.2043","91.78185289","2024-06-05T00:22:58.511Z","bid"
"0.2036","95.36377923","2024-06-05T00:22:58.511Z","bid"
"0.2028","4339.24781231","2024-06-05T00:22:58.511Z","bid"
"0.2021","500","2024-06-05T00:22:58.511Z","bid"
"0.202","2002.46","2024-06-05T00:22:58.511Z","bid"
"0.2015","155.93156923","2024-06-05T00:22:58.511Z","bid"
"0.2011","500","2024-06-05T00:22:58.511Z","bid"
"0.201","300","2024-06-05T00:22:58.511Z","bid"
"0.2005","4967.62","2024-06-05T00:22:58.511Z","bid"
"0.2001","44","2024-06-05T00:22:58.511Z","bid"
"0.2","575588.64","2024-06-05T00:22:58.511Z","bid"
"0.1995","4985","2024-06-05T00:22:58.511Z","bid"
"0.1986","97.76468002","2024-06-05T00:22:58.511Z","bid"
"0.1985","920.52","2024-06-05T00:22:58.511Z","bid"
"0.1983","386.4315252","2024-06-05T00:22:58.511Z","bid"
"0.198","501.01","2024-06-05T00:22:58.511Z","bid"
"0.197","111","2024-06-05T00:22:58.511Z","bid"
"0.196","300","2024-06-05T00:22:58.511Z","bid"
"0.1937","100.23781854","2024-06-05T00:22:58.511Z","bid"
"0.1926","258.04","2024-06-05T00:22:58.511Z","bid"
"0.192","51.87","2024-06-05T00:22:58.511Z","bid"
"0.191","2603.40314136","2024-06-05T00:22:58.511Z","bid"
"0.1901","44","2024-06-05T00:22:58.511Z","bid"
"0.19","5067.92","2024-06-05T00:22:58.511Z","bid"
"0.1899","26171.66","2024-06-05T00:22:58.511Z","bid"
"0.189","102.73050504","2024-06-05T00:22:58.511Z","bid"
"0.1889","6","2024-06-05T00:22:58.511Z","bid"
"0.1885","75","2024-06-05T00:22:58.511Z","bid"
"0.1875","25","2024-06-05T00:22:58.511Z","bid"
"0.1869","1000","2024-06-05T00:22:58.511Z","bid"
"0.186","16129","2024-06-05T00:22:58.511Z","bid"
"0.1857","3351.85","2024-06-05T00:22:58.511Z","bid"
"0.185","6365.03","2024-06-05T00:22:58.511Z","bid"
"0.1844","105.29319659","2024-06-05T00:22:58.511Z","bid"
"0.183","4836.61","2024-06-05T00:22:58.511Z","bid"
"0.182","500","2024-06-05T00:22:58.511Z","bid"
"0.1818","1000","2024-06-05T00:22:58.511Z","bid"
"0.181","22259.98","2024-06-05T00:22:58.511Z","bid"
"0.1806","640","2024-06-05T00:22:58.511Z","bid"
"0.1801","8","2024-06-05T00:22:58.511Z","bid"
"0.18","29457.536666","2024-06-05T00:22:58.511Z","bid"
"0.1799","107.92698973","2024-06-05T00:22:58.511Z","bid"
"0.1785","512462.92","2024-06-05T00:22:58.511Z","bid"
"0.1776","15965.27","2024-06-05T00:22:58.511Z","bid"
"0.1761","5677","2024-06-05T00:22:58.511Z","bid"
"0.1755","110.63285158","2024-06-05T00:22:58.511Z","bid"
"0.175","319938.6","2024-06-05T00:22:58.511Z","bid"
"0.1745","524228.81","2024-06-05T00:22:58.511Z","bid"
"0.1737","287.16","2024-06-05T00:22:58.511Z","bid"
"0.1735","351479.12","2024-06-05T00:22:58.511Z","bid"
"0.1712","113.41159727","2024-06-05T00:22:58.511Z","bid"
"0.171","7617.46","2024-06-05T00:22:58.511Z","bid"
"0.17","242656.90647","2024-06-05T00:22:58.511Z","bid"
"0.1675","20","2024-06-05T00:22:58.511Z","bid"
"0.1674","594","2024-06-05T00:22:58.511Z","bid"
"0.1671","116.19428756","2024-06-05T00:22:58.511Z","bid"
"0.166","12048","2024-06-05T00:22:58.511Z","bid"
"0.165","100000","2024-06-05T00:22:58.511Z","bid"
"0.164","115.16","2024-06-05T00:22:58.511Z","bid"
"0.1634","200","2024-06-05T00:22:58.511Z","bid"
"0.1625","27.5","2024-06-05T00:22:58.511Z","bid"
"0.1624","2017.82","2024-06-05T00:22:58.511Z","bid"
"0.1611","1000","2024-06-05T00:22:58.511Z","bid"
"0.161","30869.56","2024-06-05T00:22:58.511Z","bid"
"0.16","191088.86","2024-06-05T00:22:58.511Z","bid"
"0.159","631.15358491","2024-06-05T00:22:58.511Z","bid"
"0.1555","25","2024-06-05T00:22:58.511Z","bid"
"0.155","8658.45258041","2024-06-05T00:22:58.511Z","bid"
"0.153","500","2024-06-05T00:22:58.511Z","bid"
"0.151","2248.54","2024-06-05T00:22:58.511Z","bid"
"0.15","616383.173322","2024-06-05T00:22:58.511Z","bid"
"0.1494","15000","2024-06-05T00:22:58.511Z","bid"
"0.146","14200","2024-06-05T00:22:58.511Z","bid"
"0.1442","9126.13855755","2024-06-05T00:22:58.511Z","bid"
"0.1426","2721.54","2024-06-05T00:22:58.511Z","bid"
"0.1419","980","2024-06-05T00:22:58.511Z","bid"
"0.1414","291.25","2024-06-05T00:22:58.511Z","bid"
"0.141","10830","2024-06-05T00:22:58.511Z","bid"
"0.14","20275.32334821","2024-06-05T00:22:58.511Z","bid"
"0.1393","4450.58","2024-06-05T00:22:58.511Z","bid"
"0.139","1600.69","2024-06-05T00:22:58.511Z","bid"
"0.1378","200","2024-06-05T00:22:58.511Z","bid"
"0.1368","20","2024-06-05T00:22:58.511Z","bid"
"0.1333","3000","2024-06-05T00:22:58.511Z","bid"
"0.13","19143.3","2024-06-05T00:22:58.511Z","bid"
"0.128","1500","2024-06-05T00:22:58.511Z","bid"
"0.126","32746","2024-06-05T00:22:58.511Z","bid"
"0.125","5178.96","2024-06-05T00:22:58.511Z","bid"
"0.1222","10000","2024-06-05T00:22:58.511Z","bid"
"0.1211","821.22","2024-06-05T00:22:58.511Z","bid"
"0.4465","396.83969275","2024-06-05T00:22:58.510Z","bid"
"0.4464","223.22782258","2024-06-05T00:22:58.510Z","bid"
"0.4463","48.46048811","2024-06-05T00:22:58.510Z","bid"
"0.4462","22.41177604","2024-06-05T00:22:58.510Z","bid"
"0.446","977.44622139","2024-06-05T00:22:58.510Z","bid"
"0.4459","2144.37194606","2024-06-05T00:22:58.510Z","bid"
"0.4458","378.74496411","2024-06-05T00:22:58.510Z","bid"
"0.4457","9.58469542","2024-06-05T00:22:58.510Z","bid"
"0.4456","57.64845792","2024-06-05T00:22:58.510Z","bid"
"0.4455","7","2024-06-05T00:22:58.510Z","bid"
"0.4454","384.78371342","2024-06-05T00:22:58.510Z","bid"
"0.4453","335.5041545","2024-06-05T00:22:58.510Z","bid"
"0.4452","446.76549865","2024-06-05T00:22:58.510Z","bid"
"0.4451","1295.32224822","2024-06-05T00:22:58.510Z","bid"
"0.445","18606.81359491","2024-06-05T00:22:58.510Z","bid"
"0.4449","1480.47828412","2024-06-05T00:22:58.510Z","bid"
"0.4447","10999.9233175","2024-06-05T00:22:58.510Z","bid"
"0.4444","62.32366968","2024-06-05T00:22:58.510Z","bid"
"0.4441","91.48228666","2024-06-05T00:22:58.510Z","bid"
"0.444","166.74852594","2024-06-05T00:22:58.510Z","bid"
"0.4439","20.59193718","2024-06-05T00:22:58.510Z","bid"
"0.4437","67.969094","2024-06-05T00:22:58.510Z","bid"
"0.4433","6.9174374","2024-06-05T00:22:58.510Z","bid"
"0.4432","1159.67923639","2024-06-05T00:22:58.510Z","bid"
"0.443","179.46035148","2024-06-05T00:22:58.510Z","bid"
"0.4429","2106.20109176","2024-06-05T00:22:58.510Z","bid"
"0.4428","3387.99346766","2024-06-05T00:22:58.510Z","bid"
"0.4425","5602.67430508","2024-06-05T00:22:58.510Z","bid"
"0.4422","8000","2024-06-05T00:22:58.510Z","bid"
"0.442","12","2024-06-05T00:22:58.510Z","bid"
"0.4419","87.28322512","2024-06-05T00:22:58.510Z","bid"
"0.4418","219.85818128","2024-06-05T00:22:58.510Z","bid"
"0.4416","425.01879801","2024-06-05T00:22:58.510Z","bid"
"0.4415","187.48042285","2024-06-05T00:22:58.510Z","bid"
"0.4414","3.62829403","2024-06-05T00:22:58.510Z","bid"
"0.4413","10","2024-06-05T00:22:58.510Z","bid"
"0.4412","597.88231057","2024-06-05T00:22:58.510Z","bid"
"0.4411","93.60070779","2024-06-05T00:22:58.510Z","bid"
"0.441","70992.03851088","2024-06-05T00:22:58.510Z","bid"
"0.4409","1385.11196959","2024-06-05T00:22:58.510Z","bid"
"0.4408","113","2024-06-05T00:22:58.510Z","bid"
"0.4407","1130.02042205","2024-06-05T00:22:58.510Z","bid"
"0.4406","120.53495101","2024-06-05T00:22:58.510Z","bid"
"0.4405","3536.77408826","2024-06-05T00:22:58.510Z","bid"
"0.4404","732.70646775","2024-06-05T00:22:58.510Z","bid"
"0.4403","388.52759996","2024-06-05T00:22:58.510Z","bid"
"0.4402","73.90368013","2024-06-05T00:22:58.510Z","bid"
"0.4401","68190.13947807","2024-06-05T00:22:58.510Z","bid"
"0.44","195663.43237192","2024-06-05T00:22:58.510Z","bid"
"0.4399","387.54747239","2024-06-05T00:22:58.510Z","bid"
"0.4398","1130.62755798","2024-06-05T00:22:58.510Z","bid"
"0.4397","1320.14256316","2024-06-05T00:22:58.510Z","bid"
"0.4396","452.94871636","2024-06-05T00:22:58.510Z","bid"
"0.4395","6888.95904436","2024-06-05T00:22:58.510Z","bid"
"0.4394","124.13517561","2024-06-05T00:22:58.510Z","bid"
"0.4393","3040.67341331","2024-06-05T00:22:58.510Z","bid"
"0.4392","70.23806608","2024-06-05T00:22:58.510Z","bid"
"0.439","870.62118283","2024-06-05T00:22:58.510Z","bid"
"0.4389","56.948775","2024-06-05T00:22:58.510Z","bid"
"0.4388","11628.24020475","2024-06-05T00:22:58.510Z","bid"
"0.4387","64.58021077","2024-06-05T00:22:58.510Z","bid"
"0.4386","292.66825125","2024-06-05T00:22:58.510Z","bid"
"0.4385","38.27747476","2024-06-05T00:22:58.510Z","bid"
"0.4384","25187.73818862","2024-06-05T00:22:58.510Z","bid"
"0.4383","127.93822965","2024-06-05T00:22:58.510Z","bid"
"0.4382","15128.67743563","2024-06-05T00:22:58.510Z","bid"
"0.4381","126.36108896","2024-06-05T00:22:58.510Z","bid"
"0.438","6353.97676762","2024-06-05T00:22:58.510Z","bid"
"0.4379","286.21609562","2024-06-05T00:22:58.510Z","bid"
"0.4378","767.48884714","2024-06-05T00:22:58.510Z","bid"
"0.4377","158.02619477","2024-06-05T00:22:58.510Z","bid"
"0.4376","7248.519195","2024-06-05T00:22:58.510Z","bid"
"0.4375","7648.59180749","2024-06-05T00:22:58.510Z","bid"
"0.4374","22904.35121471","2024-06-05T00:22:58.510Z","bid"
"0.4373","30.21746016","2024-06-05T00:22:58.510Z","bid"
"0.4372","2710.69857573","2024-06-05T00:22:58.510Z","bid"
"0.4371","92.82148529","2024-06-05T00:22:58.510Z","bid"
"0.437","23027.67684002","2024-06-05T00:22:58.510Z","bid"
"0.4369","182.55893774","2024-06-05T00:22:58.510Z","bid"
"0.4368","22.893248","2024-06-05T00:22:58.510Z","bid"
"0.4367","200","2024-06-05T00:22:58.510Z","bid"
"0.4366","2875.02153936","2024-06-05T00:22:58.510Z","bid"
"0.4365","2148.47414327","2024-06-05T00:22:58.510Z","bid"
"0.4364","3161.29135395","2024-06-05T00:22:58.510Z","bid"
"0.4363","306.83016274","2024-06-05T00:22:58.510Z","bid"
"0.4362","30007.1265646","2024-06-05T00:22:58.510Z","bid"
"0.4361","292.44271312","2024-06-05T00:22:58.510Z","bid"
"0.436","2620.35198731","2024-06-05T00:22:58.510Z","bid"
"0.4359","3","2024-06-05T00:22:58.510Z","bid"
"0.4358","2.01","2024-06-05T00:22:58.510Z","bid"
"0.4357","146.33322652","2024-06-05T00:22:58.510Z","bid"
"0.4356","3009.8045","2024-06-05T00:22:58.510Z","bid"
"0.4355","1394.93869426","2024-06-05T00:22:58.510Z","bid"
"0.4354","0.84129536","2024-06-05T00:22:58.510Z","bid"
"0.4353","538.18083645","2024-06-05T00:22:58.510Z","bid"
"0.4352","259.12167861","2024-06-05T00:22:58.510Z","bid"
"0.4351","46.91605653","2024-06-05T00:22:58.510Z","bid"
"0.435","31198.64379296","2024-06-05T00:22:58.510Z","bid"
"0.4349","351.12504026","2024-06-05T00:22:58.510Z","bid"
"0.4348","9.19963202","2024-06-05T00:22:58.510Z","bid"
"0.4347","1150.014835","2024-06-05T00:22:58.510Z","bid"
"0.4346","12.30576277","2024-06-05T00:22:58.510Z","bid"
"0.4345","322.86958858","2024-06-05T00:22:58.510Z","bid"
"0.4344","14521.29231122","2024-06-05T00:22:58.510Z","bid"
"0.4343","11786.20101312","2024-06-05T00:22:58.510Z","bid"
"0.4342","139.53312187","2024-06-05T00:22:58.510Z","bid"
"0.434","3798.47224355","2024-06-05T00:22:58.510Z","bid"
"0.4339","114.0493902","2024-06-05T00:22:58.510Z","bid"
"0.4338","638.27271784","2024-06-05T00:22:58.510Z","bid"
"0.4335","11.47058823","2024-06-05T00:22:58.510Z","bid"
"0.4334","163.55446555","2024-06-05T00:22:58.510Z","bid"
"0.4333","217.63317793","2024-06-05T00:22:58.510Z","bid"
"0.4332","92.84722033","2024-06-05T00:22:58.510Z","bid"
"0.433","4473.48383371","2024-06-05T00:22:58.510Z","bid"
"0.4329","303.76886424","2024-06-05T00:22:58.510Z","bid"
"0.4327","2438.27847941","2024-06-05T00:22:58.510Z","bid"
"0.4325","325.57580115","2024-06-05T00:22:58.510Z","bid"
"0.4324","253.46433067","2024-06-05T00:22:58.510Z","bid"
"0.4323","1092.02892095","2024-06-05T00:22:58.510Z","bid"
"0.432","8081.05419516","2024-06-05T00:22:58.510Z","bid"
"0.4319","734.18196166","2024-06-05T00:22:58.510Z","bid"
"0.4318","9.89323471","2024-06-05T00:22:58.510Z","bid"
"0.4317","337.21726365","2024-06-05T00:22:58.510Z","bid"
"0.4316","2.68249906","2024-06-05T00:22:58.510Z","bid"
"0.4315","1745.81352505","2024-06-05T00:22:58.510Z","bid"
"0.4314","731.15253601","2024-06-05T00:22:58.510Z","bid"
"0.4313","31.07107908","2024-06-05T00:22:58.510Z","bid"
"0.4312","47.08202776","2024-06-05T00:22:58.510Z","bid"
"0.4311","211.12208594","2024-06-05T00:22:58.510Z","bid"
"0.431","112.60769299","2024-06-05T00:22:58.510Z","bid"
"0.4309","1426.77386965","2024-06-05T00:22:58.510Z","bid"
"0.4308","1165.26595868","2024-06-05T00:22:58.510Z","bid"
"0.4307","355.35271678","2024-06-05T00:22:58.510Z","bid"
"0.4306","6983.3586709","2024-06-05T00:22:58.510Z","bid"
"0.4305","34.65156793","2024-06-05T00:22:58.510Z","bid"
"0.4304","346.77717873","2024-06-05T00:22:58.510Z","bid"
"0.4303","433.05227795","2024-06-05T00:22:58.510Z","bid"
"0.4302","2242.10685455","2024-06-05T00:22:58.510Z","bid"
"0.43","309057.11193323","2024-06-05T00:22:58.510Z","bid"
"0.4299","52.96937527","2024-06-05T00:22:58.510Z","bid"
"0.4298","25","2024-06-05T00:22:58.510Z","bid"
"0.4297","7.23436695","2024-06-05T00:22:58.510Z","bid"
"0.4295","743.17703974","2024-06-05T00:22:58.510Z","bid"
"0.4294","159.71955218","2024-06-05T00:22:58.510Z","bid"
"0.4293","7.87810622","2024-06-05T00:22:58.510Z","bid"
"0.4292","23.80488399","2024-06-05T00:22:58.510Z","bid"
"0.4291","109.8607051","2024-06-05T00:22:58.510Z","bid"
"0.429","538.81253844","2024-06-05T00:22:58.510Z","bid"
"0.4289","43.27679143","2024-06-05T00:22:58.510Z","bid"
"0.4288","2000","2024-06-05T00:22:58.510Z","bid"
"0.4287","744.88901922","2024-06-05T00:22:58.510Z","bid"
"0.4286","18.50209986","2024-06-05T00:22:58.510Z","bid"
"0.4285","1191.39693387","2024-06-05T00:22:58.510Z","bid"
"0.4283","77.46416063","2024-06-05T00:22:58.510Z","bid"
"0.4282","4098.61943767","2024-06-05T00:22:58.510Z","bid"
"0.4281","7.75012975","2024-06-05T00:22:58.510Z","bid"
"0.428","112","2024-06-05T00:22:58.510Z","bid"
"0.4279","2071.63198079","2024-06-05T00:22:58.510Z","bid"
"0.4278","43.58623825","2024-06-05T00:22:58.510Z","bid"
"0.4277","25466.025906","2024-06-05T00:22:58.510Z","bid"
"0.4276","7.26989589","2024-06-05T00:22:58.510Z","bid"
"0.4275","735.36598297","2024-06-05T00:22:58.510Z","bid"
"0.4274","347.39919454","2024-06-05T00:22:58.510Z","bid"
"0.4273","174.19793402","2024-06-05T00:22:58.510Z","bid"
"0.4272","336.35098387","2024-06-05T00:22:58.510Z","bid"
"0.4271","45.46023285","2024-06-05T00:22:58.510Z","bid"
"0.427","3335.66405834","2024-06-05T00:22:58.510Z","bid"
"0.4269","7101.96763163","2024-06-05T00:22:58.510Z","bid"
"0.4268","75.14755924","2024-06-05T00:22:58.510Z","bid"
"0.4267","202.8654287","2024-06-05T00:22:58.510Z","bid"
"0.4266","6373.60747771","2024-06-05T00:22:58.510Z","bid"
"0.4265","2902.79396248","2024-06-05T00:22:58.510Z","bid"
"0.4264","47.77334486","2024-06-05T00:22:58.510Z","bid"
"0.4263","33.09857488","2024-06-05T00:22:58.510Z","bid"
"0.4261","1171.06195728","2024-06-05T00:22:58.510Z","bid"
"0.426","108.57276995","2024-06-05T00:22:58.510Z","bid"
"0.4259","75","2024-06-05T00:22:58.510Z","bid"
"0.4258","2005.54036988","2024-06-05T00:22:58.510Z","bid"
"0.4257","11651.98144232","2024-06-05T00:22:58.510Z","bid"
"0.4256","9.39849625","2024-06-05T00:22:58.510Z","bid"
"0.4255","51.36122247","2024-06-05T00:22:58.510Z","bid"
"0.4254","58.56252938","2024-06-05T00:22:58.510Z","bid"
"0.4253","131.78987652","2024-06-05T00:22:58.510Z","bid"
"0.4252","1592.39342863","2024-06-05T00:22:58.510Z","bid"
"0.4251","129938.93651566","2024-06-05T00:22:58.510Z","bid"
"0.425","93035.04725374","2024-06-05T00:22:58.510Z","bid"
"0.4249","244.05507178","2024-06-05T00:22:58.510Z","bid"
"0.4248","18.77585029","2024-06-05T00:22:58.510Z","bid"
"0.4247","1602.09893064","2024-06-05T00:22:58.510Z","bid"
"0.4245","188.03876544","2024-06-05T00:22:58.510Z","bid"
"0.4244","471.239654","2024-06-05T00:22:58.510Z","bid"
"0.4243","305.93162151","2024-06-05T00:22:58.510Z","bid"
"0.4242","11.76835739","2024-06-05T00:22:58.510Z","bid"
"0.4241","2286.26798616","2024-06-05T00:22:58.510Z","bid"
"0.424","946.12915153","2024-06-05T00:22:58.510Z","bid"
"0.4239","706.81118112","2024-06-05T00:22:58.510Z","bid"
"0.4236","9751.36824539","2024-06-05T00:22:58.510Z","bid"
"0.4235","2.59096601","2024-06-05T00:22:58.510Z","bid"
"0.4234","19.09567188","2024-06-05T00:22:58.510Z","bid"
"0.4233","535.29411764","2024-06-05T00:22:58.510Z","bid"
"0.4232","58.86696597","2024-06-05T00:22:58.510Z","bid"
"0.4231","142.63851546","2024-06-05T00:22:58.510Z","bid"
"0.423","7853.333426","2024-06-05T00:22:58.510Z","bid"
"0.4229","7.25112319","2024-06-05T00:22:58.510Z","bid"
"0.4228","235.21759697","2024-06-05T00:22:58.510Z","bid"
"0.4227","35.27324343","2024-06-05T00:22:58.510Z","bid"
"0.4226","279.2508657","2024-06-05T00:22:58.510Z","bid"
"0.4225","292.29100295","2024-06-05T00:22:58.510Z","bid"
"0.4224","482.3381723","2024-06-05T00:22:58.510Z","bid"
"0.4223","2413.74190069","2024-06-05T00:22:58.510Z","bid"
"0.4222","481.13690333","2024-06-05T00:22:58.510Z","bid"
"0.4221","407.58291862","2024-06-05T00:22:58.510Z","bid"
"0.422","9148.74682574","2024-06-05T00:22:58.510Z","bid"
"0.4218","192.39924627","2024-06-05T00:22:58.510Z","bid"
"0.4216","0.028","2024-06-05T00:22:58.510Z","bid"
"0.4215","1267.09964412","2024-06-05T00:22:58.510Z","bid"
"0.4214","676.94507049","2024-06-05T00:22:58.510Z","bid"
"0.4213","126.60205167","2024-06-05T00:22:58.510Z","bid"
"0.4212","1215.49716875","2024-06-05T00:22:58.510Z","bid"
"0.4211","37.99200338","2024-06-05T00:22:58.510Z","bid"
"0.421","18588.85040615","2024-06-05T00:22:58.510Z","bid"
"0.4209","117.7700228","2024-06-05T00:22:58.510Z","bid"
"0.4208","957.01045625","2024-06-05T00:22:58.510Z","bid"
"0.4207","6","2024-06-05T00:22:58.510Z","bid"
"0.4205","1510.95564849","2024-06-05T00:22:58.510Z","bid"
"0.4204","594.99336614","2024-06-05T00:22:58.510Z","bid"
"0.4203","236.02188912","2024-06-05T00:22:58.510Z","bid"
"0.4202","297.420767","2024-06-05T00:22:58.510Z","bid"
"0.4201","1078.47298262","2024-06-05T00:22:58.510Z","bid"
"0.42","944350.97314311","2024-06-05T00:22:58.510Z","bid"
"0.4199","12573.861081","2024-06-05T00:22:58.510Z","bid"
"0.4198","5319.83406068","2024-06-05T00:22:58.510Z","bid"
"0.4197","1571.72224959","2024-06-05T00:22:58.510Z","bid"
"0.4196","119.161105","2024-06-05T00:22:58.510Z","bid"
"0.4195","307.4135876","2024-06-05T00:22:58.510Z","bid"
"0.4192","35.45119315","2024-06-05T00:22:58.510Z","bid"
"0.4191","82.84418993","2024-06-05T00:22:58.510Z","bid"
"0.419","873.42482099","2024-06-05T00:22:58.510Z","bid"
"0.4189","415.03007629","2024-06-05T00:22:58.510Z","bid"
"0.4188","96.00286533","2024-06-05T00:22:58.510Z","bid"
"0.4186","579.07403875","2024-06-05T00:22:58.510Z","bid"
"0.4184","175.72040116","2024-06-05T00:22:58.510Z","bid"
"0.4183","5068.89194358","2024-06-05T00:22:58.510Z","bid"
"0.4182","91.78185289","2024-06-05T00:22:58.510Z","bid"
"0.418","41929.26029262","2024-06-05T00:22:58.510Z","bid"
"0.4179","360.22229899","2024-06-05T00:22:58.510Z","bid"
"0.4177","318.9949174","2024-06-05T00:22:58.510Z","bid"
"0.4176","13.169867","2024-06-05T00:22:58.510Z","bid"
"0.4175","782.70258305","2024-06-05T00:22:58.510Z","bid"
"0.4173","7.34843038","2024-06-05T00:22:58.510Z","bid"
"0.4172","125.79672357","2024-06-05T00:22:58.510Z","bid"
"0.4171","7.45290693","2024-06-05T00:22:58.510Z","bid"
"0.417","12604.94575205","2024-06-05T00:22:58.510Z","bid"
"0.4169","1319.189297","2024-06-05T00:22:58.510Z","bid"
"0.4168","55.96774131","2024-06-05T00:22:58.510Z","bid"
"0.4166","51.60601404","2024-06-05T00:22:58.510Z","bid"
"0.4165","1963.00689723","2024-06-05T00:22:58.510Z","bid"
"0.4163","502.90220153","2024-06-05T00:22:58.510Z","bid"
"0.4162","2049.71443344","2024-06-05T00:22:58.510Z","bid"
"0.4161","0.03885988","2024-06-05T00:22:58.510Z","bid"
"0.416","1133.03614002","2024-06-05T00:22:58.510Z","bid"
"0.4159","37444.43295014","2024-06-05T00:22:58.510Z","bid"
"0.4158","958.25107655","2024-06-05T00:22:58.510Z","bid"
"0.4155","1025.56158702","2024-06-05T00:22:58.510Z","bid"
"0.4154","59.78244776","2024-06-05T00:22:58.510Z","bid"
"0.4152","6021.1511","2024-06-05T00:22:58.510Z","bid"
"0.415","10509.5171666","2024-06-05T00:22:58.510Z","bid"
"0.4149","88","2024-06-05T00:22:58.510Z","bid"
"0.4148","117.92335267","2024-06-05T00:22:58.510Z","bid"
"0.4147","114.05962741","2024-06-05T00:22:58.510Z","bid"
"0.4145","1136.80119117","2024-06-05T00:22:58.510Z","bid"
"0.4144","5082.42659026","2024-06-05T00:22:58.510Z","bid"
"0.4143","51.97059099","2024-06-05T00:22:58.510Z","bid"
"0.414","5012","2024-06-05T00:22:58.510Z","bid"
"0.4139","119.71490697","2024-06-05T00:22:58.510Z","bid"
"0.4135","241.808729","2024-06-05T00:22:58.510Z","bid"
"0.4134","2375.22025291","2024-06-05T00:22:58.510Z","bid"
"0.4133","1000","2024-06-05T00:22:58.510Z","bid"
"0.4132","542.34281703","2024-06-05T00:22:58.510Z","bid"
"0.4131","4931.49102248","2024-06-05T00:22:58.510Z","bid"
"0.413","1048.19303009","2024-06-05T00:22:58.510Z","bid"
"0.4129","663.18723112","2024-06-05T00:22:58.510Z","bid"
"0.4128","379.66459302","2024-06-05T00:22:58.510Z","bid"
"0.4127","870.65427065","2024-06-05T00:22:58.510Z","bid"
"0.4126","279.990919","2024-06-05T00:22:58.510Z","bid"
"0.4125","361.33333333","2024-06-05T00:22:58.510Z","bid"
"0.4124","650","2024-06-05T00:22:58.510Z","bid"
"0.4123","516.3403541","2024-06-05T00:22:58.510Z","bid"
"0.4122","795.58271897","2024-06-05T00:22:58.510Z","bid"
"0.4121","57.75978897","2024-06-05T00:22:58.510Z","bid"
"0.412","5687.45825729","2024-06-05T00:22:58.510Z","bid"
"0.4119","26.9725954","2024-06-05T00:22:58.510Z","bid"
"0.4118","73.2343055","2024-06-05T00:22:58.510Z","bid"
"0.4117","36878.62060883","2024-06-05T00:22:58.510Z","bid"
"0.4116","60.40451895","2024-06-05T00:22:58.510Z","bid"
"0.4114","4842.00291686","2024-06-05T00:22:58.510Z","bid"
"0.4113","1250.69146608","2024-06-05T00:22:58.510Z","bid"
"0.4111","16423.51126246","2024-06-05T00:22:58.510Z","bid"
"0.411","1685.6964156","2024-06-05T00:22:58.510Z","bid"
"0.4109","494.20112757","2024-06-05T00:22:58.510Z","bid"
"0.4108","124.08011074","2024-06-05T00:22:58.510Z","bid"
"0.4107","277.55183536","2024-06-05T00:22:58.510Z","bid"
"0.4106","3953.32629943","2024-06-05T00:22:58.510Z","bid"
"0.4105","487.23614309","2024-06-05T00:22:58.510Z","bid"
"0.4104","2130.41161013","2024-06-05T00:22:58.510Z","bid"
"0.4103","31.65783139","2024-06-05T00:22:58.510Z","bid"
"0.4102","56.8305716","2024-06-05T00:22:58.510Z","bid"
"0.4101","1631.121153","2024-06-05T00:22:58.510Z","bid"
"0.41","151771.61155027","2024-06-05T00:22:58.510Z","bid"
"0.4099","232.27860454","2024-06-05T00:22:58.510Z","bid"
"0.4097","250.69955256","2024-06-05T00:22:58.510Z","bid"
"0.4096","355.83793494","2024-06-05T00:22:58.510Z","bid"
"0.4095","156.68","2024-06-05T00:22:58.510Z","bid"
"0.4094","98.09702495","2024-06-05T00:22:58.510Z","bid"
"0.4093","14.71346739","2024-06-05T00:22:58.510Z","bid"
"0.4092","50","2024-06-05T00:22:58.510Z","bid"
"0.4091","4.83989244","2024-06-05T00:22:58.510Z","bid"
"0.409","186.72333227","2024-06-05T00:22:58.510Z","bid"
"0.4089","112.707692","2024-06-05T00:22:58.510Z","bid"
"0.4088","24515.61131817","2024-06-05T00:22:58.510Z","bid"
"0.4087","4163.82","2024-06-05T00:22:58.510Z","bid"
"0.4086","20","2024-06-05T00:22:58.510Z","bid"
"0.4085","404.85679314","2024-06-05T00:22:58.510Z","bid"
"0.4083","624.99412196","2024-06-05T00:22:58.510Z","bid"
"0.4082","97.20725134","2024-06-05T00:22:58.510Z","bid"
"0.4081","655.12200561","2024-06-05T00:22:58.510Z","bid"
"0.408","2258.12512595","2024-06-05T00:22:58.510Z","bid"
"0.4079","1225.490196","2024-06-05T00:22:58.510Z","bid"
"0.4078","2.46858114","2024-06-05T00:22:58.510Z","bid"
"0.4077","148.78587196","2024-06-05T00:22:58.510Z","bid"
"0.4076","41.65783139","2024-06-05T00:22:58.510Z","bid"
"0.4075","3441.44437005","2024-06-05T00:22:58.510Z","bid"
"0.4074","466.85832108","2024-06-05T00:22:58.510Z","bid"
"0.4073","3084.6647863","2024-06-05T00:22:58.510Z","bid"
"0.4072","1243.07465618","2024-06-05T00:22:58.510Z","bid"
"0.4071","367.20131784","2024-06-05T00:22:58.510Z","bid"
"0.407","203.5","2024-06-05T00:22:58.510Z","bid"
"0.4069","515.85367359","2024-06-05T00:22:58.510Z","bid"
"0.4068","97.49542813","2024-06-05T00:22:58.510Z","bid"
"0.4066","591.859721","2024-06-05T00:22:58.510Z","bid"
"0.4065","1864.61570972","2024-06-05T00:22:58.510Z","bid"
"0.4064","4917.20546257","2024-06-05T00:22:58.510Z","bid"
"0.4063","528.65370414","2024-06-05T00:22:58.510Z","bid"
"0.4062","57.54923682","2024-06-05T00:22:58.510Z","bid"
"0.4061","7370.82026443","2024-06-05T00:22:58.510Z","bid"
"0.406","75342.69950646","2024-06-05T00:22:58.510Z","bid"
"0.4059","234.35294117","2024-06-05T00:22:58.510Z","bid"
"0.4058","2514.40589427","2024-06-05T00:22:58.510Z","bid"
"0.4057","428.43450834","2024-06-05T00:22:58.510Z","bid"
"0.4056","3678.64471153","2024-06-05T00:22:58.510Z","bid"
"0.4055","3283.53671516","2024-06-05T00:22:58.510Z","bid"
"0.4054","560.76650802","2024-06-05T00:22:58.510Z","bid"
"0.4053","7.37601776","2024-06-05T00:22:58.510Z","bid"
"0.4052","13069.59526159","2024-06-05T00:22:58.510Z","bid"
"0.4051","1596.03453311","2024-06-05T00:22:58.510Z","bid"
"0.405","80365.22415972","2024-06-05T00:22:58.510Z","bid"
"0.4049","800.60375746","2024-06-05T00:22:58.510Z","bid"
"0.4048","7.67936631","2024-06-05T00:22:58.510Z","bid"
"0.4046","368.0019833","2024-06-05T00:22:58.510Z","bid"
"0.4045","14.69585539","2024-06-05T00:22:58.510Z","bid"
"0.4044","520.33710423","2024-06-05T00:22:58.510Z","bid"
"0.4041","370.49083502","2024-06-05T00:22:58.510Z","bid"
"0.404","1397.76","2024-06-05T00:22:58.510Z","bid"
"0.4039","308.70883882","2024-06-05T00:22:58.510Z","bid"
"0.4038","370.46203768","2024-06-05T00:22:58.510Z","bid"
"0.4037","73.7281823","2024-06-05T00:22:58.510Z","bid"
"0.4035","247.831474","2024-06-05T00:22:58.510Z","bid"
"0.4034","3848.93185341","2024-06-05T00:22:58.510Z","bid"
"0.4032","73.9893353","2024-06-05T00:22:58.510Z","bid"
"0.4031","1602.89476513","2024-06-05T00:22:58.510Z","bid"
"0.403","648.59346997","2024-06-05T00:22:58.510Z","bid"
"0.4028","29.39400637","2024-06-05T00:22:58.510Z","bid"
"0.4027","5000","2024-06-05T00:22:58.510Z","bid"
"0.4026","1235.14627421","2024-06-05T00:22:58.510Z","bid"
"0.4025","1745.295323","2024-06-05T00:22:58.510Z","bid"
"0.4022","248.632521","2024-06-05T00:22:58.510Z","bid"
"0.4021","201.73098693","2024-06-05T00:22:58.510Z","bid"
"0.402","8299.51800254","2024-06-05T00:22:58.510Z","bid"
"0.4019","256.2328928","2024-06-05T00:22:58.510Z","bid"
"0.4018","1742.138599","2024-06-05T00:22:58.510Z","bid"
"0.4017","11.58089865","2024-06-05T00:22:58.510Z","bid"
"0.4016","374.97829827","2024-06-05T00:22:58.510Z","bid"
"0.4015","2749.016385","2024-06-05T00:22:58.510Z","bid"
"0.4013","33.19801046","2024-06-05T00:22:58.510Z","bid"
"0.4012","2000","2024-06-05T00:22:58.510Z","bid"
"0.4011","235","2024-06-05T00:22:58.510Z","bid"
"0.401","956.98246882","2024-06-05T00:22:58.510Z","bid"
"0.4008","69.72964113","2024-06-05T00:22:58.510Z","bid"
"0.4002","1296.89405839","2024-06-05T00:22:58.510Z","bid"
"0.4001","496.31946224","2024-06-05T00:22:58.510Z","bid"
"0.4","527475.89115034","2024-06-05T00:22:58.510Z","bid"
"0.3999","92","2024-06-05T00:22:58.510Z","bid"
"0.3998","3000","2024-06-05T00:22:58.510Z","bid"
"0.3996","1544.45073495","2024-06-05T00:22:58.510Z","bid"
"0.3994","31.65783139","2024-06-05T00:22:58.510Z","bid"
"0.3993","134.43931277","2024-06-05T00:22:58.510Z","bid"
"0.3992","508.99799598","2024-06-05T00:22:58.510Z","bid"
"0.3991","622.96416938","2024-06-05T00:22:58.510Z","bid"
"0.399","15394.07781678","2024-06-05T00:22:58.510Z","bid"
"0.3989","11.58089865","2024-06-05T00:22:58.510Z","bid"
"0.3988","503.50059046","2024-06-05T00:22:58.510Z","bid"
"0.3987","401.9024304","2024-06-05T00:22:58.510Z","bid"
"0.3984","1.0188253","2024-06-05T00:22:58.510Z","bid"
"0.3983","5251.041823","2024-06-05T00:22:58.510Z","bid"
"0.3982","1252.51130085","2024-06-05T00:22:58.510Z","bid"
"0.3981","4774.25458703","2024-06-05T00:22:58.510Z","bid"
"0.398","918.40627686","2024-06-05T00:22:58.510Z","bid"
"0.3979","3425.61","2024-06-05T00:22:58.510Z","bid"
"0.3978","10062.21719457","2024-06-05T00:22:58.510Z","bid"
"0.3977","3045.110444","2024-06-05T00:22:58.510Z","bid"
"0.3976","654.11899343","2024-06-05T00:22:58.510Z","bid"
"0.3975","60408.35849","2024-06-05T00:22:58.510Z","bid"
"0.3972","124.62838135","2024-06-05T00:22:58.510Z","bid"
"0.3971","3.54344101","2024-06-05T00:22:58.510Z","bid"
"0.397","2696.61157172","2024-06-05T00:22:58.510Z","bid"
"0.3968","7.83419224","2024-06-05T00:22:58.510Z","bid"
"0.3966","90.6141235","2024-06-05T00:22:58.510Z","bid"
"0.3965","5000","2024-06-05T00:22:58.510Z","bid"
"0.3963","2503.15417612","2024-06-05T00:22:58.510Z","bid"
"0.3962","1553.53860133","2024-06-05T00:22:58.510Z","bid"
"0.396","52897.06525199","2024-06-05T00:22:58.510Z","bid"
"0.3959","2861.92981246","2024-06-05T00:22:58.510Z","bid"
"0.3958","1207.69718922","2024-06-05T00:22:58.510Z","bid"
"0.3956","631.815711","2024-06-05T00:22:58.510Z","bid"
"0.3955","5207.75347661","2024-06-05T00:22:58.510Z","bid"
"0.3952","62.91118421","2024-06-05T00:22:58.510Z","bid"
"0.395","10193.9664404","2024-06-05T00:22:58.510Z","bid"
"0.3949","13.926871","2024-06-05T00:22:58.510Z","bid"
"0.3948","158.80537079","2024-06-05T00:22:58.510Z","bid"
"0.3947","123.92857027","2024-06-05T00:22:58.510Z","bid"
"0.3944","252.8443982","2024-06-05T00:22:58.510Z","bid"
"0.3943","2529.74892214","2024-06-05T00:22:58.510Z","bid"
"0.3942","47.08629083","2024-06-05T00:22:58.510Z","bid"
"0.3941","1100","2024-06-05T00:22:58.510Z","bid"
"0.394","779","2024-06-05T00:22:58.510Z","bid"
"0.3939","31.65783139","2024-06-05T00:22:58.510Z","bid"
"0.3937","76.6011862","2024-06-05T00:22:58.510Z","bid"
"0.3936","57.90150132","2024-06-05T00:22:58.510Z","bid"
"0.393","123.96818541","2024-06-05T00:22:58.510Z","bid"
"0.3929","623.95140616","2024-06-05T00:22:58.510Z","bid"
"0.3928","7.80677189","2024-06-05T00:22:58.510Z","bid"
"0.3925","1410.54797451","2024-06-05T00:22:58.510Z","bid"
"0.3923","47.31434067","2024-06-05T00:22:58.510Z","bid"
"0.3921","149.86","2024-06-05T00:22:58.510Z","bid"
"0.392","10367","2024-06-05T00:22:58.510Z","bid"
"0.3919","31","2024-06-05T00:22:58.510Z","bid"
"0.3917","56.33745739","2024-06-05T00:22:58.510Z","bid"
"0.3915","95499.251525","2024-06-05T00:22:58.510Z","bid"
"0.3914","762.38299565","2024-06-05T00:22:58.510Z","bid"
"0.3912","121","2024-06-05T00:22:58.510Z","bid"
"0.3911","287.29135439","2024-06-05T00:22:58.510Z","bid"
"0.3909","10.48505367","2024-06-05T00:22:58.510Z","bid"
"0.3906","256.016385","2024-06-05T00:22:58.510Z","bid"
"0.3905","24.0616927","2024-06-05T00:22:58.510Z","bid"
"0.3904","500","2024-06-05T00:22:58.510Z","bid"
"0.3903","6743.4193127","2024-06-05T00:22:58.510Z","bid"
"0.3902","7.85879036","2024-06-05T00:22:58.510Z","bid"
"0.39","203972.80212174","2024-06-05T00:22:58.510Z","bid"
"0.3899","147.49275505","2024-06-05T00:22:58.510Z","bid"
"0.3897","1245","2024-06-05T00:22:58.510Z","bid"
"0.3895","513.478818","2024-06-05T00:22:58.510Z","bid"
"0.3892","3.21171635","2024-06-05T00:22:58.510Z","bid"
"0.389","853.65009587","2024-06-05T00:22:58.510Z","bid"
"0.3889","30.21993491","2024-06-05T00:22:58.510Z","bid"
"0.3888","4375.1953496","2024-06-05T00:22:58.510Z","bid"
"0.3886","206.645491","2024-06-05T00:22:58.510Z","bid"
"0.3885","7.69","2024-06-05T00:22:58.510Z","bid"
"0.3884","79.44726457","2024-06-05T00:22:58.510Z","bid"
"0.3883","95.28185289","2024-06-05T00:22:58.510Z","bid"
"0.3882","89872.86131066","2024-06-05T00:22:58.510Z","bid"
"0.388","4036.21915979","2024-06-05T00:22:58.510Z","bid"
"0.3879","77.74655067","2024-06-05T00:22:58.510Z","bid"
"0.3876","135.62665911","2024-06-05T00:22:58.510Z","bid"
"0.3875","798.51612903","2024-06-05T00:22:58.510Z","bid"
"0.3874","186.02453385","2024-06-05T00:22:58.510Z","bid"
"0.3873","277.466333","2024-06-05T00:22:58.510Z","bid"
"0.387","160.66257747","2024-06-05T00:22:58.510Z","bid"
"0.3869","200.18367912","2024-06-05T00:22:58.510Z","bid"
"0.3867","7.70623223","2024-06-05T00:22:58.510Z","bid"
"0.3865","3580.25817812","2024-06-05T00:22:58.510Z","bid"
"0.3864","64.34394409","2024-06-05T00:22:58.510Z","bid"
"0.3863","311.579414","2024-06-05T00:22:58.510Z","bid"
"0.3862","50","2024-06-05T00:22:58.510Z","bid"
"0.3861","3.5","2024-06-05T00:22:58.510Z","bid"
"0.386","1024.36788341","2024-06-05T00:22:58.510Z","bid"
"0.3859","323.10831821","2024-06-05T00:22:58.510Z","bid"
"0.3856","583.45312499","2024-06-05T00:22:58.510Z","bid"
"0.3855","209.77","2024-06-05T00:22:58.510Z","bid"
"0.3853","15924.13221385","2024-06-05T00:22:58.510Z","bid"
"0.3852","517.13395638","2024-06-05T00:22:58.510Z","bid"
"0.3851","8.07220847","2024-06-05T00:22:58.510Z","bid"
"0.385","111497.41448002","2024-06-05T00:22:58.510Z","bid"
"0.3849","776.40245518","2024-06-05T00:22:58.510Z","bid"
"0.3847","10","2024-06-05T00:22:58.510Z","bid"
"0.3846","15000","2024-06-05T00:22:58.510Z","bid"
"0.3845","48.27416345","2024-06-05T00:22:58.510Z","bid"
"0.3841","1254.86183754","2024-06-05T00:22:58.510Z","bid"
"0.384","2474.9375","2024-06-05T00:22:58.510Z","bid"
"0.3835","137.71177314","2024-06-05T00:22:58.510Z","bid"
"0.3833","60.53516146","2024-06-05T00:22:58.510Z","bid"
"0.3832","644.50714896","2024-06-05T00:22:58.510Z","bid"
"0.3831","30.67745415","2024-06-05T00:22:58.510Z","bid"
"0.383","60","2024-06-05T00:22:58.510Z","bid"
"0.3828","7.784744","2024-06-05T00:22:58.510Z","bid"
"0.3826","6573.513894","2024-06-05T00:22:58.510Z","bid"
"0.3825","5000","2024-06-05T00:22:58.510Z","bid"
"0.3824","8.01908995","2024-06-05T00:22:58.510Z","bid"
"0.3823","3.5","2024-06-05T00:22:58.510Z","bid"
"0.3822","650.51020408","2024-06-05T00:22:58.510Z","bid"
"0.3821","78.92668675","2024-06-05T00:22:58.510Z","bid"
"0.382","2108.61256544","2024-06-05T00:22:58.510Z","bid"
"0.3816","116.01","2024-06-05T00:22:58.510Z","bid"
"0.3815","1303.40760157","2024-06-05T00:22:58.510Z","bid"
"0.3814","4548.76769796","2024-06-05T00:22:58.510Z","bid"
"0.3813","4127.46263297","2024-06-05T00:22:58.510Z","bid"
"0.381","200","2024-06-05T00:22:58.510Z","bid"
"0.3808","5199.65782563","2024-06-05T00:22:58.510Z","bid"
"0.3807","93.40601746","2024-06-05T00:22:58.510Z","bid"
"0.3805","160","2024-06-05T00:22:58.510Z","bid"
"0.3802","30","2024-06-05T00:22:58.510Z","bid"
"0.3801","4616.13259668","2024-06-05T00:22:58.510Z","bid"
"0.38","489450.36444779","2024-06-05T00:22:58.510Z","bid"
"0.3799","11.36","2024-06-05T00:22:58.510Z","bid"
"0.3797","500","2024-06-05T00:22:58.510Z","bid"
"0.3794","8.19348308","2024-06-05T00:22:58.510Z","bid"
"0.3791","269.33033028","2024-06-05T00:22:58.510Z","bid"
"0.379","12591.1903029","2024-06-05T00:22:58.510Z","bid"
"0.3789","372.00464477","2024-06-05T00:22:58.510Z","bid"
"0.3782","130.88945815","2024-06-05T00:22:58.510Z","bid"
"0.378","5467.89021136","2024-06-05T00:22:58.510Z","bid"
"0.3779","1000","2024-06-05T00:22:58.510Z","bid"
"0.3777","10065.82605242","2024-06-05T00:22:58.510Z","bid"
"0.3775","758.2347218","2024-06-05T00:22:58.510Z","bid"
"0.3774","424.77106024","2024-06-05T00:22:58.510Z","bid"
"0.3773","16.04748476","2024-06-05T00:22:58.510Z","bid"
"0.3771","735.05813822","2024-06-05T00:22:58.510Z","bid"
"0.377","88.70402081","2024-06-05T00:22:58.510Z","bid"
"0.3769","54.04","2024-06-05T00:22:58.510Z","bid"
"0.3765","8","2024-06-05T00:22:58.510Z","bid"
"0.3764","80.12191022","2024-06-05T00:22:58.510Z","bid"
"0.3762","50","2024-06-05T00:22:58.510Z","bid"
"0.376","2989.95639302","2024-06-05T00:22:58.510Z","bid"
"0.3759","14.63155","2024-06-05T00:22:58.510Z","bid"
"0.3756","34.68745335","2024-06-05T00:22:58.510Z","bid"
"0.3752","7.94243071","2024-06-05T00:22:58.510Z","bid"
"0.3751","6178.70833016","2024-06-05T00:22:58.510Z","bid"
"0.375","53415.16909346","2024-06-05T00:22:58.510Z","bid"
"0.3749","2606.028401","2024-06-05T00:22:58.510Z","bid"
"0.3747","428.63428386","2024-06-05T00:22:58.510Z","bid"
"0.3745","1123.67864864","2024-06-05T00:22:58.510Z","bid"
"0.3744","3.7","2024-06-05T00:22:58.510Z","bid"
"0.3743","140.26182207","2024-06-05T00:22:58.510Z","bid"
"0.3741","552.95","2024-06-05T00:22:58.510Z","bid"
"0.374","1069.518716","2024-06-05T00:22:58.510Z","bid"
"0.3739","1496.64004613","2024-06-05T00:22:58.510Z","bid"
"0.3738","8.31623189","2024-06-05T00:22:58.510Z","bid"
"0.3736","1063.1638758","2024-06-05T00:22:58.510Z","bid"
"0.3733","49.72251767","2024-06-05T00:22:58.510Z","bid"
"0.3732","82.83333333","2024-06-05T00:22:58.510Z","bid"
"0.3727","87.65763348","2024-06-05T00:22:58.510Z","bid"
"0.3723","8.23663712","2024-06-05T00:22:58.510Z","bid"
"0.3721","68.75","2024-06-05T00:22:58.510Z","bid"
"0.372","769.54387096","2024-06-05T00:22:58.510Z","bid"
"0.3719","8.35871869","2024-06-05T00:22:58.510Z","bid"
"0.3718","31.60982433","2024-06-05T00:22:58.510Z","bid"
"0.3715","17","2024-06-05T00:22:58.510Z","bid"
"0.3714","58.00058118","2024-06-05T00:22:58.510Z","bid"
"0.3713","6733.099919","2024-06-05T00:22:58.510Z","bid"
"0.3712","10644.87360561","2024-06-05T00:22:58.510Z","bid"
"0.371","38693.06075901","2024-06-05T00:22:58.510Z","bid"
"0.3709","153.93654391","2024-06-05T00:22:58.510Z","bid"
"0.3701","8.39937174","2024-06-05T00:22:58.510Z","bid"
"0.37","168713.23860044","2024-06-05T00:22:58.510Z","bid"
"0.3699","8817","2024-06-05T00:22:58.510Z","bid"
"0.3698","8.29232017","2024-06-05T00:22:58.510Z","bid"
"0.3696","209.27080269","2024-06-05T00:22:58.510Z","bid"
"0.3693","771.74492282","2024-06-05T00:22:58.510Z","bid"
"0.369","3629.38995413","2024-06-05T00:22:58.510Z","bid"
"0.3689","410.7212651","2024-06-05T00:22:58.510Z","bid"
"0.3686","50018.11","2024-06-05T00:22:58.510Z","bid"
"0.3685","26.91","2024-06-05T00:22:58.510Z","bid"
"0.3682","61.17510302","2024-06-05T00:22:58.510Z","bid"
"0.3681","6245.68167889","2024-06-05T00:22:58.510Z","bid"
"0.368","6553.21434782","2024-06-05T00:22:58.510Z","bid"
"0.3678","454.65311522","2024-06-05T00:22:58.510Z","bid"
"0.3677","55.39","2024-06-05T00:22:58.510Z","bid"
"0.3676","50008.10663765","2024-06-05T00:22:58.510Z","bid"
"0.3675","70","2024-06-05T00:22:58.510Z","bid"
"0.3673","71.99177692","2024-06-05T00:22:58.510Z","bid"
"0.367","430.69119891","2024-06-05T00:22:58.510Z","bid"
"0.3668","77.1794489","2024-06-05T00:22:58.510Z","bid"
"0.3667","987.42577583","2024-06-05T00:22:58.510Z","bid"
"0.3664","8.48419072","2024-06-05T00:22:58.510Z","bid"
"0.3663","32.08444632","2024-06-05T00:22:58.510Z","bid"
"0.3662","50","2024-06-05T00:22:58.510Z","bid"
"0.366","135.86065573","2024-06-05T00:22:58.510Z","bid"
"0.3659","50.72811108","2024-06-05T00:22:58.510Z","bid"
"0.3658","6008.18","2024-06-05T00:22:58.510Z","bid"
"0.3656","16.36","2024-06-05T00:22:58.510Z","bid"
"0.3655","25","2024-06-05T00:22:58.510Z","bid"
"0.3653","82.55649331","2024-06-05T00:22:58.510Z","bid"
"0.3651","8000.19739359","2024-06-05T00:22:58.510Z","bid"
"0.365","5508.79671095","2024-06-05T00:22:58.510Z","bid"
"0.3649","8.40367223","2024-06-05T00:22:58.510Z","bid"
"0.3647","680","2024-06-05T00:22:58.510Z","bid"
"0.3646","8.52607647","2024-06-05T00:22:58.510Z","bid"
"0.3644","437.53","2024-06-05T00:22:58.510Z","bid"
"0.3641","119.26370734","2024-06-05T00:22:58.510Z","bid"
"0.364","560.400549","2024-06-05T00:22:58.510Z","bid"
"0.3638","11.25941255","2024-06-05T00:22:58.510Z","bid"
"0.3633","2","2024-06-05T00:22:58.510Z","bid"
"0.3631","210.01","2024-06-05T00:22:58.510Z","bid"
"0.363","999.63789187","2024-06-05T00:22:58.510Z","bid"
"0.3628","34.18837784","2024-06-05T00:22:58.510Z","bid"
"0.3627","82.02194327","2024-06-05T00:22:58.510Z","bid"
"0.3626","784.79910645","2024-06-05T00:22:58.510Z","bid"
"0.3625","605.24137931","2024-06-05T00:22:58.510Z","bid"
"0.3624","8.46164459","2024-06-05T00:22:58.510Z","bid"
"0.3623","51.23217181","2024-06-05T00:22:58.510Z","bid"
"0.362","2751.38121546","2024-06-05T00:22:58.510Z","bid"
"0.3616","50056.14","2024-06-05T00:22:58.510Z","bid"
"0.3613","253.5","2024-06-05T00:22:58.510Z","bid"
"0.3612","413.06138994","2024-06-05T00:22:58.510Z","bid"
"0.361","24030.36222458","2024-06-05T00:22:58.510Z","bid"
"0.3609","8.61348706","2024-06-05T00:22:58.510Z","bid"
"0.3608","582.46267374","2024-06-05T00:22:58.510Z","bid"
"0.3606","91.78185289","2024-06-05T00:22:58.510Z","bid"
"0.3605","51.48797738","2024-06-05T00:22:58.510Z","bid"
"0.3602","40","2024-06-05T00:22:58.510Z","bid"
"0.3601","140.22325207","2024-06-05T00:22:58.510Z","bid"
"0.36","302910.19445654","2024-06-05T00:22:58.510Z","bid"
"5.21","512.69","2024-06-05T00:22:58.509Z","ask"
"5.22","129.13472921","2024-06-05T00:22:58.509Z","ask"
"5.25","10911.623058","2024-06-05T00:22:58.509Z","ask"
"5.28","63","2024-06-05T00:22:58.509Z","ask"
"5.29","750.529","2024-06-05T00:22:58.509Z","ask"
"5.3","4214.61","2024-06-05T00:22:58.509Z","ask"
"5.31","1900.318443","2024-06-05T00:22:58.509Z","ask"
"5.32","100","2024-06-05T00:22:58.509Z","ask"
"5.33","18.947","2024-06-05T00:22:58.509Z","ask"
"5.35","500","2024-06-05T00:22:58.509Z","ask"
"5.364","400","2024-06-05T00:22:58.509Z","ask"
"5.37","90.21","2024-06-05T00:22:58.509Z","ask"
"5.38","410.13736658","2024-06-05T00:22:58.509Z","ask"
"5.4","6417.813444","2024-06-05T00:22:58.509Z","ask"
"5.42","121.1","2024-06-05T00:22:58.509Z","ask"
"5.4327","2.5","2024-06-05T00:22:58.509Z","ask"
"5.45","518.44954129","2024-06-05T00:22:58.509Z","ask"
"5.48","18.64","2024-06-05T00:22:58.509Z","ask"
"5.49","1275.045537","2024-06-05T00:22:58.509Z","ask"
"5.5","72190.841018","2024-06-05T00:22:58.509Z","ask"
"5.53","412.5","2024-06-05T00:22:58.509Z","ask"
"5.55","800","2024-06-05T00:22:58.509Z","ask"
"5.56","200","2024-06-05T00:22:58.509Z","ask"
"5.58","300","2024-06-05T00:22:58.509Z","ask"
"5.59","9.66","2024-06-05T00:22:58.509Z","ask"
"5.6","14574.731229","2024-06-05T00:22:58.509Z","ask"
"5.61","1200","2024-06-05T00:22:58.509Z","ask"
"5.63","3455.059528","2024-06-05T00:22:58.509Z","ask"
"5.65","300","2024-06-05T00:22:58.509Z","ask"
"5.66","200","2024-06-05T00:22:58.509Z","ask"
"5.67","56.150391","2024-06-05T00:22:58.509Z","ask"
"5.68","2000","2024-06-05T00:22:58.509Z","ask"
"5.69","210.340787","2024-06-05T00:22:58.509Z","ask"
"5.6923","25","2024-06-05T00:22:58.509Z","ask"
"5.7","800","2024-06-05T00:22:58.509Z","ask"
"5.72","5524.7","2024-06-05T00:22:58.509Z","ask"
"5.73","200","2024-06-05T00:22:58.509Z","ask"
"5.7333","400","2024-06-05T00:22:58.509Z","ask"
"5.75","8939.89","2024-06-05T00:22:58.509Z","ask"
"5.76","300","2024-06-05T00:22:58.509Z","ask"
"5.77","100","2024-06-05T00:22:58.509Z","ask"
"5.78","4467.26","2024-06-05T00:22:58.509Z","ask"
"5.79","200","2024-06-05T00:22:58.509Z","ask"
"5.8","537997.23679175","2024-06-05T00:22:58.509Z","ask"
"5.8164","457.38933501","2024-06-05T00:22:58.509Z","ask"
"5.82","1261.27","2024-06-05T00:22:58.509Z","ask"
"5.83","200","2024-06-05T00:22:58.509Z","ask"
"5.85","800","2024-06-05T00:22:58.509Z","ask"
"5.87","9697.299415","2024-06-05T00:22:58.509Z","ask"
"5.876","400","2024-06-05T00:22:58.509Z","ask"
"5.88","905","2024-06-05T00:22:58.509Z","ask"
"5.89","10736.04","2024-06-05T00:22:58.509Z","ask"
"5.894","217.73","2024-06-05T00:22:58.509Z","ask"
"5.9","3061.662593","2024-06-05T00:22:58.509Z","ask"
"5.91","100","2024-06-05T00:22:58.509Z","ask"
"5.93","100","2024-06-05T00:22:58.509Z","ask"
"5.95","47029.559102","2024-06-05T00:22:58.509Z","ask"
"5.96","200","2024-06-05T00:22:58.509Z","ask"
"5.97","300","2024-06-05T00:22:58.509Z","ask"
"5.98","1050","2024-06-05T00:22:58.509Z","ask"
"5.99","2209.028702","2024-06-05T00:22:58.509Z","ask"
"6","968630.75497528","2024-06-05T00:22:58.509Z","ask"
"6.012","136.024983","2024-06-05T00:22:58.509Z","ask"
"6.03","634.743237","2024-06-05T00:22:58.509Z","ask"
"6.0331","2.5","2024-06-05T00:22:58.509Z","ask"
"6.05","2879.61","2024-06-05T00:22:58.509Z","ask"
"6.051","75.0330865","2024-06-05T00:22:58.509Z","ask"
"6.06","100","2024-06-05T00:22:58.509Z","ask"
"6.1","905","2024-06-05T00:22:58.509Z","ask"
"6.11","150","2024-06-05T00:22:58.509Z","ask"
"6.12","1204","2024-06-05T00:22:58.509Z","ask"
"6.13","1000","2024-06-05T00:22:58.509Z","ask"
"6.15","375","2024-06-05T00:22:58.509Z","ask"
"6.16","1224.89","2024-06-05T00:22:58.509Z","ask"
"6.18","189.4","2024-06-05T00:22:58.509Z","ask"
"6.2","24580.3647063","2024-06-05T00:22:58.509Z","ask"
"6.22","3310","2024-06-05T00:22:58.509Z","ask"
"6.23","2500","2024-06-05T00:22:58.509Z","ask"
"6.24","120484.83172889","2024-06-05T00:22:58.509Z","ask"
"6.25","20308.71685053","2024-06-05T00:22:58.509Z","ask"
"6.26","3500","2024-06-05T00:22:58.509Z","ask"
"6.27","2500","2024-06-05T00:22:58.509Z","ask"
"6.28","2708.15","2024-06-05T00:22:58.509Z","ask"
"6.29","2500","2024-06-05T00:22:58.509Z","ask"
"6.3","1725","2024-06-05T00:22:58.509Z","ask"
"6.35","225","2024-06-05T00:22:58.509Z","ask"
"6.36","89.55","2024-06-05T00:22:58.509Z","ask"
"6.38","500","2024-06-05T00:22:58.509Z","ask"
"6.386","400","2024-06-05T00:22:58.509Z","ask"
"6.39","21.59","2024-06-05T00:22:58.509Z","ask"
"6.4","8186.49657863","2024-06-05T00:22:58.509Z","ask"
"6.45","225","2024-06-05T00:22:58.509Z","ask"
"6.4511","400","2024-06-05T00:22:58.509Z","ask"
"6.46","550","2024-06-05T00:22:58.509Z","ask"
"6.49","50","2024-06-05T00:22:58.509Z","ask"
"6.5","106790.87893737","2024-06-05T00:22:58.509Z","ask"
"6.53","511.5112","2024-06-05T00:22:58.509Z","ask"
"6.54","250","2024-06-05T00:22:58.509Z","ask"
"6.55","500","2024-06-05T00:22:58.509Z","ask"
"6.5625","457.38933501","2024-06-05T00:22:58.509Z","ask"
"6.6","2436","2024-06-05T00:22:58.509Z","ask"
"6.61","1020.583748","2024-06-05T00:22:58.509Z","ask"
"6.62","150","2024-06-05T00:22:58.509Z","ask"
"6.63","425.138444","2024-06-05T00:22:58.509Z","ask"
"6.6333","2.5","2024-06-05T00:22:58.509Z","ask"
"6.65","225","2024-06-05T00:22:58.509Z","ask"
"6.69","15.047573","2024-06-05T00:22:58.509Z","ask"
"6.7","225","2024-06-05T00:22:58.509Z","ask"
"6.74","3000","2024-06-05T00:22:58.509Z","ask"
"6.75","3679.65347665","2024-06-05T00:22:58.509Z","ask"
"6.77","2000","2024-06-05T00:22:58.509Z","ask"
"6.78","37075.95870207","2024-06-05T00:22:58.509Z","ask"
"6.8","2274.26","2024-06-05T00:22:58.509Z","ask"
"6.82","3666","2024-06-05T00:22:58.509Z","ask"
"6.85","225","2024-06-05T00:22:58.509Z","ask"
"6.878","1000","2024-06-05T00:22:58.509Z","ask"
"6.89","3264.45","2024-06-05T00:22:58.509Z","ask"
"6.894","300","2024-06-05T00:22:58.509Z","ask"
"6.9","3916.74955009","2024-06-05T00:22:58.509Z","ask"
"6.949","43.44","2024-06-05T00:22:58.509Z","ask"
"6.95","5718.06968179","2024-06-05T00:22:58.509Z","ask"
"6.96","23451.23097","2024-06-05T00:22:58.509Z","ask"
"6.962","198.443968","2024-06-05T00:22:58.509Z","ask"
"6.9657","50","2024-06-05T00:22:58.509Z","ask"
"6.97","300","2024-06-05T00:22:58.509Z","ask"
"6.98","5000","2024-06-05T00:22:58.509Z","ask"
"6.99","50761.611359","2024-06-05T00:22:58.509Z","ask"
"7","642292.78622497","2024-06-05T00:22:58.509Z","ask"
"7.04","213.39","2024-06-05T00:22:58.509Z","ask"
"7.05","250","2024-06-05T00:22:58.509Z","ask"
"7.1","10985.99088128","2024-06-05T00:22:58.509Z","ask"
"7.12","1498.55868624","2024-06-05T00:22:58.509Z","ask"
"7.15","254","2024-06-05T00:22:58.509Z","ask"
"7.16","200","2024-06-05T00:22:58.509Z","ask"
"7.2","250","2024-06-05T00:22:58.509Z","ask"
"7.22","526","2024-06-05T00:22:58.509Z","ask"
"7.24","5160","2024-06-05T00:22:58.509Z","ask"
"7.25","13011.60368852","2024-06-05T00:22:58.509Z","ask"
"7.3","250","2024-06-05T00:22:58.509Z","ask"
"7.3085","457.38933501","2024-06-05T00:22:58.509Z","ask"
"7.315","79.45","2024-06-05T00:22:58.509Z","ask"
"7.32","30000","2024-06-05T00:22:58.509Z","ask"
"7.341","400","2024-06-05T00:22:58.509Z","ask"
"7.35","3404.16","2024-06-05T00:22:58.509Z","ask"
"7.38","72727.41266078","2024-06-05T00:22:58.509Z","ask"
"7.4","8789.53860112","2024-06-05T00:22:58.509Z","ask"
"7.43","1200","2024-06-05T00:22:58.509Z","ask"
"7.44","10039.172463","2024-06-05T00:22:58.509Z","ask"
"7.45","550","2024-06-05T00:22:58.509Z","ask"
"7.47","67.65","2024-06-05T00:22:58.509Z","ask"
"7.489","200","2024-06-05T00:22:58.509Z","ask"
"7.49","25","2024-06-05T00:22:58.509Z","ask"
"7.5","432039.40011914","2024-06-05T00:22:58.509Z","ask"
"7.55","1797.384703","2024-06-05T00:22:58.509Z","ask"
"7.56","550","2024-06-05T00:22:58.509Z","ask"
"7.58","2623.74247","2024-06-05T00:22:58.509Z","ask"
"7.6","2831.54933532","2024-06-05T00:22:58.509Z","ask"
"7.64","14671.245184","2024-06-05T00:22:58.509Z","ask"
"7.65","200","2024-06-05T00:22:58.509Z","ask"
"7.684","575","2024-06-05T00:22:58.509Z","ask"
"7.69","3000","2024-06-05T00:22:58.509Z","ask"
"7.7","2450","2024-06-05T00:22:58.509Z","ask"
"7.72","531.14750984","2024-06-05T00:22:58.509Z","ask"
"7.75","2883.398557","2024-06-05T00:22:58.509Z","ask"
"7.76","3557.93610471","2024-06-05T00:22:58.509Z","ask"
"7.77","2420.61","2024-06-05T00:22:58.509Z","ask"
"7.777","1425.329923","2024-06-05T00:22:58.509Z","ask"
"7.79","3642","2024-06-05T00:22:58.509Z","ask"
"7.8","577.05749804","2024-06-05T00:22:58.509Z","ask"
"7.81","38.4","2024-06-05T00:22:58.509Z","ask"
"7.85","200","2024-06-05T00:22:58.509Z","ask"
"7.86","1000","2024-06-05T00:22:58.509Z","ask"
"7.88","10993.07","2024-06-05T00:22:58.509Z","ask"
"7.89","265","2024-06-05T00:22:58.509Z","ask"
"7.9","1453.92950875","2024-06-05T00:22:58.509Z","ask"
"7.92","3065.25071493","2024-06-05T00:22:58.509Z","ask"
"7.93","19525.008493","2024-06-05T00:22:58.509Z","ask"
"7.94","472.46","2024-06-05T00:22:58.509Z","ask"
"7.95","10200","2024-06-05T00:22:58.509Z","ask"
"7.98","50","2024-06-05T00:22:58.509Z","ask"
"8","166726.66308116","2024-06-05T00:22:58.509Z","ask"
"8.01","102.5","2024-06-05T00:22:58.509Z","ask"
"8.08","11000","2024-06-05T00:22:58.509Z","ask"
"8.1","200","2024-06-05T00:22:58.509Z","ask"
"8.12","2141.08","2024-06-05T00:22:58.509Z","ask"
"8.13","1000","2024-06-05T00:22:58.509Z","ask"
"8.14","1375.584983","2024-06-05T00:22:58.509Z","ask"
"8.15","200","2024-06-05T00:22:58.509Z","ask"
"8.17","550","2024-06-05T00:22:58.509Z","ask"
"8.2","200","2024-06-05T00:22:58.509Z","ask"
"8.25","2223.484848","2024-06-05T00:22:58.509Z","ask"
"8.2777","10.25","2024-06-05T00:22:58.509Z","ask"
"8.28","60.9","2024-06-05T00:22:58.509Z","ask"
"8.3","528.25","2024-06-05T00:22:58.509Z","ask"
"8.32","1000","2024-06-05T00:22:58.509Z","ask"
"8.33","10.25","2024-06-05T00:22:58.509Z","ask"
"8.35","201.26","2024-06-05T00:22:58.509Z","ask"
"8.36","6000","2024-06-05T00:22:58.509Z","ask"
"8.3833","457.38933501","2024-06-05T00:22:58.509Z","ask"
"8.4","1724.87868623","2024-06-05T00:22:58.509Z","ask"
"8.45","200","2024-06-05T00:22:58.509Z","ask"
"8.48","38904.39848","2024-06-05T00:22:58.509Z","ask"
"8.5","29503.281698","2024-06-05T00:22:58.509Z","ask"
"8.55","200","2024-06-05T00:22:58.509Z","ask"
"8.59","493.60638746","2024-06-05T00:22:58.509Z","ask"
"8.6","200","2024-06-05T00:22:58.509Z","ask"
"8.6198","4251.567","2024-06-05T00:22:58.509Z","ask"
"8.65","100","2024-06-05T00:22:58.509Z","ask"
"8.69","4000","2024-06-05T00:22:58.509Z","ask"
"8.698","450","2024-06-05T00:22:58.509Z","ask"
"8.7","658.7","2024-06-05T00:22:58.509Z","ask"
"8.73","265.473846","2024-06-05T00:22:58.509Z","ask"
"8.75","1700","2024-06-05T00:22:58.509Z","ask"
"8.77","2200","2024-06-05T00:22:58.509Z","ask"
"8.7899","4017.01","2024-06-05T00:22:58.509Z","ask"
"8.79","85.31","2024-06-05T00:22:58.509Z","ask"
"8.8","18443.405155","2024-06-05T00:22:58.509Z","ask"
"8.83","3381","2024-06-05T00:22:58.509Z","ask"
"8.84","100","2024-06-05T00:22:58.509Z","ask"
"8.85","1100","2024-06-05T00:22:58.509Z","ask"
"8.88","5570.483694","2024-06-05T00:22:58.509Z","ask"
"8.89","500","2024-06-05T00:22:58.509Z","ask"
"8.9","6000","2024-06-05T00:22:58.509Z","ask"
"8.95","1729.528553","2024-06-05T00:22:58.509Z","ask"
"8.98","1354.946","2024-06-05T00:22:58.509Z","ask"
"8.9837","4251.567","2024-06-05T00:22:58.509Z","ask"
"8.99","250","2024-06-05T00:22:58.509Z","ask"
"9","192508.81478321","2024-06-05T00:22:58.509Z","ask"
"9.0029","457.38933501","2024-06-05T00:22:58.509Z","ask"
"9.05","100","2024-06-05T00:22:58.509Z","ask"
"9.07","750","2024-06-05T00:22:58.509Z","ask"
"9.08","730","2024-06-05T00:22:58.509Z","ask"
"9.1","100","2024-06-05T00:22:58.509Z","ask"
"9.12","1000","2024-06-05T00:22:58.509Z","ask"
"9.13","1000","2024-06-05T00:22:58.509Z","ask"
"9.15","7689","2024-06-05T00:22:58.509Z","ask"
"9.16","1151.40561196","2024-06-05T00:22:58.509Z","ask"
"9.2","100","2024-06-05T00:22:58.509Z","ask"
"9.23","750","2024-06-05T00:22:58.509Z","ask"
"9.25","100","2024-06-05T00:22:58.509Z","ask"
"9.2521","5000","2024-06-05T00:22:58.509Z","ask"
"9.3","17118.587843","2024-06-05T00:22:58.509Z","ask"
"9.31","2000","2024-06-05T00:22:58.509Z","ask"
"9.33","22163.53669645","2024-06-05T00:22:58.509Z","ask"
"9.35","120.47","2024-06-05T00:22:58.509Z","ask"
"9.38","30.72","2024-06-05T00:22:58.509Z","ask"
"9.4","100","2024-06-05T00:22:58.509Z","ask"
"9.42","350","2024-06-05T00:22:58.509Z","ask"
"9.45","100","2024-06-05T00:22:58.509Z","ask"
"9.4511","400","2024-06-05T00:22:58.509Z","ask"
"9.48","418.38","2024-06-05T00:22:58.509Z","ask"
"9.49","50","2024-06-05T00:22:58.509Z","ask"
"9.5","70705.8789078","2024-06-05T00:22:58.509Z","ask"
"9.5067","4234.86103231","2024-06-05T00:22:58.509Z","ask"
"9.55","79.48229476","2024-06-05T00:22:58.509Z","ask"
"9.56","480.14","2024-06-05T00:22:58.509Z","ask"
"9.62","14365.940118","2024-06-05T00:22:58.509Z","ask"
"9.63","3614.55","2024-06-05T00:22:58.509Z","ask"
"9.688","788.67","2024-06-05T00:22:58.509Z","ask"
"9.69","250","2024-06-05T00:22:58.509Z","ask"
"9.7","2683.23","2024-06-05T00:22:58.509Z","ask"
"9.7237","457.38933509","2024-06-05T00:22:58.509Z","ask"
"9.75","1511.838616","2024-06-05T00:22:58.509Z","ask"
"9.8","23421.03112188","2024-06-05T00:22:58.509Z","ask"
"9.89","500","2024-06-05T00:22:58.509Z","ask"
"9.894","365.47","2024-06-05T00:22:58.509Z","ask"
"9.9","42300.74238874","2024-06-05T00:22:58.509Z","ask"
"9.91","2523","2024-06-05T00:22:58.509Z","ask"
"9.95","199.684732","2024-06-05T00:22:58.509Z","ask"
"9.96","8.534136","2024-06-05T00:22:58.509Z","ask"
"9.97","24044.72","2024-06-05T00:22:58.509Z","ask"
"9.98","2183.5284435","2024-06-05T00:22:58.509Z","ask"
"9.99","2556.46758256","2024-06-05T00:22:58.509Z","ask"
"10","419821.99338334","2024-06-05T00:22:58.509Z","ask"
"10.08","12439.104053","2024-06-05T00:22:58.509Z","ask"
"10.13","1000","2024-06-05T00:22:58.509Z","ask"
"10.18","1098.5","2024-06-05T00:22:58.509Z","ask"
"10.35","29.23","2024-06-05T00:22:58.509Z","ask"
"10.3562","4645.178247","2024-06-05T00:22:58.509Z","ask"
"10.3707","708.02","2024-06-05T00:22:58.509Z","ask"
"10.5","22870.901053","2024-06-05T00:22:58.509Z","ask"
"10.58","5100","2024-06-05T00:22:58.509Z","ask"
"10.68","2236.165464","2024-06-05T00:22:58.509Z","ask"
"10.75","2500","2024-06-05T00:22:58.509Z","ask"
"10.82","3030.21","2024-06-05T00:22:58.509Z","ask"
"10.85","6988.41","2024-06-05T00:22:58.509Z","ask"
"10.9","2000","2024-06-05T00:22:58.509Z","ask"
"10.98","50","2024-06-05T00:22:58.509Z","ask"
"11","10246.08848483","2024-06-05T00:22:58.509Z","ask"
"11.11","1006.53679437","2024-06-05T00:22:58.509Z","ask"
"11.25","30.72","2024-06-05T00:22:58.509Z","ask"
"11.35","337.7829963","2024-06-05T00:22:58.509Z","ask"
"11.37","8927.2","2024-06-05T00:22:58.509Z","ask"
"11.43","200","2024-06-05T00:22:58.509Z","ask"
"11.48","500","2024-06-05T00:22:58.509Z","ask"
"11.5","520.7","2024-06-05T00:22:58.509Z","ask"
"11.51","5.08","2024-06-05T00:22:58.509Z","ask"
"11.52","2000","2024-06-05T00:22:58.509Z","ask"
"11.64","162.03","2024-06-05T00:22:58.509Z","ask"
"11.784","778.63","2024-06-05T00:22:58.509Z","ask"
"11.85","1065.32642629","2024-06-05T00:22:58.509Z","ask"
"11.88","500.006488","2024-06-05T00:22:58.509Z","ask"
"11.9","30.99575121","2024-06-05T00:22:58.509Z","ask"
"11.98","2000","2024-06-05T00:22:58.509Z","ask"
"11.99","2924","2024-06-05T00:22:58.509Z","ask"
"12","95355.604027","2024-06-05T00:22:58.509Z","ask"
"12.18","22029.09013931","2024-06-05T00:22:58.509Z","ask"
"12.2","256.5","2024-06-05T00:22:58.509Z","ask"
"12.25","351.309836","2024-06-05T00:22:58.509Z","ask"
"12.34","199.71","2024-06-05T00:22:58.509Z","ask"
"12.4","626.574757","2024-06-05T00:22:58.509Z","ask"
"12.42","2377.07946017","2024-06-05T00:22:58.509Z","ask"
"12.45","100","2024-06-05T00:22:58.509Z","ask"
"12.46","894.4661845","2024-06-05T00:22:58.509Z","ask"
"12.48","90.96","2024-06-05T00:22:58.509Z","ask"
"12.5","727.997454","2024-06-05T00:22:58.509Z","ask"
"12.95","180","2024-06-05T00:22:58.509Z","ask"
"12.98","50","2024-06-05T00:22:58.509Z","ask"
"13","8616.67","2024-06-05T00:22:58.509Z","ask"
"13.04","11352.61","2024-06-05T00:22:58.509Z","ask"
"13.127","500.82","2024-06-05T00:22:58.509Z","ask"
"13.17","300","2024-06-05T00:22:58.509Z","ask"
"13.3","1500","2024-06-05T00:22:58.509Z","ask"
"13.44","332.79","2024-06-05T00:22:58.509Z","ask"
"13.5","28.04","2024-06-05T00:22:58.509Z","ask"
"13.661","63.019095","2024-06-05T00:22:58.509Z","ask"
"13.77","511.5112","2024-06-05T00:22:58.509Z","ask"
"13.89","100","2024-06-05T00:22:58.509Z","ask"
"14","814.285714","2024-06-05T00:22:58.509Z","ask"
"14.6","300","2024-06-05T00:22:58.509Z","ask"
"14.7","63697.589228","2024-06-05T00:22:58.509Z","ask"
"14.8","354.8469725","2024-06-05T00:22:58.509Z","ask"
"14.89","150","2024-06-05T00:22:58.509Z","ask"
"14.98","50","2024-06-05T00:22:58.509Z","ask"
"14.99","6270","2024-06-05T00:22:58.509Z","ask"
"15","90990.17860052","2024-06-05T00:22:58.509Z","ask"
"15.04","102.5","2024-06-05T00:22:58.509Z","ask"
"15.115","474","2024-06-05T00:22:58.509Z","ask"
"15.27","5074.91092055","2024-06-05T00:22:58.509Z","ask"
"15.5","105","2024-06-05T00:22:58.509Z","ask"
"15.77","1500","2024-06-05T00:22:58.509Z","ask"
"16.2","17.28","2024-06-05T00:22:58.509Z","ask"
"16.25","539.13","2024-06-05T00:22:58.509Z","ask"
"16.27","11722.74268","2024-06-05T00:22:58.509Z","ask"
"16.8","20434.718324","2024-06-05T00:22:58.509Z","ask"
"16.98","50","2024-06-05T00:22:58.509Z","ask"
"17","1530","2024-06-05T00:22:58.509Z","ask"
"17.25","20000","2024-06-05T00:22:58.509Z","ask"
"17.48","100","2024-06-05T00:22:58.509Z","ask"
"17.76","92.96","2024-06-05T00:22:58.509Z","ask"
"17.87","2258.49312584","2024-06-05T00:22:58.509Z","ask"
"18","19560.487701","2024-06-05T00:22:58.509Z","ask"
"18.2352","8258.925476","2024-06-05T00:22:58.509Z","ask"
"18.3","150.06","2024-06-05T00:22:58.509Z","ask"
"18.87","11112.9844609","2024-06-05T00:22:58.509Z","ask"
"18.88","249.3","2024-06-05T00:22:58.509Z","ask"
"18.89","100","2024-06-05T00:22:58.509Z","ask"
"18.98","50","2024-06-05T00:22:58.509Z","ask"
"19","1709.00180925","2024-06-05T00:22:58.509Z","ask"
"19.12","1371.75510536","2024-06-05T00:22:58.509Z","ask"
"19.48","100","2024-06-05T00:22:58.509Z","ask"
"19.5","25614.47","2024-06-05T00:22:58.509Z","ask"
"19.88","6428.18","2024-06-05T00:22:58.509Z","ask"
"19.99","7001.92068692","2024-06-05T00:22:58.509Z","ask"
"20","53055.73298891","2024-06-05T00:22:58.509Z","ask"
"20.9","5.31","2024-06-05T00:22:58.509Z","ask"
"20.98","50","2024-06-05T00:22:58.509Z","ask"
"21","30","2024-06-05T00:22:58.509Z","ask"
"22","78.014609","2024-06-05T00:22:58.509Z","ask"
"22.22","1527.07","2024-06-05T00:22:58.509Z","ask"
"22.48","30","2024-06-05T00:22:58.509Z","ask"
"22.5","1438.61","2024-06-05T00:22:58.509Z","ask"
"23","1157.73","2024-06-05T00:22:58.509Z","ask"
"23.23","380.25413325","2024-06-05T00:22:58.509Z","ask"
"23.89","30","2024-06-05T00:22:58.509Z","ask"
"23.99","681.31113073","2024-06-05T00:22:58.509Z","ask"
"24","6292.159014","2024-06-05T00:22:58.509Z","ask"
"24.89","50","2024-06-05T00:22:58.509Z","ask"
"25","208637.12419287","2024-06-05T00:22:58.509Z","ask"
"26","94537.9959","2024-06-05T00:22:58.509Z","ask"
"27","180.87","2024-06-05T00:22:58.509Z","ask"
"27.48","37","2024-06-05T00:22:58.509Z","ask"
"27.6","100.2","2024-06-05T00:22:58.509Z","ask"
"28","2083.24","2024-06-05T00:22:58.509Z","ask"
"28.89","35","2024-06-05T00:22:58.509Z","ask"
"29","4634.344304","2024-06-05T00:22:58.509Z","ask"
"29.48","50","2024-06-05T00:22:58.509Z","ask"
"29.98","25.01","2024-06-05T00:22:58.509Z","ask"
"29.99","26303.31","2024-06-05T00:22:58.509Z","ask"
"30","19293.800603","2024-06-05T00:22:58.509Z","ask"
"31","1025","2024-06-05T00:22:58.509Z","ask"
"32","27.5","2024-06-05T00:22:58.509Z","ask"
"32.48","20","2024-06-05T00:22:58.509Z","ask"
"33","125","2024-06-05T00:22:58.509Z","ask"
"33.451","300","2024-06-05T00:22:58.509Z","ask"
"33.89","20","2024-06-05T00:22:58.509Z","ask"
"34","5","2024-06-05T00:22:58.509Z","ask"
"34.1","3.58","2024-06-05T00:22:58.509Z","ask"
"34.89","32","2024-06-05T00:22:58.509Z","ask"
"35","2632.0928864","2024-06-05T00:22:58.509Z","ask"
"35.53","46.48","2024-06-05T00:22:58.509Z","ask"
"36","125349.782141","2024-06-05T00:22:58.509Z","ask"
"37","5","2024-06-05T00:22:58.509Z","ask"
"37.48","20","2024-06-05T00:22:58.509Z","ask"
"38","311.89562659","2024-06-05T00:22:58.509Z","ask"
"38.89","20","2024-06-05T00:22:58.509Z","ask"
"39.48","30","2024-06-05T00:22:58.509Z","ask"
"40","1451.435656","2024-06-05T00:22:58.509Z","ask"
"41","288","2024-06-05T00:22:58.509Z","ask"
"41.31","446.49","2024-06-05T00:22:58.509Z","ask"
"42.48","14","2024-06-05T00:22:58.509Z","ask"
"43","5","2024-06-05T00:22:58.509Z","ask"
"43.23","350.575511","2024-06-05T00:22:58.509Z","ask"
"43.89","14","2024-06-05T00:22:58.509Z","ask"
"44","2","2024-06-05T00:22:58.509Z","ask"
"44.89","20","2024-06-05T00:22:58.509Z","ask"
"45","3296.012813","2024-06-05T00:22:58.509Z","ask"
"45.12","2.09735","2024-06-05T00:22:58.509Z","ask"
"45.5","93.248798","2024-06-05T00:22:58.509Z","ask"
"46","50","2024-06-05T00:22:58.509Z","ask"
"47","305","2024-06-05T00:22:58.509Z","ask"
"47.48","15","2024-06-05T00:22:58.509Z","ask"
"47.99","10.42","2024-06-05T00:22:58.509Z","ask"
"48.78","0.0095685","2024-06-05T00:22:58.509Z","ask"
"48.89","15","2024-06-05T00:22:58.509Z","ask"
"49","237.07163325","2024-06-05T00:22:58.509Z","ask"
"49.23","1259.75625","2024-06-05T00:22:58.509Z","ask"
"49.48","22","2024-06-05T00:22:58.509Z","ask"
"49.5","1688.844212","2024-06-05T00:22:58.509Z","ask"
"49.72","0.00000825","2024-06-05T00:22:58.509Z","ask"
"49.99","294.7221648","2024-06-05T00:22:58.509Z","ask"
"49.999","7071.77","2024-06-05T00:22:58.509Z","ask"
"50","59075.50603108","2024-06-05T00:22:58.509Z","ask"
"50.38","106.91","2024-06-05T00:22:58.509Z","ask"
"50.457","100","2024-06-05T00:22:58.509Z","ask"
"51.1","3.5","2024-06-05T00:22:58.509Z","ask"
"54","183.51","2024-06-05T00:22:58.509Z","ask"
"54.08","18","2024-06-05T00:22:58.509Z","ask"
"55","124.43","2024-06-05T00:22:58.509Z","ask"
"56","537.103788","2024-06-05T00:22:58.509Z","ask"
"57","35.08","2024-06-05T00:22:58.509Z","ask"
"58","172.41","2024-06-05T00:22:58.509Z","ask"
"60","65","2024-06-05T00:22:58.509Z","ask"
"64.4511","300","2024-06-05T00:22:58.509Z","ask"
"65","15","2024-06-05T00:22:58.509Z","ask"
"66.4","11.235843","2024-06-05T00:22:58.509Z","ask"
"67.2141","5000","2024-06-05T00:22:58.509Z","ask"
"69","152.196096","2024-06-05T00:22:58.509Z","ask"
"69.75","2500","2024-06-05T00:22:58.509Z","ask"
"70","1255","2024-06-05T00:22:58.509Z","ask"
"71.07","23.24","2024-06-05T00:22:58.509Z","ask"
"75","507.77","2024-06-05T00:22:58.509Z","ask"
"77","1981.89638779","2024-06-05T00:22:58.509Z","ask"
"78","6.410256","2024-06-05T00:22:58.509Z","ask"
"80","20.641728","2024-06-05T00:22:58.509Z","ask"
"81","3.37956","2024-06-05T00:22:58.509Z","ask"
"85","15","2024-06-05T00:22:58.509Z","ask"
"88","389.560077","2024-06-05T00:22:58.509Z","ask"
"90","1005","2024-06-05T00:22:58.509Z","ask"
"94.4511","300","2024-06-05T00:22:58.509Z","ask"
"95","27.44396745","2024-06-05T00:22:58.509Z","ask"
"98","100","2024-06-05T00:22:58.509Z","ask"
"99","36733.376558","2024-06-05T00:22:58.509Z","ask"
"99.11","597.63837873","2024-06-05T00:22:58.509Z","ask"
"100","31267.446952","2024-06-05T00:22:58.509Z","ask"
"104.62","0.5798289","2024-06-05T00:22:58.509Z","ask"
"110","1174.4","2024-06-05T00:22:58.509Z","ask"
"111","12017.491861","2024-06-05T00:22:58.509Z","ask"
"120","962.34","2024-06-05T00:22:58.509Z","ask"
"125","15","2024-06-05T00:22:58.509Z","ask"
"127.77","300","2024-06-05T00:22:58.509Z","ask"
"128","50","2024-06-05T00:22:58.509Z","ask"
"142","396.431342","2024-06-05T00:22:58.509Z","ask"
"142.15","11.62","2024-06-05T00:22:58.509Z","ask"
"150","10514.456666","2024-06-05T00:22:58.509Z","ask"
"157","39532.9","2024-06-05T00:22:58.509Z","ask"
"164","32","2024-06-05T00:22:58.509Z","ask"
"165","15","2024-06-05T00:22:58.509Z","ask"
"190","15","2024-06-05T00:22:58.509Z","ask"
"200","8473.505175","2024-06-05T00:22:58.509Z","ask"
"215","15","2024-06-05T00:22:58.509Z","ask"
"220","50","2024-06-05T00:22:58.509Z","ask"
"223","34.130085","2024-06-05T00:22:58.509Z","ask"
"225","231.13","2024-06-05T00:22:58.509Z","ask"
"229.86","229.861103","2024-06-05T00:22:58.509Z","ask"
"235","15","2024-06-05T00:22:58.509Z","ask"
"244","3.99","2024-06-05T00:22:58.509Z","ask"
"250","10863.39059199","2024-06-05T00:22:58.509Z","ask"
"273","15","2024-06-05T00:22:58.509Z","ask"
"277.99","300","2024-06-05T00:22:58.509Z","ask"
"285","10.18683","2024-06-05T00:22:58.509Z","ask"
"300","45.63","2024-06-05T00:22:58.509Z","ask"
"310","704.89","2024-06-05T00:22:58.509Z","ask"
"322","1000","2024-06-05T00:22:58.509Z","ask"
"323.47","190.92","2024-06-05T00:22:58.509Z","ask"
"333.451","133","2024-06-05T00:22:58.509Z","ask"
"344.1","3.55","2024-06-05T00:22:58.509Z","ask"
"350","50","2024-06-05T00:22:58.509Z","ask"
"380","584.340115","2024-06-05T00:22:58.509Z","ask"
