"price","volume","time","side","orderType"
"0.499968","7.13035400","2024-05-21T19:17:58.236Z","b","l"
"0.499868","599.97850000","2024-05-21T19:18:21.264Z","s","l"
"0.499574","600.15850000","2024-05-21T19:19:14.489Z","s","l"
"0.499500","100.00000000","2024-05-21T19:19:38.026Z","s","l"
"0.499500","600.51200000","2024-05-21T19:19:38.026Z","s","l"
"0.499116","110.00000000","2024-05-21T19:19:43.173Z","s","m"
"0.499557","36.89891848","2024-05-21T19:22:26.570Z","b","l"
"0.499557","125.16548352","2024-05-21T19:22:26.570Z","b","l"
"0.499556","296.85564358","2024-05-21T19:22:49.151Z","s","m"
"0.499556","175.51305782","2024-05-21T19:22:49.151Z","s","m"
"0.499679","2500.00000000","2024-05-21T19:22:59.149Z","s","m"
"0.499763","20.00848359","2024-05-21T19:23:42.593Z","b","l"
"0.499713","1500.00000000","2024-05-21T19:23:46.110Z","s","m"
"0.499801","85.86000000","2024-05-21T19:24:35.848Z","b","m"
"0.499519","600.34500000","2024-05-21T19:25:08.057Z","s","l"
"0.499115","484.68532252","2024-05-21T19:25:36.693Z","s","l"
"0.499115","512.18051224","2024-05-21T19:25:36.693Z","s","l"
"0.499115","88.39748776","2024-05-21T19:25:42.997Z","s","l"
"0.499000","60.12024048","2024-05-21T19:25:46.881Z","s","l"
"0.499000","601.06400000","2024-05-21T19:25:46.881Z","s","l"
"0.498731","41.48595439","2024-05-21T19:26:35.902Z","s","l"
"0.498731","601.20250000","2024-05-21T19:26:35.902Z","s","l"
"0.498454","71.96434769","2024-05-21T19:26:58.939Z","s","l"
"0.498454","601.52700000","2024-05-21T19:26:58.939Z","s","l"
"0.498251","664.55179417","2024-05-21T19:27:02.717Z","s","l"
"0.498000","60.24096386","2024-05-21T19:27:12.711Z","s","l"
"0.498000","602.10650000","2024-05-21T19:27:12.711Z","s","l"
"0.497070","169.71456658","2024-05-21T19:27:19.417Z","s","m"
"0.497070","316.96480402","2024-05-21T19:27:22.241Z","s","l"
"0.497000","60.36217304","2024-05-21T19:27:29.923Z","s","l"
"0.496654","603.53700000","2024-05-21T19:27:42.108Z","s","l"
"0.496644","25.44015548","2024-05-21T19:27:42.108Z","s","l"
"0.496569","173.27047820","2024-05-21T19:27:42.867Z","s","l"
"0.496433","604.14600000","2024-05-21T19:28:05.621Z","s","l"
"0.496033","72.31558578","2024-05-21T19:28:34.116Z","s","l"
"0.496033","604.31150000","2024-05-21T19:28:34.116Z","s","l"
"0.496000","60.48387097","2024-05-21T19:28:35.377Z","s","l"
"0.495771","15.77428756","2024-05-21T19:28:36.870Z","b","l"
"0.495770","130.48497193","2024-05-21T19:28:48.098Z","s","l"
"0.495770","604.83900000","2024-05-21T19:28:48.098Z","s","l"
"0.495742","73.02164859","2024-05-21T19:28:48.299Z","s","l"
"0.495589","304.83597090","2024-05-21T19:28:48.627Z","s","l"
"0.495566","41.75091011","2024-05-21T19:28:48.627Z","s","l"
"0.495341","64.01658596","2024-05-21T19:28:52.073Z","s","m"
"0.495283","28.61482385","2024-05-21T19:28:52.073Z","s","m"
"0.495206","114.33694857","2024-05-21T19:28:52.073Z","s","m"
"0.495631","605.80850000","2024-05-21T19:29:22.137Z","s","l"
"0.495202","152.50996591","2024-05-21T19:29:27.375Z","s","l"
"0.495202","230.32066074","2024-05-21T19:29:27.375Z","s","l"
"0.495505","25.19463909","2024-05-21T19:29:56.405Z","b","l"
"0.496221","23.08990216","2024-05-21T19:30:08.437Z","b","l"
"0.496480","1896.91356500","2024-05-21T19:30:10.496Z","b","l"
"0.495717","2.00734300","2024-05-21T19:30:23.040Z","b","l"
"0.495695","374.96883926","2024-05-21T19:30:42.076Z","s","l"
"0.495695","20.00000000","2024-05-21T19:30:42.076Z","s","l"
"0.495500","605.81583198","2024-05-21T19:30:47.902Z","s","l"
"0.495500","605.21100000","2024-05-21T19:30:47.902Z","s","l"
"0.495033","488.68199645","2024-05-21T19:30:56.345Z","s","l"
"0.495000","100.00000000","2024-05-21T19:30:56.345Z","s","l"
"0.495000","60.60606061","2024-05-21T19:30:56.345Z","s","l"
"0.494810","605.44950000","2024-05-21T19:31:03.159Z","s","l"
"0.494748","30.80882494","2024-05-21T19:31:03.501Z","s","l"
"0.494567","28.15766951","2024-05-21T19:31:04.116Z","s","l"
"0.494567","7752.38443220","2024-05-21T19:31:04.116Z","s","l"
"0.494545","148.95084715","2024-05-21T19:31:04.326Z","s","l"
"0.494524","134.13626609","2024-05-21T19:31:04.326Z","s","l"
"0.494396","68.61107903","2024-05-21T19:31:04.501Z","s","l"
"0.494252","58.55328729","2024-05-21T19:31:05.016Z","b","m"
"0.494251","3030.32013339","2024-05-21T19:31:05.285Z","s","l"
"0.494250","66.33890303","2024-05-21T19:31:05.285Z","s","l"
"0.494243","60.69888699","2024-05-21T19:31:05.285Z","s","l"
"0.494177","25.81965505","2024-05-21T19:31:05.295Z","s","l"
"0.494000","60.72874494","2024-05-21T19:31:05.459Z","s","m"
"0.493682","56.54451213","2024-05-21T19:31:05.459Z","s","m"
"0.493683","3031.11174098","2024-05-21T19:31:07.887Z","s","m"
"0.493682","13.64803894","2024-05-21T19:31:07.887Z","s","m"
"0.493682","606.80150000","2024-05-21T19:31:07.887Z","s","m"
"0.493624","72.66850267","2024-05-21T19:31:07.887Z","s","m"
"0.493575","187.04790131","2024-05-21T19:31:07.887Z","s","m"
"0.493485","136.86413981","2024-05-21T19:31:07.887Z","s","m"
"0.493447","64.04943186","2024-05-21T19:31:07.887Z","s","m"
"0.493354","44.48061138","2024-05-21T19:31:07.887Z","s","m"
"0.493351","77.63128269","2024-05-21T19:31:07.887Z","s","m"
"0.493302","671.21883957","2024-05-21T19:31:07.887Z","s","m"
"0.493211","25.00000000","2024-05-21T19:31:07.887Z","s","m"
"0.493210","16245.52000000","2024-05-21T19:31:07.887Z","s","m"
"0.493200","1089.46407209","2024-05-21T19:31:07.887Z","s","m"
"0.493168","5258.72791048","2024-05-21T19:31:07.887Z","s","m"
"0.493418","38.15471358","2024-05-21T19:31:18.922Z","s","m"
"0.493640","70.00000000","2024-05-21T19:31:27.742Z","s","m"
"0.494467","608.31200000","2024-05-21T19:32:07.704Z","s","m"
"0.494050","702.64422262","2024-05-21T19:32:07.704Z","s","m"
"0.494365","5056.98785040","2024-05-21T19:32:15.096Z","s","m"
"0.494187","33.79805661","2024-05-21T19:32:15.096Z","s","m"
"0.494162","1900.00000000","2024-05-21T19:32:15.096Z","s","m"
"0.494140","10118.57308206","2024-05-21T19:32:15.096Z","s","m"
"0.494138","463.72767604","2024-05-21T19:32:15.096Z","s","m"
"0.494101","33.79805661","2024-05-21T19:32:15.096Z","s","m"
"0.494083","136.71750352","2024-05-21T19:32:15.096Z","s","m"
"0.494079","33.79805661","2024-05-21T19:32:15.096Z","s","m"
"0.494007","9964.00000000","2024-05-21T19:32:15.096Z","s","m"
"0.494006","8317.90407842","2024-05-21T19:32:15.096Z","s","m"
"0.494001","33.79805661","2024-05-21T19:32:15.096Z","s","m"
"0.493999","136.72995331","2024-05-21T19:32:15.096Z","s","m"
"0.493971","2100.00000000","2024-05-21T19:32:15.096Z","s","m"
"0.493941","10122.65048726","2024-05-21T19:32:15.096Z","s","m"
"0.493931","2877.40000000","2024-05-21T19:32:15.096Z","s","m"
"0.493900","681.35000000","2024-05-21T19:32:15.096Z","s","m"
"0.493857","10000.00000000","2024-05-21T19:32:15.096Z","s","m"
"0.493853","9940.00000000","2024-05-21T19:32:15.096Z","s","m"
"0.493851","5876.59157689","2024-05-21T19:32:15.096Z","s","m"
"0.493730","2621.85000000","2024-05-21T19:32:15.096Z","s","m"
"0.493700","2.50553618","2024-05-21T19:32:15.096Z","s","m"
"0.494887","30.33367038","2024-05-21T19:33:24.316Z","b","m"
"0.494126","607.22600000","2024-05-21T19:34:09.154Z","s","l"
"0.493120","174.48237364","2024-05-21T19:34:17.393Z","s","l"
"0.493095","31.50392215","2024-05-21T19:34:44.532Z","s","m"
"0.493090","202.80273378","2024-05-21T19:34:44.532Z","s","m"
"0.493088","607.13300000","2024-05-21T19:34:44.532Z","s","m"
"0.493031","150.75824234","2024-05-21T19:34:44.532Z","s","m"
"0.493005","490.69221357","2024-05-21T19:34:44.532Z","s","m"
"0.493000","60.85192698","2024-05-21T19:34:44.532Z","s","m"
"0.492959","150.78101986","2024-05-21T19:34:44.532Z","s","m"
"0.492955","10142.90176946","2024-05-21T19:34:44.532Z","s","m"
"0.492939","44.63026866","2024-05-21T19:34:44.532Z","s","m"
"0.492884","463.72767604","2024-05-21T19:34:44.532Z","s","m"
"0.492872","33.79805661","2024-05-21T19:34:44.532Z","s","m"
"0.492862","33.79805661","2024-05-21T19:34:44.532Z","s","m"
"0.492853","7466.94158470","2024-05-21T19:34:44.532Z","s","m"
"0.493120","12.04568353","2024-05-21T19:34:47.459Z","s","l"
"0.493120","204.02879370","2024-05-21T19:34:47.511Z","s","l"
"0.493120","151.77714450","2024-05-21T19:34:47.590Z","s","l"
"0.493545","202.62438393","2024-05-21T19:35:04.231Z","b","l"
"0.493743","506.38792339","2024-05-21T19:35:04.231Z","b","l"
"0.493744","367.95061032","2024-05-21T19:35:04.231Z","b","l"
"0.493755","402.75155536","2024-05-21T19:35:04.231Z","b","l"
"0.493640","202.57267295","2024-05-21T19:35:07.158Z","b","l"
"0.495697","10.97675675","2024-05-21T19:35:35.787Z","b","l"
"0.495697","121.61820000","2024-05-21T19:35:35.787Z","b","l"
"0.495770","28.67918600","2024-05-21T19:35:41.444Z","b","m"
"0.495769","33.79805661","2024-05-21T19:35:42.228Z","s","m"
"0.495769","33.79805661","2024-05-21T19:35:42.228Z","s","m"
"0.495769","5042.67108270","2024-05-21T19:35:42.228Z","s","m"
"0.495769","10085.34216540","2024-05-21T19:35:42.228Z","s","m"
"0.495769","1900.00000000","2024-05-21T19:35:42.228Z","s","m"
"0.495769","10085.34216540","2024-05-21T19:35:42.228Z","s","m"
"0.495769","33.79805661","2024-05-21T19:35:42.228Z","s","m"
"0.495769","608.37150000","2024-05-21T19:35:42.228Z","s","m"
"0.495769","463.72767604","2024-05-21T19:35:42.228Z","s","m"
"0.495750","2100.00000000","2024-05-21T19:35:42.228Z","s","m"
"0.495747","1134.40000000","2024-05-21T19:35:42.228Z","s","m"
"0.495607","5876.59157689","2024-05-21T19:35:42.228Z","s","m"
"0.495562","193.27127405","2024-05-21T19:35:42.228Z","s","m"
"0.495513","111.08829555","2024-05-21T19:35:42.228Z","s","m"
"0.495509","806.81441513","2024-05-21T19:35:42.228Z","s","m"
"0.495498","9964.00000000","2024-05-21T19:35:42.228Z","s","m"
"0.495497","2303.40000000","2024-05-21T19:35:42.228Z","s","m"
"0.495475","10091.32508956","2024-05-21T19:35:42.228Z","s","m"
"0.495461","40488.66661264","2024-05-21T19:35:42.228Z","s","m"
"0.495770","21.68000000","2024-05-21T19:35:52.140Z","b","m"
"0.495770","100.85321822","2024-05-21T19:36:06.559Z","b","l"
"0.495770","495.79060653","2024-05-21T19:36:25.509Z","b","m"
"0.495769","605.49700000","2024-05-21T19:37:50.781Z","s","l"
"0.495769","292.47492279","2024-05-21T19:37:50.781Z","s","l"
"0.495513","33.79805661","2024-05-21T19:38:13.747Z","s","l"
"0.495513","33.79805661","2024-05-21T19:38:13.747Z","s","l"
"0.495511","33.79805661","2024-05-21T19:38:13.747Z","s","l"
"0.495511","33.79805661","2024-05-21T19:38:13.747Z","s","l"
"0.495511","33.79805661","2024-05-21T19:38:13.747Z","s","l"
"0.495456","26.02851895","2024-05-21T19:38:13.747Z","s","l"
"0.495456","579.09248105","2024-05-21T19:38:26.660Z","s","l"
"0.495289","47.36441800","2024-05-21T19:38:56.941Z","b","l"
"0.495245","159.26000000","2024-05-21T19:39:03.395Z","s","m"
"0.495247","246.03751000","2024-05-21T19:39:45.965Z","s","l"
"0.494948","33.79805661","2024-05-21T19:39:49.411Z","s","l"
"0.494948","33.79805661","2024-05-21T19:39:49.411Z","s","l"
"0.494948","33.79805661","2024-05-21T19:39:49.411Z","s","l"
"0.494947","5876.59157689","2024-05-21T19:39:49.411Z","s","l"
"0.494946","171.08765828","2024-05-21T19:39:49.411Z","s","l"
"0.494879","200.20549000","2024-05-21T19:40:06.570Z","s","l"
"0.494696","626.40819816","2024-05-21T19:40:07.800Z","s","l"
"0.494866","33.79805661","2024-05-21T19:40:29.780Z","s","m"
"0.494864","33.79805661","2024-05-21T19:40:29.780Z","s","m"
"0.494864","33.79805661","2024-05-21T19:40:29.780Z","s","m"
"0.494707","2105.48187334","2024-05-21T19:40:29.780Z","s","m"
"0.494608","33.79805661","2024-05-21T19:41:04.695Z","s","l"
"0.494607","7.24508339","2024-05-21T19:41:04.695Z","s","l"
"0.494354","33.79805661","2024-05-21T19:41:39.811Z","s","m"
"0.494354","23.32499079","2024-05-21T19:41:39.811Z","s","m"
"0.494135","200.00000000","2024-05-21T19:43:26.658Z","s","m"
"0.494228","49.54467525","2024-05-21T19:43:57.034Z","b","l"
"0.494355","15.09352581","2024-05-21T19:43:57.034Z","b","l"
"0.494379","15.12587197","2024-05-21T19:43:57.034Z","b","l"
"0.494398","37.32820155","2024-05-21T19:43:57.034Z","b","l"
"0.494400","23.30967295","2024-05-21T19:43:57.034Z","b","l"
"0.494479","58.88427547","2024-05-21T19:43:57.034Z","b","l"
"0.494484","34.00000000","2024-05-21T19:45:23.210Z","b","l"
"0.494484","19.44481045","2024-05-21T19:45:23.211Z","b","l"
"0.494484","14.55518955","2024-05-21T19:45:23.211Z","b","l"
"0.494484","34.00000000","2024-05-21T19:45:23.211Z","b","l"
"0.494484","72.92261045","2024-05-21T19:45:23.215Z","b","l"
"0.494537","77.73888119","2024-05-21T19:45:23.225Z","b","l"
"0.494592","39.27017190","2024-05-21T19:45:23.700Z","b","l"
"0.494681","21.07413687","2024-05-21T19:45:48.313Z","b","l"
"0.494816","15.03726953","2024-05-21T19:45:56.886Z","b","l"
"0.494898","35.29711452","2024-05-21T19:45:59.142Z","b","l"
"0.494988","63.56308359","2024-05-21T19:46:00.206Z","b","l"
"0.495227","58.09767130","2024-05-21T19:46:00.206Z","b","l"
"0.495294","35.17237079","2024-05-21T19:46:27.159Z","b","l"
"0.495309","69.60757483","2024-05-21T19:46:27.159Z","b","l"
"0.495642","245.42305737","2024-05-21T19:46:48.393Z","b","m"
"0.495770","24.21582882","2024-05-21T19:47:01.648Z","b","m"
"0.495792","15.04247295","2024-05-21T19:47:01.648Z","b","m"
"0.495801","53.41311518","2024-05-21T19:47:01.648Z","b","m"
"0.495821","29.10347006","2024-05-21T19:47:01.648Z","b","m"
"0.495884","53.31527948","2024-05-21T19:47:01.648Z","b","m"
"0.495900","41.24463653","2024-05-21T19:47:01.648Z","b","m"
"0.495993","791.81114250","2024-05-21T19:47:01.648Z","b","m"
"0.495750","504.40729422","2024-05-21T19:47:07.816Z","b","m"
"0.495751","171.00546378","2024-05-21T19:47:07.816Z","b","m"
"0.495749","33.79805661","2024-05-21T19:47:27.533Z","s","m"
"0.495691","33.79805661","2024-05-21T19:47:27.533Z","s","m"
"0.495691","32.40388678","2024-05-21T19:47:27.533Z","s","m"
"0.495800","14.81359500","2024-05-21T19:48:04.655Z","s","l"
"0.495800","392.03940500","2024-05-21T19:48:19.123Z","s","l"
"0.495800","793.13010591","2024-05-21T19:48:19.123Z","s","l"
"0.495310","200.00000000","2024-05-21T19:48:25.927Z","s","l"
"0.495310","605.08300000","2024-05-21T19:48:25.927Z","s","l"
"0.495293","100.95034656","2024-05-21T19:48:25.927Z","s","l"
"0.495317","34.00000000","2024-05-21T19:48:52.690Z","b","l"
"0.495317","34.00000000","2024-05-21T19:48:52.691Z","b","l"
"0.495317","34.00000000","2024-05-21T19:48:52.692Z","b","l"
"0.495317","46.32838526","2024-05-21T19:48:52.700Z","b","l"
"0.495791","7.50000000","2024-05-21T19:48:58.757Z","s","m"
"0.495801","34.00000000","2024-05-21T19:49:58.797Z","b","l"
"0.495801","34.00000000","2024-05-21T19:49:58.798Z","b","l"
"0.495801","34.00000000","2024-05-21T19:49:58.798Z","b","l"
"0.495801","7.81580642","2024-05-21T19:50:03.253Z","b","l"
"0.495801","504.23456185","2024-05-21T19:50:03.253Z","b","l"
"0.495801","121.26610000","2024-05-21T19:50:03.253Z","b","l"
"0.495802","11.02151210","2024-05-21T19:50:03.253Z","b","l"
"0.495809","59.38307895","2024-05-21T19:50:03.253Z","b","l"
"0.495812","61.40012281","2024-05-21T19:50:03.253Z","b","l"
"0.495850","10.98855142","2024-05-21T19:50:03.270Z","b","l"
"0.495973","17.02200404","2024-05-21T19:52:13.539Z","b","l"
"0.496004","51.30293508","2024-05-21T19:52:13.539Z","b","l"
"0.496050","299.90000000","2024-05-21T19:52:34.764Z","s","m"
"0.496051","31.15371601","2024-05-21T19:53:00.770Z","b","m"
"0.496059","19.24401734","2024-05-21T19:53:00.770Z","b","m"
"0.496059","50.24740068","2024-05-21T19:54:25.032Z","b","l"
"0.496059","108.64042132","2024-05-21T19:54:25.032Z","b","l"
"0.496059","442.12676971","2024-05-21T19:55:31.765Z","b","l"
"0.496058","605.70250000","2024-05-21T19:55:39.730Z","s","l"
"0.495944","271.13737593","2024-05-21T19:55:39.730Z","s","l"
"0.495878","33.79805661","2024-05-21T19:55:39.730Z","s","l"
"0.495871","33.79805661","2024-05-21T19:55:39.730Z","s","l"
"0.495861","33.79805661","2024-05-21T19:55:39.730Z","s","l"
"0.495831","271.13737593","2024-05-21T19:55:39.730Z","s","l"
"0.495825","1280.62857831","2024-05-21T19:55:39.730Z","s","l"
"0.495909","605.05250000","2024-05-21T19:57:36.665Z","s","l"
"0.495908","33.62451640","2024-05-21T19:57:36.665Z","s","l"
"0.495717","718.73017318","2024-05-21T19:58:33.840Z","b","m"
"0.495716","604.95100000","2024-05-21T19:59:15.914Z","s","l"
"0.495290","513.00000000","2024-05-21T20:00:03.007Z","s","l"
"0.495290","92.18550000","2024-05-21T20:00:09.326Z","s","l"
"0.495706","10.00000000","2024-05-21T20:01:11.828Z","s","l"
"0.495715","605.70600000","2024-05-21T20:01:40.762Z","s","l"
"0.495715","33.79805661","2024-05-21T20:01:40.762Z","s","l"
"0.495715","874.70937039","2024-05-21T20:01:40.762Z","s","l"
"0.495716","3126.26104248","2024-05-21T20:01:49.289Z","b","l"
"0.495910","55.36523012","2024-05-21T20:03:10.158Z","b","m"
"0.495996","14.57896553","2024-05-21T20:03:10.158Z","b","m"
"0.495935","437.26350000","2024-05-21T20:03:28.989Z","b","m"
"0.495936","263.96702052","2024-05-21T20:03:28.989Z","b","m"
"0.496170","31.14382252","2024-05-21T20:04:04.422Z","b","l"
"0.496251","34.00000000","2024-05-21T20:04:06.086Z","b","l"
"0.496251","29.39426335","2024-05-21T20:04:06.271Z","b","l"
"0.496364","34.00000000","2024-05-21T20:04:06.850Z","b","l"
"0.496364","5.25818407","2024-05-21T20:04:06.856Z","b","l"
"0.496465","71.46757927","2024-05-21T20:04:06.930Z","b","l"
"0.496532","19.84205800","2024-05-21T20:04:40.038Z","b","l"
"0.496531","605.18650000","2024-05-21T20:04:56.289Z","s","l"
"0.496432","426.61275800","2024-05-21T20:04:56.289Z","s","l"
"0.496532","273.07654632","2024-05-21T20:05:27.498Z","b","l"
"0.496532","149.73761459","2024-05-21T20:05:27.498Z","b","l"
"0.496535","10.14015509","2024-05-21T20:05:27.498Z","b","l"
"0.496559","61.40110633","2024-05-21T20:06:13.735Z","b","l"
"0.496573","39.17017361","2024-05-21T20:06:16.741Z","b","l"
"0.496593","153.98641102","2024-05-21T20:06:16.741Z","b","l"
"0.496603","490.49593767","2024-05-21T20:06:16.741Z","b","l"
"0.496630","220.41286372","2024-05-21T20:06:16.754Z","b","l"
"0.496657","29.09435053","2024-05-21T20:06:16.754Z","b","l"
"0.496751","39.15961470","2024-05-21T20:06:20.777Z","b","l"
"0.497325","39.11443585","2024-05-21T20:06:24.989Z","b","l"
"0.497331","77.35678257","2024-05-21T20:06:25.394Z","b","l"
"0.497438","151.72243035","2024-05-21T20:06:26.715Z","b","l"
"0.497484","604.31250000","2024-05-21T20:06:51.051Z","s","l"
"0.497486","19.08734451","2024-05-21T20:07:24.987Z","b","m"
"0.497349","243.42442483","2024-05-21T20:08:04.559Z","s","m"
"0.497350","359.61007517","2024-05-21T20:08:35.342Z","s","l"
"0.497349","2041.69396138","2024-05-21T20:08:35.342Z","s","l"
"0.497092","20.00000000","2024-05-21T20:09:34.968Z","b","m"
"0.497092","50.29250119","2024-05-21T20:09:55.206Z","b","m"
"0.497092","5.01373987","2024-05-21T20:10:20.883Z","b","m"
"0.497200","20.66612099","2024-05-21T20:10:20.883Z","b","m"
"0.497091","603.19850000","2024-05-21T20:10:43.735Z","s","l"
"0.496688","245.42765265","2024-05-21T20:10:43.735Z","s","l"
"0.496577","145.62541035","2024-05-21T20:10:43.735Z","s","l"
"0.496863","61.36171138","2024-05-21T20:11:34.500Z","b","l"
"0.497351","63.25487583","2024-05-21T20:11:53.321Z","b","m"
"0.497352","20.95222335","2024-05-21T20:11:53.321Z","b","m"
"0.497443","59.18251713","2024-05-21T20:11:53.321Z","b","m"
"0.497451","181.96041117","2024-05-21T20:11:53.321Z","b","m"
"0.497468","445.91647503","2024-05-21T20:11:53.321Z","b","m"
"0.497440","1.98058400","2024-05-21T20:13:02.036Z","b","l"
"0.497486","41.76458247","2024-05-21T20:13:22.569Z","b","m"
"0.497512","11.02658772","2024-05-21T20:13:22.569Z","b","m"
"0.497593","77.35100114","2024-05-21T20:13:22.569Z","b","m"
"0.497600","72.52316532","2024-05-21T20:13:22.569Z","b","m"
"0.497600","48.02444198","2024-05-21T20:13:22.569Z","b","m"
"0.497601","39.10769647","2024-05-21T20:13:22.569Z","b","m"
"0.497650","19.06814914","2024-05-21T20:13:22.569Z","b","m"
"0.497690","2202.80444855","2024-05-21T20:13:22.569Z","b","m"
"0.497257","67.29651420","2024-05-21T20:15:51.798Z","b","l"
"0.497375","79.31808290","2024-05-21T20:15:53.435Z","b","l"
"0.497621","1115.27293200","2024-05-21T20:16:14.200Z","s","l"
"0.497622","25.08924979","2024-05-21T20:16:17.980Z","b","l"
"0.497776","37.02008743","2024-05-21T20:16:19.145Z","b","l"
"0.497786","67.20186849","2024-05-21T20:16:19.145Z","b","l"
"0.497791","41.13769650","2024-05-21T20:16:19.145Z","b","l"
"0.497813","21.48910044","2024-05-21T20:16:19.405Z","b","m"
"0.497813","7.09053200","2024-05-21T20:16:36.824Z","b","l"
"0.497813","20.51709603","2024-05-21T20:17:18.535Z","b","l"
"0.497844","59.18652548","2024-05-21T20:17:18.539Z","b","l"
"0.497979","32.92863168","2024-05-21T20:17:23.132Z","b","l"
"0.497979","6.16216018","2024-05-21T20:17:23.134Z","b","l"
"0.498149","57.09403409","2024-05-21T20:17:25.165Z","b","l"
"0.498149","74.92485186","2024-05-21T20:17:25.166Z","b","l"
"0.498149","42.11452324","2024-05-21T20:18:28.934Z","b","m"
"0.498149","100.95034656","2024-05-21T20:18:28.934Z","b","m"
"0.498149","244.90689021","2024-05-21T20:18:28.934Z","b","m"
"0.498203","112.02823999","2024-05-21T20:18:28.934Z","b","m"
"0.498056","65.15613942","2024-05-21T20:19:21.954Z","b","l"
"0.498251","19.77360200","2024-05-21T20:19:34.031Z","b","l"
"0.498250","33.79805661","2024-05-21T20:20:17.495Z","s","l"
"0.498250","33.79805661","2024-05-21T20:20:17.495Z","s","l"
"0.498250","2.25318978","2024-05-21T20:20:17.495Z","s","l"
"0.498053","75.26212285","2024-05-21T20:21:12.687Z","b","l"
"0.498251","93.50469500","2024-05-21T20:22:13.325Z","b","l"
"0.498166","33.79805661","2024-05-21T20:23:38.861Z","s","l"
"0.498166","33.79805661","2024-05-21T20:23:38.861Z","s","l"
"0.498165","281.38819078","2024-05-21T20:23:38.861Z","s","l"
"0.498251","34.00000000","2024-05-21T20:25:03.975Z","b","l"
"0.498251","34.00000000","2024-05-21T20:25:03.975Z","b","l"
"0.498251","34.00000000","2024-05-21T20:25:03.975Z","b","l"
"0.498251","34.00000000","2024-05-21T20:25:03.976Z","b","l"
"0.498251","415.27349717","2024-05-21T20:25:03.978Z","b","l"
"0.498400","47.76000000","2024-05-21T20:25:55.656Z","s","m"
"0.498401","34.00000000","2024-05-21T20:27:21.955Z","b","l"
"0.498401","29.05704979","2024-05-21T20:27:39.858Z","b","l"
"0.498445","34.00000000","2024-05-21T20:27:39.858Z","b","l"
"0.498445","34.00000000","2024-05-21T20:27:39.858Z","b","l"
"0.498445","7.08392950","2024-05-21T20:27:39.859Z","b","l"
"0.498495","60.72874494","2024-05-21T20:28:02.479Z","b","l"
"0.498510","39.07631546","2024-05-21T20:28:02.479Z","b","l"
"0.498545","250.00000000","2024-05-21T20:28:17.536Z","s","l"
"0.498546","34.00000000","2024-05-21T20:29:02.520Z","b","l"
"0.498546","34.00000000","2024-05-21T20:29:02.520Z","b","l"
"0.498546","34.00000000","2024-05-21T20:29:02.520Z","b","l"
"0.498546","147.59155693","2024-05-21T20:29:02.529Z","b","l"
"0.498646","488.48652464","2024-05-21T20:29:56.755Z","b","l"
"0.498509","33.04464778","2024-05-21T20:33:38.766Z","b","l"
"0.498689","6.00122722","2024-05-21T20:33:38.766Z","b","l"
"0.498152","5000.00000000","2024-05-21T20:34:12.486Z","s","m"
"0.498158","33.79805661","2024-05-21T20:34:20.798Z","s","m"
"0.498157","96.20194357","2024-05-21T20:34:20.798Z","s","m"
"0.498176","33.79805661","2024-05-21T20:34:32.628Z","s","l"
"0.498176","33.79805661","2024-05-21T20:34:32.628Z","s","l"
"0.498176","33.79805661","2024-05-21T20:34:32.628Z","s","l"
"0.498175","310.22579277","2024-05-21T20:34:32.628Z","s","l"
"0.498174","5876.59157689","2024-05-21T20:34:32.628Z","s","l"
"0.498173","4051.78846051","2024-05-21T20:34:32.628Z","s","l"
"0.498210","33.79805661","2024-05-21T20:35:33.191Z","s","m"
"0.498209","166.20194339","2024-05-21T20:35:33.191Z","s","m"
"0.498148","20.00000000","2024-05-21T20:35:43.467Z","s","m"
"0.498295","20.40880800","2024-05-21T20:36:02.484Z","b","l"
"0.498565","161.29032257","2024-05-21T20:39:25.891Z","s","l"
"0.498565","339.32156514","2024-05-21T20:40:14.806Z","s","l"
"0.498565","5014.39130303","2024-05-21T20:41:57.083Z","s","m"
"0.498565","5876.59157689","2024-05-21T20:41:57.083Z","s","m"
"0.498565","33.79805661","2024-05-21T20:41:57.083Z","s","m"
"0.498565","33.79805661","2024-05-21T20:41:57.083Z","s","m"
"0.498565","33.79805661","2024-05-21T20:41:57.083Z","s","m"
"0.498565","9007.62295025","2024-05-21T20:41:57.083Z","s","m"
"0.498566","20.91411897","2024-05-21T20:43:03.443Z","b","m"
"0.498566","79.37350521","2024-05-21T20:43:03.443Z","b","m"
"0.498565","2.57622400","2024-05-21T20:44:56.185Z","s","l"
"0.498156","33.79805661","2024-05-21T20:46:46.292Z","s","m"
"0.498156","33.79805661","2024-05-21T20:46:46.292Z","s","m"
"0.498155","0.00388678","2024-05-21T20:46:46.292Z","s","m"
"0.498148","31.93000000","2024-05-21T20:46:46.415Z","s","m"
"0.498259","33.79805661","2024-05-21T20:47:38.037Z","s","l"
"0.498259","33.79805661","2024-05-21T20:47:38.037Z","s","l"
"0.498258","104.55576873","2024-05-21T20:47:38.037Z","s","l"
"0.498237","33.79805661","2024-05-21T20:47:38.037Z","s","l"
"0.498174","6.52809144","2024-05-21T20:47:38.037Z","s","l"
"0.498283","202.50817307","2024-05-21T20:49:01.606Z","b","l"
"0.498410","51.03335491","2024-05-21T20:49:20.722Z","b","l"
"0.498566","160.09916440","2024-05-21T20:49:40.315Z","b","m"
"0.498565","139.04150100","2024-05-21T20:50:29.786Z","s","l"
"0.498566","100.00000000","2024-05-21T20:51:43.664Z","b","l"
"0.498493","2.16711600","2024-05-21T20:55:43.840Z","b","l"
"0.498283","187.50520700","2024-05-21T20:57:46.806Z","b","l"
"0.498282","9962.23022304","2024-05-21T20:58:41.301Z","s","l"
"0.498254","46.66431479","2024-05-21T20:58:41.301Z","s","l"
"0.498253","5017.52579108","2024-05-21T20:58:41.301Z","s","l"
"0.498232","221.74884585","2024-05-21T20:58:41.301Z","s","l"
"0.498122","10037.69827207","2024-05-21T20:58:41.301Z","s","l"
"0.498075","33.79805661","2024-05-21T20:58:41.301Z","s","l"
"0.498053","200.78184450","2024-05-21T20:58:41.301Z","s","l"
"0.498041","33.79805661","2024-05-21T20:58:41.301Z","s","l"
"0.498035","466.88190270","2024-05-21T20:58:41.301Z","s","l"
"0.498000","4980.06210032","2024-05-21T20:58:41.301Z","s","l"
"0.497983","719.00000000","2024-05-21T20:58:41.301Z","s","l"
"0.497982","8026.66915304","2024-05-21T20:58:41.301Z","s","l"
"0.497972","10040.71398012","2024-05-21T20:58:41.301Z","s","l"
"0.497959","1379.40000000","2024-05-21T20:58:41.301Z","s","l"
"0.497953","16390.00000000","2024-05-21T20:58:41.301Z","s","l"
"0.497903","3692.57640000","2024-05-21T20:58:41.301Z","s","l"
"0.497861","708.00000000","2024-05-21T20:58:41.301Z","s","l"
"0.497810","723.48000000","2024-05-21T20:58:41.301Z","s","l"
"0.497742","10045.36469706","2024-05-21T20:58:41.301Z","s","l"
"0.497742","10000.00000000","2024-05-21T20:58:41.301Z","s","l"
"0.497689","2094.13546790","2024-05-21T20:58:41.301Z","s","l"
"0.497677","5741.16570000","2024-05-21T20:58:41.301Z","s","l"
"0.497556","288.19608922","2024-05-21T20:58:41.301Z","s","l"
"0.497555","1471.96510938","2024-05-21T20:58:41.301Z","s","l"
"0.497540","15551.99000000","2024-05-21T20:58:41.301Z","s","l"
"0.497515","10000.00000000","2024-05-21T20:58:41.301Z","s","l"
"0.497476","19000.00000000","2024-05-21T20:58:41.301Z","s","l"
"0.497475","23960.00000000","2024-05-21T20:58:41.301Z","s","l"
"0.497457","48826.00000000","2024-05-21T20:58:41.301Z","s","l"
"0.497380","15659.90000000","2024-05-21T20:58:41.301Z","s","l"
"0.497369","10052.89162670","2024-05-21T20:58:41.301Z","s","l"
"0.497240","5309.30737671","2024-05-21T20:58:41.301Z","s","l"
"0.497230","2440.12000000","2024-05-21T20:58:41.301Z","s","l"
"0.497227","4882.45371204","2024-05-21T20:58:41.301Z","s","l"
"0.497127","11612.08314000","2024-05-21T20:58:41.301Z","s","l"
"0.496964","4491.95809281","2024-05-21T20:58:41.301Z","s","l"
"0.496953","10061.31033638","2024-05-21T20:58:41.301Z","s","l"
"0.496899","1910.07485943","2024-05-21T20:58:41.301Z","s","l"
"0.496898","28105.47000000","2024-05-21T20:58:41.301Z","s","l"
"0.496884","3462.63077783","2024-05-21T20:58:41.301Z","s","l"
"0.496781","11612.08314000","2024-05-21T20:58:41.301Z","s","l"
"0.496761","829.76383948","2024-05-21T20:58:41.301Z","s","l"
"0.496760","120465.62726468","2024-05-21T20:58:41.301Z","s","l"
"0.496759","81004.00000000","2024-05-21T20:58:41.301Z","s","l"
"0.496737","27831.48000000","2024-05-21T20:58:41.301Z","s","l"
"0.496731","22947.45558000","2024-05-21T20:58:41.301Z","s","l"
"0.496729","10065.84526919","2024-05-21T20:58:41.301Z","s","l"
"0.496703","27125.54000000","2024-05-21T20:58:41.301Z","s","l"
"0.496679","25.24155547","2024-05-21T20:58:41.301Z","s","l"
"0.496423","1367.40053470","2024-05-21T20:58:41.301Z","s","l"
"0.496371","20065.70000000","2024-05-21T20:58:41.307Z","b","l"
"0.496371","10032.80000000","2024-05-21T20:58:41.307Z","b","l"
"0.496371","1900.00000000","2024-05-21T20:58:41.313Z","b","l"
"0.496371","3066.09109534","2024-05-21T20:58:41.313Z","b","l"
"0.496371","23469.58938700","2024-05-21T20:58:41.313Z","b","l"
"0.496371","11634.06706485","2024-05-21T20:58:41.314Z","b","l"
"0.496371","48958.09415345","2024-05-21T20:58:41.314Z","b","l"
"0.496371","1900.00000000","2024-05-21T20:58:41.315Z","b","l"
"0.496371","20043.00000000","2024-05-21T20:58:41.316Z","b","l"
"0.496371","5122.07184992","2024-05-21T20:58:41.316Z","b","l"
"0.497346","401.42238326","2024-05-21T20:58:41.389Z","s","l"
"0.497345","1900.00000000","2024-05-21T20:58:41.389Z","s","l"
"0.497329","1134.40000000","2024-05-21T20:58:41.389Z","s","l"
"0.496957","57.02463173","2024-05-21T20:58:41.399Z","s","l"
"0.496374","1475.46737947","2024-05-21T20:58:41.462Z","s","l"
"0.496371","1475.46737947","2024-05-21T20:58:41.483Z","s","l"
"0.496371","1475.46737947","2024-05-21T20:58:41.496Z","s","l"
"0.496371","1475.46737947","2024-05-21T20:58:41.505Z","s","l"
"0.496722","583.60237837","2024-05-21T20:58:41.512Z","b","l"
"0.496792","23507.66528282","2024-05-21T20:58:41.512Z","b","l"
"0.496371","1475.46737947","2024-05-21T20:58:41.515Z","s","l"
"0.496371","6510.00000000","2024-05-21T20:58:41.520Z","s","l"
"0.496371","535.46120853","2024-05-21T20:58:41.539Z","s","l"
"0.496371","19580.98982414","2024-05-21T20:58:41.539Z","s","l"
"0.496371","14868.01896733","2024-05-21T20:58:41.539Z","s","l"
"0.496371","37198.11000000","2024-05-21T20:58:41.539Z","s","l"
"0.496371","25215.99000000","2024-05-21T20:58:41.540Z","s","l"
"0.496371","7177.00475262","2024-05-21T20:58:41.590Z","s","l"
"0.496051","1476.42803037","2024-05-21T20:58:41.590Z","s","l"
"0.495770","667.87743510","2024-05-21T20:58:41.590Z","s","l"
"0.496371","2012.16757734","2024-05-21T20:58:41.602Z","s","l"
"0.496372","1350.43950696","2024-05-21T20:58:41.620Z","s","l"
"0.496372","125.03372682","2024-05-21T20:58:41.637Z","s","l"
"0.496371","5754.19247266","2024-05-21T20:58:41.637Z","s","l"
"0.495033","488.68199645","2024-05-21T20:58:41.637Z","s","l"
"0.495860","5041.74735169","2024-05-21T20:58:41.693Z","b","l"
"0.496003","10080.59415177","2024-05-21T20:58:41.693Z","b","l"
"0.496371","5625.30000000","2024-05-21T20:58:41.693Z","b","l"
"0.496372","3344.03313769","2024-05-21T20:58:41.693Z","b","l"
"0.495037","1479.45224296","2024-05-21T20:58:42.007Z","s","l"
"0.495036","2797.34775704","2024-05-21T20:58:42.007Z","s","l"
"0.495721","1073.86905331","2024-05-21T20:58:42.010Z","b","m"
"0.495769","938.24305880","2024-05-21T20:58:42.010Z","b","m"
"0.495038","5938.96201488","2024-05-21T20:58:42.119Z","s","l"
"0.495038","57.73083503","2024-05-21T20:58:42.124Z","s","l"
"0.495038","63.44798776","2024-05-21T20:58:42.131Z","s","l"
"0.495036","5875.51402712","2024-05-21T20:58:42.131Z","s","l"
"0.495036","10032.50000000","2024-05-21T20:58:42.139Z","s","l"
"0.495037","5938.95001787","2024-05-21T20:58:42.148Z","s","l"
"0.495036","0.01199701","2024-05-21T20:58:42.148Z","s","l"
"0.495037","1479.45224296","2024-05-21T20:58:42.158Z","s","l"
"0.495036","4459.50977192","2024-05-21T20:58:42.158Z","s","l"
"0.495036","3724.66153909","2024-05-21T20:58:42.169Z","s","l"
"0.494907","111.00000000","2024-05-21T20:58:42.189Z","s","l"
"0.494907","793.41041493","2024-05-21T20:58:42.313Z","s","l"
"0.494483","15.00000000","2024-05-21T20:58:42.323Z","s","l"
"0.494907","2941.58254555","2024-05-21T20:58:42.392Z","b","l"
"0.494135","101.18692260","2024-05-21T20:58:42.424Z","s","l"
"0.494000","60.72874494","2024-05-21T20:58:42.424Z","s","l"
"0.493624","72.66850267","2024-05-21T20:58:42.424Z","s","l"
"0.493303","465.41582979","2024-05-21T20:58:42.424Z","s","l"
"0.494136","980.00000000","2024-05-21T20:58:42.493Z","s","l"
"0.494136","502.14985348","2024-05-21T20:58:42.501Z","s","l"
"0.494271","6350.17152606","2024-05-21T20:58:42.507Z","b","l"
"0.494484","118.59764014","2024-05-21T20:58:42.507Z","b","l"
"0.493872","3136.00000000","2024-05-21T20:58:43.065Z","s","l"
"0.493872","7082.41124409","2024-05-21T20:58:43.093Z","s","l"
"0.493302","671.21883957","2024-05-21T20:58:43.384Z","s","l"
"0.493425","157.84541332","2024-05-21T20:58:43.479Z","s","l"
"0.494030","10.01001001","2024-05-21T20:58:44.262Z","b","m"
"0.493120","174.48237364","2024-05-21T20:58:44.579Z","s","m"
"0.493029","75.51762636","2024-05-21T20:58:44.579Z","s","m"
"0.493029","250.00000000","2024-05-21T20:58:44.579Z","s","m"
"0.493653","184.24582904","2024-05-21T20:58:45.511Z","s","l"
"0.494057","33.79805661","2024-05-21T20:58:47.351Z","s","l"
"0.494056","32.47264263","2024-05-21T20:58:47.351Z","s","l"
"0.494116","1200.00000000","2024-05-21T20:58:49.750Z","s","l"
"0.494117","6510.00000005","2024-05-21T20:58:52.394Z","b","l"
"0.494300","88.17363367","2024-05-21T20:58:52.394Z","b","l"
"0.494329","10117.26372104","2024-05-21T20:58:52.394Z","b","l"
"0.494389","1842.33299835","2024-05-21T20:58:52.797Z","s","l"
"0.494385","33.79805661","2024-05-21T20:58:52.797Z","s","l"
"0.494385","33.79805661","2024-05-21T20:58:52.797Z","s","l"
"0.494384","10413.03264524","2024-05-21T20:58:52.797Z","s","l"
"0.494354","1831.00334051","2024-05-21T20:58:52.797Z","s","l"
"0.494332","5876.59157689","2024-05-21T20:58:52.797Z","s","l"
"0.494332","33.79805661","2024-05-21T20:58:52.797Z","s","l"
"0.494256","2101.47649248","2024-05-21T20:58:52.803Z","b","l"
"0.494256","2023.24506252","2024-05-21T20:58:58.610Z","b","l"
"0.494256","34.00000000","2024-05-21T20:59:02.278Z","b","l"
"0.494256","34.00000000","2024-05-21T20:59:02.278Z","b","l"
"0.494256","2659.00000000","2024-05-21T20:59:02.278Z","b","l"
"0.494256","34.00000000","2024-05-21T20:59:02.278Z","b","l"
"0.494256","34.00000000","2024-05-21T20:59:02.279Z","b","l"
"0.494256","1283.54028393","2024-05-21T20:59:02.279Z","b","l"
"0.494256","1000.00000000","2024-05-21T20:59:02.289Z","b","l"
"0.494256","2758.55000000","2024-05-21T20:59:02.363Z","b","l"
"0.494256","2108.74264704","2024-05-21T20:59:02.604Z","b","l"
"0.494256","5057.96172374","2024-05-21T20:59:02.676Z","b","l"
"0.494256","27522.58000000","2024-05-21T20:59:04.113Z","b","l"
"0.494256","5058.08308100","2024-05-21T20:59:04.331Z","b","l"
"0.494256","5058.08308100","2024-05-21T20:59:05.437Z","b","l"
"0.494256","34.00000000","2024-05-21T20:59:05.927Z","b","l"
"0.494256","34.00000000","2024-05-21T20:59:05.927Z","b","l"
"0.494256","34.00000000","2024-05-21T20:59:05.927Z","b","l"
"0.494256","34.00000000","2024-05-21T20:59:05.928Z","b","l"
"0.494256","2659.00000000","2024-05-21T20:59:05.931Z","b","l"
"0.494256","5057.49488715","2024-05-21T20:59:05.937Z","b","l"
"0.494256","9990.00000000","2024-05-21T20:59:06.061Z","b","l"
"0.494642","10108.32076532","2024-05-21T20:59:07.466Z","s","l"
"0.494642","5054.16038266","2024-05-21T20:59:07.466Z","s","l"
"0.494642","1982.88870783","2024-05-21T20:59:07.466Z","s","l"
"0.494642","1856.61156793","2024-05-21T20:59:07.466Z","s","l"
"0.494395","2595.95695295","2024-05-21T20:59:07.526Z","b","m"
"0.494395","34.00000000","2024-05-21T20:59:07.581Z","b","l"
"0.494395","34.00000000","2024-05-21T20:59:07.582Z","b","l"
"0.494395","34.00000000","2024-05-21T20:59:07.582Z","b","l"
"0.494395","34.00000000","2024-05-21T20:59:07.582Z","b","l"
"0.494395","538.16307029","2024-05-21T20:59:07.582Z","b","l"
"0.494863","26.52006717","2024-05-21T20:59:17.033Z","b","l"
"0.494974","113.21158565","2024-05-21T20:59:43.356Z","s","l"
"0.495164","2948.27179600","2024-05-21T21:00:13.091Z","b","l"
"0.495117","1000.00000000","2024-05-21T21:00:16.541Z","s","l"
"0.495308","202.79635701","2024-05-21T21:00:33.507Z","b","m"
"0.495307","5047.37465854","2024-05-21T21:00:36.886Z","s","l"
"0.495167","10.00000000","2024-05-21T21:02:00.618Z","s","l"
"0.495087","5731.16570000","2024-05-21T21:02:00.618Z","s","l"
"0.495769","589.14731100","2024-05-21T21:03:53.714Z","b","l"
"0.495768","5042.68125413","2024-05-21T21:04:01.098Z","s","m"
"0.495665","10087.45724557","2024-05-21T21:04:01.098Z","s","m"
"0.495651","1919.97693713","2024-05-21T21:04:01.098Z","s","m"
"0.495609","1900.00000000","2024-05-21T21:04:01.098Z","s","m"
"0.495607","33.79805661","2024-05-21T21:04:01.098Z","s","m"
"0.495598","33.79805661","2024-05-21T21:04:01.098Z","s","m"
"0.495581","466.88190270","2024-05-21T21:04:01.098Z","s","m"
"0.495581","122.60242497","2024-05-21T21:04:01.098Z","s","m"
"0.495581","5741.16570000","2024-05-21T21:04:01.098Z","s","m"
"0.495563","33.79805661","2024-05-21T21:04:01.098Z","s","m"
"0.495548","10089.83246401","2024-05-21T21:04:01.098Z","s","m"
"0.495500","16921.35116792","2024-05-21T21:04:01.098Z","s","m"
"0.495433","10092.17180509","2024-05-21T21:04:01.098Z","s","m"
"0.495379","700.00000000","2024-05-21T21:04:01.098Z","s","m"
"0.495301","10034.00000000","2024-05-21T21:04:01.098Z","s","m"
"0.495300","2100.00000000","2024-05-21T21:04:01.098Z","s","m"
"0.495300","657.32000000","2024-05-21T21:04:01.098Z","s","m"
"0.495295","10000.00000000","2024-05-21T21:04:01.098Z","s","m"
"0.495254","552.00000000","2024-05-21T21:04:01.098Z","s","m"
"0.495222","10034.00000000","2024-05-21T21:04:01.098Z","s","m"
"0.495144","1777.50000000","2024-05-21T21:04:01.098Z","s","m"
"0.495133","668.00000000","2024-05-21T21:04:01.098Z","s","m"
"0.495087","4268.83430000","2024-05-21T21:04:01.098Z","s","m"
"0.494977","770.00000000","2024-05-21T21:04:01.098Z","s","m"
"0.494976","10101.48744224","2024-05-21T21:04:01.098Z","s","m"
"0.494955","2105.83360284","2024-05-21T21:04:01.098Z","s","m"
"0.494910","1479.83188862","2024-05-21T21:04:01.098Z","s","m"
"0.494909","10022.00000000","2024-05-21T21:04:01.098Z","s","m"
"0.494908","472.77890032","2024-05-21T21:04:01.098Z","s","m"
"0.494903","27288.27000000","2024-05-21T21:04:01.098Z","s","m"
"0.494880","2599.57000000","2024-05-21T21:04:01.098Z","s","m"
"0.494862","27305.64000000","2024-05-21T21:04:01.098Z","s","m"
"0.494852","5334.92842304","2024-05-21T21:04:01.098Z","s","m"
"0.494764","15734.00000000","2024-05-21T21:04:01.098Z","s","m"
"0.494732","3462.63077783","2024-05-21T21:04:01.098Z","s","m"
"0.494651","25855.70000000","2024-05-21T21:04:01.098Z","s","m"
"0.494646","10108.23634300","2024-05-21T21:04:01.098Z","s","m"
"0.494620","4081.92325076","2024-05-21T21:04:01.098Z","s","m"
"0.494620","10491.19674924","2024-05-21T21:04:01.098Z","s","m"
"0.494527","4882.45371204","2024-05-21T21:04:01.098Z","s","m"
"0.494510","4491.95809281","2024-05-21T21:04:01.098Z","s","m"
"0.494331","10114.66447295","2024-05-21T21:04:01.098Z","s","m"
"0.494134","359.29831180","2024-05-21T21:04:01.098Z","s","m"
"0.494134","763.50891257","2024-05-21T21:04:01.098Z","s","m"
"0.494134","1168.17914009","2024-05-21T21:04:01.098Z","s","m"
"0.494110","16390.00000000","2024-05-21T21:04:01.098Z","s","m"
"0.494075","25.38515056","2024-05-21T21:04:01.098Z","s","m"
"0.494016","1313.35545794","2024-05-21T21:04:01.098Z","s","m"
"0.495323","3692.57640000","2024-05-21T21:04:01.118Z","b","l"
"0.495692","1900.00000000","2024-05-21T21:04:09.955Z","b","l"
"0.495697","272.66489030","2024-05-21T21:04:09.955Z","b","l"
"0.495588","595.83260400","2024-05-21T21:04:18.786Z","s","l"
"0.495171","75.00000000","2024-05-21T21:04:38.463Z","s","m"
"0.495000","13238.50313016","2024-05-21T21:04:38.463Z","s","m"
"0.494982","10101.36897662","2024-05-21T21:04:38.463Z","s","m"
"0.494953","466.88190270","2024-05-21T21:04:38.463Z","s","m"
"0.494860","706.21000000","2024-05-21T21:04:38.463Z","s","m"
"0.494646","10108.23634300","2024-05-21T21:04:38.463Z","s","m"
"0.494624","10034.00000000","2024-05-21T21:04:38.463Z","s","m"
"0.494477","1481.12786190","2024-05-21T21:04:38.463Z","s","m"
"0.494348","24196.52754740","2024-05-21T21:04:38.463Z","s","m"
"0.494330","15127.81000000","2024-05-21T21:04:38.463Z","s","m"
"0.494200","2798.42000000","2024-05-21T21:04:38.463Z","s","m"
"0.494129","10118.79833522","2024-05-21T21:04:38.463Z","s","m"
"0.494122","5342.81007524","2024-05-21T21:04:38.463Z","s","m"
"0.494113","555.52556983","2024-05-21T21:04:38.463Z","s","m"
"0.494113","1111.05113966","2024-05-21T21:04:38.463Z","s","m"
"0.494086","1666.57670950","2024-05-21T21:04:38.463Z","s","m"
"0.494049","27139.13000000","2024-05-21T21:04:38.463Z","s","m"
"0.494018","840.13259971","2024-05-21T21:04:38.463Z","s","m"
"0.494017","2104.33596006","2024-05-21T21:04:38.463Z","s","m"
"0.494014","2222.10227933","2024-05-21T21:04:38.463Z","s","m"
"0.494012","1931.60000000","2024-05-21T21:04:38.463Z","s","m"
"0.494001","202.67830360","2024-05-21T21:04:38.463Z","s","m"
"0.494000","101.21457489","2024-05-21T21:04:38.463Z","s","m"
"0.493954","897.72678429","2024-05-21T21:04:38.463Z","s","m"
"0.493853","2777.62784916","2024-05-21T21:04:38.463Z","s","m"
"0.493824","27074.00000000","2024-05-21T21:04:38.463Z","s","m"
"0.493755","15732.90000000","2024-05-21T21:04:38.463Z","s","m"
"0.493755","3333.58384782","2024-05-21T21:04:38.463Z","s","m"
"0.493730","8514.12020991","2024-05-21T21:04:38.463Z","s","m"
"0.493730","16859.97979009","2024-05-21T21:04:38.463Z","s","m"
"0.493720","83140.02020991","2024-05-21T21:04:38.463Z","s","m"
"0.495255","466.88190270","2024-05-21T21:04:39.321Z","s","l"
"0.495172","5048.74696461","2024-05-21T21:04:39.321Z","s","l"
"0.495100","3208.35278827","2024-05-21T21:04:39.321Z","s","l"
"0.494960","10101.81447616","2024-05-21T21:04:39.321Z","s","l"
"0.494829","10034.00000000","2024-05-21T21:04:39.321Z","s","l"
"0.494809","10000.00000000","2024-05-21T21:04:39.321Z","s","l"
"0.494749","10106.11744897","2024-05-21T21:04:39.321Z","s","l"
"0.494707","34.00000000","2024-05-21T21:04:39.477Z","b","l"
"0.494707","2659.00000000","2024-05-21T21:04:39.481Z","b","l"
"0.494707","4036.61716084","2024-05-21T21:04:39.587Z","b","l"
"0.494707","34.00000000","2024-05-21T21:04:39.692Z","b","l"
"0.494707","5053.26173283","2024-05-21T21:04:39.697Z","b","l"
"0.494926","2095.00000000","2024-05-21T21:04:39.937Z","b","l"
"0.495021","5050.29079574","2024-05-21T21:04:40.488Z","s","l"
"0.495021","10100.58159148","2024-05-21T21:04:40.488Z","s","l"
"0.495021","33.79805661","2024-05-21T21:04:40.488Z","s","l"
"0.494925","466.88190270","2024-05-21T21:04:40.488Z","s","l"
"0.494836","6705.67538900","2024-05-21T21:04:40.488Z","s","l"
"0.494406","33.79805661","2024-05-21T21:05:05.106Z","s","m"
"0.494406","33.79805661","2024-05-21T21:05:05.106Z","s","m"
"0.494406","550.00000000","2024-05-21T21:05:05.106Z","s","m"
"0.494406","5876.59157689","2024-05-21T21:05:05.106Z","s","m"
"0.494405","2100.00000000","2024-05-21T21:05:05.106Z","s","m"
"0.494403","550.00000000","2024-05-21T21:05:05.106Z","s","m"
"0.494403","5876.59157689","2024-05-21T21:05:05.106Z","s","m"
"0.494400","6127.82627094","2024-05-21T21:05:05.106Z","s","m"
"0.494230","683.29000000","2024-05-21T21:05:05.106Z","s","m"
"0.494228","466.88190270","2024-05-21T21:05:05.106Z","s","m"
"0.494215","122.87578172","2024-05-21T21:05:05.106Z","s","m"
"0.494002","10022.00000000","2024-05-21T21:05:05.106Z","s","m"
"0.494002","10034.00000000","2024-05-21T21:05:05.106Z","s","m"
"0.494001","10034.00000000","2024-05-21T21:05:05.106Z","s","m"
"0.493999","10000.00000000","2024-05-21T21:05:05.106Z","s","m"
"0.493981","10000.00000000","2024-05-21T21:05:05.106Z","s","m"
"0.493925","1482.78314749","2024-05-21T21:05:05.106Z","s","m"
"0.493918","5345.01678416","2024-05-21T21:05:05.106Z","s","m"
"0.493904","530.00000000","2024-05-21T21:05:05.106Z","s","m"
"0.493674","3462.63077783","2024-05-21T21:05:05.106Z","s","m"
"0.493597","24196.87518360","2024-05-21T21:05:05.106Z","s","m"
"0.493596","10129.72987342","2024-05-21T21:05:05.106Z","s","m"
"0.493521","4882.45371204","2024-05-21T21:05:05.106Z","s","m"
"0.493388","4491.95809281","2024-05-21T21:05:05.106Z","s","m"
"0.493275","2095.50000000","2024-05-21T21:05:05.106Z","s","m"
"0.493234","25.42872491","2024-05-21T21:05:05.106Z","s","m"
"0.493230","15356.96000000","2024-05-21T21:05:05.106Z","s","m"
"0.493213","3692.57640000","2024-05-21T21:05:05.106Z","s","m"
"0.493117","704.53832227","2024-05-21T21:05:05.106Z","s","m"
"0.493093","1091.89575911","2024-05-21T21:05:05.106Z","s","m"
"0.493093","15298.10424089","2024-05-21T21:05:05.106Z","s","m"
"0.493090","1409.15944202","2024-05-21T21:05:05.106Z","s","m"
"0.493090","2113.73916303","2024-05-21T21:05:05.106Z","s","m"
"0.493066","5741.16570000","2024-05-21T21:05:05.106Z","s","m"
"0.493064","2818.38725914","2024-05-21T21:05:05.106Z","s","m"
"0.493040","2565.88000000","2024-05-21T21:05:05.106Z","s","m"
"0.493005","490.69221357","2024-05-21T21:05:05.106Z","s","m"
"0.493000","60.85192698","2024-05-21T21:05:05.106Z","s","m"
"0.492992","3523.05530115","2024-05-21T21:05:05.106Z","s","m"
"0.492992","4227.76893315","2024-05-21T21:05:05.106Z","s","m"
"0.492968","15737.30000000","2024-05-21T21:05:05.106Z","s","m"
"0.492933","1004.40344199","2024-05-21T21:05:05.106Z","s","m"
"0.492871","4932.91571305","2024-05-21T21:05:05.106Z","s","m"
"0.492847","23960.00000000","2024-05-21T21:05:05.106Z","s","m"
"0.492808","4757.89963235","2024-05-21T21:05:05.106Z","s","m"
"0.492807","53.28066337","2024-05-21T21:05:05.106Z","s","m"
"0.492803","353.21720850","2024-05-21T21:05:05.106Z","s","m"
"0.492800","892.24722979","2024-05-21T21:05:05.106Z","s","m"
"0.492779","10146.52795501","2024-05-21T21:05:05.106Z","s","m"
"0.492687","548.77897215","2024-05-21T21:05:05.106Z","s","m"
"0.492682","71.03973760","2024-05-21T21:05:05.106Z","s","m"
"0.492625","90.32942593","2024-05-21T21:05:05.106Z","s","m"
"0.492620","393.17588112","2024-05-21T21:05:05.106Z","s","m"
"0.492619","48810.07995921","2024-05-21T21:05:05.106Z","s","m"
"0.493604","5345.76358360","2024-05-21T21:05:05.268Z","b","l"
"0.493604","5347.46360078","2024-05-21T21:05:05.420Z","b","l"
"0.493604","5348.37360820","2024-05-21T21:05:05.573Z","b","l"
"0.493708","1404.93891732","2024-05-21T21:05:05.916Z","s","l"
"0.493605","1483.74428946","2024-05-21T21:05:05.916Z","s","l"
"0.493604","10022.00000000","2024-05-21T21:05:05.916Z","s","l"
"0.493604","10034.00000000","2024-05-21T21:05:05.916Z","s","l"
"0.493604","9823.79595985","2024-05-21T21:05:05.916Z","s","l"
"0.493709","2133.80000000","2024-05-21T21:05:06.291Z","b","m"
"0.493896","466.20259960","2024-05-21T21:05:06.291Z","b","m"
"0.493895","35.08386386","2024-05-21T21:05:07.311Z","b","m"
"0.493895","2098.71613614","2024-05-21T21:05:07.547Z","b","m"
"0.493895","464.85265065","2024-05-21T21:05:07.547Z","b","m"
"0.493896","34.00000000","2024-05-21T21:05:10.475Z","b","l"
"0.493896","34.00000000","2024-05-21T21:05:10.476Z","b","l"
"0.493896","1809.50940741","2024-05-21T21:05:11.279Z","b","m"
"0.493896","13.86527027","2024-05-21T21:05:12.297Z","b","m"
"0.493896","34.00000000","2024-05-21T21:05:13.329Z","b","l"
"0.493896","34.00000000","2024-05-21T21:05:13.330Z","b","l"
"0.493895","2100.00000000","2024-05-21T21:05:16.535Z","s","m"
"0.493895","5876.59157689","2024-05-21T21:05:16.535Z","s","m"
"0.493895","33.79805661","2024-05-21T21:05:16.535Z","s","m"
"0.493895","33.79805661","2024-05-21T21:05:16.535Z","s","m"
"0.493895","404.77066135","2024-05-21T21:05:16.535Z","s","m"
"0.493895","466.88190270","2024-05-21T21:05:16.535Z","s","m"
"0.493895","1620.17598349","2024-05-21T21:05:16.535Z","s","m"
"0.493895","1426.02084248","2024-05-21T21:05:16.535Z","s","m"
"0.493895","1900.00000000","2024-05-21T21:05:16.535Z","s","m"
"0.493895","8087.79059283","2024-05-21T21:05:16.535Z","s","m"
"0.493895","10034.00000000","2024-05-21T21:05:16.535Z","s","m"
"0.493895","1500.00000000","2024-05-21T21:05:16.535Z","s","m"
"0.493880","644.65000000","2024-05-21T21:05:16.535Z","s","m"
"0.493771","111.49338128","2024-05-21T21:05:16.535Z","s","m"
"0.493743","712.00000000","2024-05-21T21:05:16.535Z","s","m"
"0.493702","1483.45277110","2024-05-21T21:05:16.535Z","s","m"
"0.493701","10022.00000000","2024-05-21T21:05:16.535Z","s","m"
"0.493701","10034.00000000","2024-05-21T21:05:16.535Z","s","m"
"0.493693","10000.00000000","2024-05-21T21:05:16.535Z","s","m"
"0.493678","5347.61524718","2024-05-21T21:05:16.535Z","s","m"
"0.493665","1631.72064942","2024-05-21T21:05:16.535Z","s","m"
"0.493503","10000.00000000","2024-05-21T21:05:16.535Z","s","m"
"0.493332","3462.63077783","2024-05-21T21:05:16.535Z","s","m"
"0.493263","4882.45371204","2024-05-21T21:05:16.535Z","s","m"
"0.493203","4491.95809281","2024-05-21T21:05:16.535Z","s","m"
"0.493019","2063.50000000","2024-05-21T21:05:16.535Z","s","m"
"0.493006","704.85617208","2024-05-21T21:05:16.535Z","s","m"
"0.492982","923.84152330","2024-05-21T21:05:16.535Z","s","m"
"0.492982","23272.79243088","2024-05-21T21:05:16.535Z","s","m"
"0.492860","2114.67116187","2024-05-21T21:05:16.535Z","s","m"
"0.492836","2819.56154916","2024-05-21T21:05:16.535Z","s","m"
"0.492724","3525.00091761","2024-05-21T21:05:16.535Z","s","m"
"0.492701","1144.06875738","2024-05-21T21:05:16.535Z","s","m"
"0.492700","42059.07843470","2024-05-21T21:05:16.535Z","s","m"
"0.492680","15346.76000000","2024-05-21T21:05:16.535Z","s","m"
"0.492643","4230.66860183","2024-05-21T21:05:16.535Z","s","m"
"0.492587","4936.59908668","2024-05-21T21:05:16.535Z","s","m"
"0.492578","610.63179058","2024-05-21T21:05:16.535Z","s","m"
"0.492563","15762.80000000","2024-05-21T21:05:16.535Z","s","m"
"0.492421","42.01756530","2024-05-21T21:05:16.535Z","s","m"
"0.492391","26.32054608","2024-05-21T21:05:16.535Z","s","m"
"0.492382","5642.42935282","2024-05-21T21:05:16.535Z","s","m"
"0.492372","10154.90936601","2024-05-21T21:05:16.535Z","s","m"
"0.492358","27772.29000000","2024-05-21T21:05:16.535Z","s","m"
"0.492300","152.34613040","2024-05-21T21:05:16.535Z","s","m"
"0.492172","27956.05000000","2024-05-21T21:05:16.535Z","s","m"
"0.492142","83.89462139","2024-05-21T21:05:16.535Z","s","m"
"0.492139","6350.07565939","2024-05-21T21:05:16.535Z","s","m"
"0.492115","25588.38000000","2024-05-21T21:05:16.535Z","s","m"
"0.492076","76.05392543","2024-05-21T21:05:16.535Z","s","m"
"0.492059","7056.53964664","2024-05-21T21:05:16.535Z","s","m"
"0.492035","23276.06045585","2024-05-21T21:05:16.535Z","s","m"
"0.492035","50000.00000000","2024-05-21T21:05:16.535Z","s","m"
"0.493896","1000.00000000","2024-05-21T21:05:16.635Z","b","l"
"0.493896","34.00000000","2024-05-21T21:05:16.640Z","b","l"
"0.493895","1513.22512433","2024-05-21T21:05:16.693Z","s","l"
"0.493895","1607.93811783","2024-05-21T21:05:16.693Z","s","l"
"0.493368","1134.40000000","2024-05-21T21:05:16.693Z","s","l"
"0.493367","1900.00000000","2024-05-21T21:05:16.693Z","s","l"
"0.493351","10000.00000000","2024-05-21T21:05:16.693Z","s","l"
"0.493351","7120.49721369","2024-05-21T21:05:16.693Z","s","l"
"0.493351","17147.22495572","2024-05-21T21:05:16.693Z","s","l"
"0.493306","4882.45371204","2024-05-21T21:05:16.693Z","s","l"
"0.493233","4491.95809281","2024-05-21T21:05:16.693Z","s","l"
"0.493019","10034.00000000","2024-05-21T21:05:16.695Z","b","l"
"0.493019","1345.32366843","2024-05-21T21:05:16.697Z","b","l"
"0.493019","1900.00000000","2024-05-21T21:05:16.697Z","b","l"
"0.493019","10199.03957100","2024-05-21T21:05:16.697Z","b","l"
"0.493953","28.42358368","2024-05-21T21:05:29.162Z","b","m"
"0.493953","403.14603432","2024-05-21T21:05:29.164Z","b","m"
"0.493953","134.93733372","2024-05-21T21:05:29.468Z","b","m"
"0.493953","115.55162132","2024-05-21T21:05:29.534Z","b","m"
"0.493953","13.98705376","2024-05-21T21:05:30.045Z","b","m"
"0.493953","33.79805661","2024-05-21T21:05:31.349Z","s","l"
"0.493953","33.79805661","2024-05-21T21:05:31.349Z","s","l"
"0.493942","4313.39947163","2024-05-21T21:05:31.349Z","s","l"
"0.493942","1563.19210526","2024-05-21T21:05:31.355Z","s","l"
"0.493941","93.58265862","2024-05-21T21:05:31.355Z","s","l"
"0.493941","341.82450061","2024-05-21T21:05:31.356Z","s","l"
"0.493941","1664.59284077","2024-05-21T21:05:31.356Z","s","l"
"0.493936","89.70403045","2024-05-21T21:05:31.356Z","s","l"
"0.493936","779.65528107","2024-05-21T21:05:31.356Z","s","l"
"0.493936","779.65528108","2024-05-21T21:05:31.357Z","s","l"
"0.493936","438.55877632","2024-05-21T21:05:31.357Z","s","l"
"0.493936","2100.58754782","2024-05-21T21:05:31.357Z","s","l"
"0.493936","779.65528108","2024-05-21T21:05:31.357Z","s","l"
"0.493936","908.77537907","2024-05-21T21:05:31.357Z","s","l"
"0.493891","466.88190270","2024-05-21T21:05:31.357Z","s","l"
"0.493831","817.16130309","2024-05-21T21:05:31.357Z","s","l"
"0.493831","244.40635079","2024-05-21T21:05:31.358Z","s","l"
"0.493741","535.24893028","2024-05-21T21:05:31.358Z","s","l"
"0.493889","281.55083539","2024-05-21T21:05:37.205Z","b","l"
"0.493828","33.79805661","2024-05-21T21:05:46.315Z","s","l"
"0.493828","33.79805661","2024-05-21T21:05:46.315Z","s","l"
"0.493827","404.83494711","2024-05-21T21:05:46.315Z","s","l"
"0.493826","33.79805661","2024-05-21T21:05:46.315Z","s","l"
"0.493824","2100.00000000","2024-05-21T21:05:46.315Z","s","l"
"0.493822","4879.93516276","2024-05-21T21:05:46.315Z","s","l"
"0.493818","2628.63572030","2024-05-21T21:05:46.315Z","s","l"
"0.493877","33.79805661","2024-05-21T21:05:50.615Z","s","l"
"0.493877","33.79805661","2024-05-21T21:05:50.615Z","s","l"
"0.493877","439.11426203","2024-05-21T21:05:50.615Z","s","l"
"0.493877","337.74304661","2024-05-21T21:05:50.615Z","s","l"
"0.493877","506.33284452","2024-05-21T21:05:50.616Z","s","l"
"0.493877","506.47006478","2024-05-21T21:05:50.616Z","s","l"
"0.493877","310.33978206","2024-05-21T21:05:50.616Z","s","l"
"0.493876","196.08936426","2024-05-21T21:05:50.616Z","s","l"
"0.493876","506.75308575","2024-05-21T21:05:50.617Z","s","l"
"0.493876","1333.37382206","2024-05-21T21:05:50.767Z","s","l"
"0.493786","18.21361700","2024-05-21T21:05:52.193Z","s","l"
"0.493712","33.79805661","2024-05-21T21:06:03.415Z","s","l"
"0.493712","33.79805661","2024-05-21T21:06:03.415Z","s","l"
"0.493712","33.79805661","2024-05-21T21:06:03.415Z","s","l"
"0.493711","466.88190270","2024-05-21T21:06:03.415Z","s","l"
"0.493581","337.85964766","2024-05-21T21:06:03.416Z","s","l"
"0.493581","230.49482179","2024-05-21T21:06:03.416Z","s","l"
"0.493650","466.88190270","2024-05-21T21:06:04.219Z","s","l"
"0.493581","209.81399115","2024-05-21T21:06:04.219Z","s","l"
"0.493581","1321.83153940","2024-05-21T21:06:04.219Z","s","l"
"0.493462","951.45282501","2024-05-21T21:06:04.219Z","s","l"
"0.493445","2112.24861409","2024-05-21T21:06:04.219Z","s","l"
"0.493350","1900.00000000","2024-05-21T21:06:04.222Z","s","l"
"0.493334","98.52743323","2024-05-21T21:06:04.222Z","s","l"
"0.493489","1251.88986627","2024-05-21T21:06:04.326Z","s","l"
"0.493381","6622.48731792","2024-05-21T21:06:04.872Z","s","l"
"0.493381","374.56490601","2024-05-21T21:06:04.873Z","s","l"
"0.493358","466.88190270","2024-05-21T21:06:04.874Z","s","l"
"0.493183","10034.00000000","2024-05-21T21:06:04.874Z","s","l"
"0.493127","1056.41873039","2024-05-21T21:06:04.874Z","s","l"
"0.492936","5355.66483275","2024-05-21T21:06:04.874Z","s","l"
"0.492890","684.83000000","2024-05-21T21:06:04.876Z","s","l"
"0.492716","11931.86553908","2024-05-21T21:06:04.878Z","s","l"
"0.492860","1924.60000000","2024-05-21T21:06:05.027Z","b","l"
"0.492861","1641.28702338","2024-05-21T21:06:05.027Z","b","l"
"0.492862","87.48091713","2024-05-21T21:06:05.027Z","b","l"
"0.492890","1701.94924032","2024-05-21T21:06:05.027Z","b","l"
"0.492859","34.00000000","2024-05-21T21:06:05.415Z","b","l"
"0.492859","13.19017266","2024-05-21T21:06:06.438Z","b","l"
"0.492859","34.00000000","2024-05-21T21:06:07.000Z","b","l"
"0.492890","34.00000000","2024-05-21T21:06:12.472Z","b","l"
"0.492890","34.00000000","2024-05-21T21:06:12.473Z","b","l"
"0.492890","34.00000000","2024-05-21T21:06:12.473Z","b","l"
"0.492890","34.00000000","2024-05-21T21:06:12.473Z","b","l"
"0.492890","548.83000000","2024-05-21T21:06:12.475Z","b","l"
"0.492936","451.17000000","2024-05-21T21:06:12.475Z","b","l"
"0.492935","56.41192092","2024-05-21T21:06:17.210Z","b","m"
"0.492934","22.66256142","2024-05-21T21:06:18.223Z","s","l"
"0.492935","34.00000000","2024-05-21T21:06:18.241Z","b","l"
"0.492935","34.00000000","2024-05-21T21:06:18.242Z","b","l"
"0.492935","34.00000000","2024-05-21T21:06:18.242Z","b","l"
"0.492936","1000.00000000","2024-05-21T21:06:18.249Z","b","l"
"0.492936","1000.00000000","2024-05-21T21:06:18.249Z","b","l"
"0.492936","717.30794310","2024-05-21T21:06:18.415Z","b","m"
"0.492937","1365.58905490","2024-05-21T21:06:18.415Z","b","m"
"0.492937","1253.43933834","2024-05-21T21:06:19.249Z","b","m"
"0.492937","454.42110811","2024-05-21T21:06:20.401Z","b","m"
"0.492936","28.68388900","2024-05-21T21:06:29.491Z","s","l"
"0.492937","34.00000000","2024-05-21T21:06:29.867Z","b","l"
"0.492937","34.00000000","2024-05-21T21:06:29.867Z","b","l"
"0.492937","34.00000000","2024-05-21T21:06:29.867Z","b","l"
"0.492937","28.64584148","2024-05-21T21:06:32.231Z","b","l"
"0.492937","34.00000000","2024-05-21T21:06:32.231Z","b","l"
"0.492937","1000.00000000","2024-05-21T21:06:32.299Z","b","l"
"0.492937","800.00000000","2024-05-21T21:06:32.300Z","b","l"
"0.492937","1000.00000000","2024-05-21T21:06:32.305Z","b","l"
"0.492937","5354.98043606","2024-05-21T21:06:32.312Z","b","l"
"0.492937","4000.00000000","2024-05-21T21:06:32.341Z","b","l"
"0.492937","404.52422111","2024-05-21T21:06:32.373Z","b","l"
"0.493192","909.84787426","2024-05-21T21:06:32.373Z","b","l"
"0.493297","155.59742121","2024-05-21T21:06:35.072Z","b","l"
"0.493328","33.79805661","2024-05-21T21:06:56.279Z","s","m"
"0.493328","33.79805661","2024-05-21T21:06:56.279Z","s","m"
"0.493328","33.79805661","2024-05-21T21:06:56.279Z","s","m"
"0.493328","58.70499457","2024-05-21T21:06:56.279Z","s","m"
"0.493328","1901.87027552","2024-05-21T21:06:58.219Z","s","l"
"0.493328","1096.52583039","2024-05-21T21:06:58.219Z","s","l"
"0.493328","4780.06574650","2024-05-21T21:06:58.220Z","s","l"
"0.493261","306.20444722","2024-05-21T21:06:58.220Z","s","l"
"0.493257","2100.00000000","2024-05-21T21:06:58.220Z","s","l"
"0.493241","622.18433971","2024-05-21T21:06:58.220Z","s","l"
"0.493241","971.91793047","2024-05-21T21:06:58.220Z","s","l"
"0.493241","266.49772982","2024-05-21T21:06:58.221Z","s","l"
"0.493191","466.88190270","2024-05-21T21:06:58.221Z","s","l"
"0.493056","111.62152459","2024-05-21T21:06:58.221Z","s","l"
"0.493052","3594.87223741","2024-05-21T21:06:58.221Z","s","l"
"0.493052","6439.12776259","2024-05-21T21:06:58.221Z","s","l"
"0.493052","2306.64060356","2024-05-21T21:06:58.221Z","s","l"
"0.493052","3812.43976307","2024-05-21T21:06:58.221Z","s","l"
"0.493052","3914.91963337","2024-05-21T21:06:58.222Z","s","l"
"0.493049","2113.69941433","2024-05-21T21:06:58.222Z","s","l"
"0.492994","4080.55100411","2024-05-21T21:06:58.222Z","s","l"
"0.492994","1274.48374276","2024-05-21T21:06:58.223Z","s","l"
"0.492881","491.00000000","2024-05-21T21:06:58.223Z","s","l"
"0.492797","807.35049390","2024-05-21T21:06:58.223Z","s","l"
"0.493381","58.11848299","2024-05-21T21:07:10.497Z","b","l"
"0.493380","1000.00000000","2024-05-21T21:07:10.641Z","b","l"
"0.493379","1840.76233692","2024-05-21T21:07:11.251Z","s","l"
"0.493379","33.79805661","2024-05-21T21:07:11.251Z","s","l"
"0.493379","5272.70705135","2024-05-21T21:07:11.251Z","s","l"
"0.493379","603.88452554","2024-05-21T21:07:11.251Z","s","l"
"0.493379","33.79805661","2024-05-21T21:07:11.251Z","s","l"
"0.493379","33.79805661","2024-05-21T21:07:11.251Z","s","l"
"0.493365","2100.00000000","2024-05-21T21:07:11.251Z","s","l"
"0.493329","3892.05663908","2024-05-21T21:07:11.251Z","s","l"
"0.493328","466.88190270","2024-05-21T21:07:11.251Z","s","l"
"0.493328","50.00000000","2024-05-21T21:07:11.251Z","s","l"
"0.493216","3319.55228743","2024-05-21T21:07:11.251Z","s","l"
"0.493216","6714.44771257","2024-05-21T21:07:11.252Z","s","l"
"0.493215","5542.61341169","2024-05-21T21:07:11.252Z","s","l"
"0.493214","1333.39790762","2024-05-21T21:07:11.399Z","s","l"
"0.493194","111.61552897","2024-05-21T21:07:11.399Z","s","l"
"0.493046","10022.00000000","2024-05-21T21:07:11.399Z","s","l"
"0.493003","5354.93698821","2024-05-21T21:07:11.399Z","s","l"
"0.492924","134.04504807","2024-05-21T21:07:11.399Z","s","l"
"0.492924","922.41573074","2024-05-21T21:07:11.401Z","s","l"
"0.492813","522.59770583","2024-05-21T21:07:11.401Z","s","l"
"0.493326","1728.27130522","2024-05-21T21:07:11.445Z","s","l"
"0.492814","1728.27130520","2024-05-21T21:07:11.448Z","s","l"
"0.493143","1251.91247993","2024-05-21T21:07:11.495Z","s","l"
"0.492814","355.72658898","2024-05-21T21:07:11.497Z","s","l"
"0.492814","896.18589093","2024-05-21T21:07:11.497Z","s","l"
"0.493326","1622.65472545","2024-05-21T21:07:11.543Z","s","l"
"0.492814","1622.65472543","2024-05-21T21:07:11.545Z","s","l"
"0.493081","5354.08989598","2024-05-21T21:07:11.554Z","s","l"
"0.493050","4049.51855667","2024-05-21T21:07:11.567Z","b","l"
"0.492977","1175.40671727","2024-05-21T21:07:11.592Z","s","l"
"0.493049","381.82679831","2024-05-21T21:07:11.666Z","b","l"
"0.493050","3667.69175836","2024-05-21T21:07:11.666Z","b","l"
"0.493048","1175.40671727","2024-05-21T21:07:11.690Z","s","l"
"0.492939","5355.63223847","2024-05-21T21:07:11.709Z","s","l"
"0.492916","996.00000000","2024-05-21T21:07:11.719Z","s","l"
"0.493048","1523.49249223","2024-05-21T21:07:11.736Z","s","l"
"0.493048","466.88190270","2024-05-21T21:07:11.751Z","s","l"
"0.493048","1430.39017326","2024-05-21T21:07:11.834Z","s","l"
"0.492943","5355.58878004","2024-05-21T21:07:11.864Z","s","l"