"price","volume","timestamp","type"
"0.469356","43188.436","2024-05-27T18:51:34.000Z","ask"
"0.469128","143.981","2024-05-27T18:51:34.000Z","bid"
"0.468846","12743.227","2024-05-27T18:51:34.000Z","bid"
"0.468413","10000.000","2024-05-27T18:51:34.000Z","bid"
"0.467594","1280.274","2024-05-27T18:51:34.000Z","bid"
"0.466068","10000.000","2024-05-27T18:51:34.000Z","bid"
"0.474413","10.000","2024-05-27T18:51:33.000Z","ask"
"0.469300","2506.031","2024-05-27T18:51:31.000Z","ask"
"0.466855","213.100","2024-05-27T18:51:31.000Z","bid"
"0.469283","125.861","2024-05-27T18:51:30.000Z","ask"
"0.469584","1374.053","2024-05-27T18:51:30.000Z","ask"
"0.469758","559.346","2024-05-27T18:51:30.000Z","ask"
"0.468067","32000.000","2024-05-27T18:51:30.000Z","bid"
"0.467901","1029.149","2024-05-27T18:51:30.000Z","bid"
"0.467928","261.199","2024-05-27T18:51:29.000Z","bid"
"0.469282","112033.642","2024-05-27T18:51:28.000Z","ask"
"0.469306","10662.726","2024-05-27T18:51:28.000Z","ask"
"0.469059","143.981","2024-05-27T18:51:28.000Z","bid"
"0.471095","213.100","2024-05-27T18:51:26.000Z","ask"
"0.468330","18985.200","2024-05-27T18:51:21.000Z","bid"
"0.467900","12455.108","2024-05-27T18:51:20.000Z","bid"
"0.469376","45.726","2024-05-27T18:51:18.000Z","ask"
"0.473407","865.471","2024-05-27T18:51:18.000Z","ask"
"0.473408","21159.738","2024-05-27T18:51:18.000Z","ask"
"0.463769","740874.088","2024-05-27T18:51:18.000Z","bid"
"0.468666","1121.843","2024-05-27T18:51:17.000Z","bid"
"0.470320","27.774","2024-05-27T18:51:16.000Z","ask"
"0.469424","20.173","2024-05-27T18:51:15.000Z","ask"
"0.469281","655.577","2024-05-27T18:51:15.000Z","bid"
"0.469321","366.461","2024-05-27T18:51:12.000Z","ask"
"0.468665","1413.800","2024-05-27T18:51:12.000Z","bid"
"0.469585","2020.192","2024-05-27T18:51:07.000Z","ask"
"0.469588","16624.500","2024-05-27T18:51:07.000Z","ask"
"0.473901","739100.417","2024-05-27T18:51:07.000Z","ask"
"0.469488","88.355","2024-05-27T18:51:06.000Z","ask"
"0.473902","2019.754","2024-05-27T18:51:06.000Z","ask"
"0.468700","5034.342","2024-05-27T18:51:06.000Z","bid"
"0.469839","12000.000","2024-05-27T18:51:03.000Z","ask"
"0.466865","65574.993","2024-05-27T18:51:03.000Z","bid"
"0.468500","2223.609","2024-05-27T18:51:00.000Z","bid"
"0.468452","10616.000","2024-05-27T18:51:00.000Z","bid"
"0.469385","1138.585","2024-05-27T18:50:59.000Z","ask"
"0.470062","3248.262","2024-05-27T18:50:59.000Z","ask"
"0.467825","3248.262","2024-05-27T18:50:59.000Z","bid"
"0.469397","28.719","2024-05-27T18:50:54.000Z","ask"
"0.467840","4143.153","2024-05-27T18:50:54.000Z","bid"
"0.471098","60881.235","2024-05-27T18:50:53.000Z","ask"
"0.469412","2223.571","2024-05-27T18:50:51.000Z","ask"
"0.469506","4685.777","2024-05-27T18:50:44.000Z","ask"
"0.468290","4697.944","2024-05-27T18:50:44.000Z","bid"
"0.468860","852.285","2024-05-27T18:50:41.000Z","bid"
"0.468533","3614.912","2024-05-27T18:50:41.000Z","bid"
"0.468521","16122.000","2024-05-27T18:50:41.000Z","bid"
"0.469320","810.880","2024-05-27T18:50:40.000Z","ask"
"0.468749","10666.689","2024-05-27T18:50:40.000Z","bid"
"0.468493","10652.000","2024-05-27T18:50:40.000Z","bid"
"0.468000","856.603","2024-05-27T18:50:40.000Z","bid"
"0.470164","4143.153","2024-05-27T18:50:39.000Z","ask"
"0.468873","1900.000","2024-05-27T18:50:37.000Z","bid"
"0.469485","56.323","2024-05-27T18:50:36.000Z","ask"
"0.468864","5332.032","2024-05-27T18:50:36.000Z","bid"
"0.469429","315.376","2024-05-27T18:50:35.000Z","ask"
"0.469528","52.022","2024-05-27T18:50:34.000Z","ask"
"0.469337","10653.335","2024-05-27T18:50:32.000Z","ask"
"0.469840","15143.320","2024-05-27T18:50:32.000Z","ask"
"0.470220","2300.460","2024-05-27T18:50:32.000Z","ask"
"0.468983","143.981","2024-05-27T18:50:32.000Z","bid"
"0.467770","14729.320","2024-05-27T18:50:32.000Z","bid"
"0.464155","10772.251","2024-05-27T18:50:32.000Z","bid"
"0.469560","77.634","2024-05-27T18:50:26.000Z","ask"
"0.469593","84.021","2024-05-27T18:50:25.000Z","ask"
"0.469655","10652.000","2024-05-27T18:50:14.000Z","ask"
"0.468648","10668.988","2024-05-27T18:50:14.000Z","bid"
"0.469759","16122.000","2024-05-27T18:50:06.000Z","ask"
"0.469771","3614.912","2024-05-27T18:50:06.000Z","ask"
"0.470228","51052.000","2024-05-27T18:50:06.000Z","ask"
"0.469645","6716.429","2024-05-27T18:50:04.000Z","ask"
"0.469626","2100.000","2024-05-27T18:50:01.000Z","ask"
"0.472652","1516.345","2024-05-27T18:50:01.000Z","ask"
"0.469504","10616.000","2024-05-27T18:50:00.000Z","ask"
"0.472653","10578.591","2024-05-27T18:50:00.000Z","ask"
"0.467527","1013.689","2024-05-27T18:50:00.000Z","bid"
"0.464501","3817.811","2024-05-27T18:49:57.000Z","bid"
"0.466261","1246.177","2024-05-27T18:49:54.000Z","bid"
"0.468424","748.075","2024-05-27T18:49:50.000Z","bid"
"0.469418","62.747","2024-05-27T18:49:46.000Z","ask"
"0.467996","4683.434","2024-05-27T18:49:44.000Z","bid"
"0.469433","50.014","2024-05-27T18:49:39.000Z","ask"
"0.470064","4683.434","2024-05-27T18:49:30.000Z","ask"
"0.469518","390.000","2024-05-27T18:49:03.000Z","ask"
"0.468415","480.000","2024-05-27T18:49:03.000Z","bid"
"0.474199","119532.893","2024-05-27T18:48:55.000Z","ask"
"0.463632","123345.379","2024-05-27T18:48:55.000Z","bid"
"0.468390","10674.865","2024-05-27T18:48:40.000Z","bid"
"0.469586","10647.678","2024-05-27T18:48:20.000Z","ask"
"0.469284","15981.794","2024-05-27T18:48:19.000Z","ask"
"0.469431","851.691","2024-05-27T18:48:04.000Z","ask"
"0.470175","11316.771","2024-05-27T18:47:53.000Z","ask"
"0.469377","360.000","2024-05-27T18:47:52.000Z","ask"
"0.468066","10682.238","2024-05-27T18:47:42.000Z","bid"
"0.468064","11316.771","2024-05-27T18:47:21.000Z","bid"
"0.470364","27812.450","2024-05-27T18:47:12.000Z","ask"
"0.470403","25717.440","2024-05-27T18:47:12.000Z","ask"
"0.467588","27201.720","2024-05-27T18:47:12.000Z","bid"
"0.467549","28272.450","2024-05-27T18:47:12.000Z","bid"
"0.470152","13525.140","2024-05-27T18:47:11.000Z","ask"
"0.471435","40070.000","2024-05-27T18:47:11.000Z","ask"
"0.471534","75.000","2024-05-27T18:47:11.000Z","ask"
"0.468001","10000.000","2024-05-27T18:47:10.000Z","bid"
"0.469000","63.966","2024-05-27T18:47:01.000Z","bid"
"0.469646","450.000","2024-05-27T18:46:32.000Z","ask"
"0.470163","10634.621","2024-05-27T18:46:32.000Z","ask"
"0.469568","56.389","2024-05-27T18:46:28.000Z","ask"
"0.469893","23618.000","2024-05-27T18:46:19.000Z","ask"
"0.469905","5614.205","2024-05-27T18:46:19.000Z","ask"
"0.470609","22713.066","2024-05-27T18:46:19.000Z","ask"
"0.468398","5614.205","2024-05-27T18:46:19.000Z","bid"
"0.468386","23618.000","2024-05-27T18:46:19.000Z","bid"
"0.468151","51052.000","2024-05-27T18:46:19.000Z","bid"
"0.467086","10704.646","2024-05-27T18:46:18.000Z","bid"
"0.464228","10770.555","2024-05-27T18:46:15.000Z","bid"
"0.470690","13334.710","2024-05-27T18:46:13.000Z","ask"
"0.467593","13730.970","2024-05-27T18:46:13.000Z","bid"
"0.467225","396489.388","2024-05-27T18:46:11.000Z","bid"
"0.469895","10640.692","2024-05-27T18:46:10.000Z","ask"
"0.468418","42.697","2024-05-27T18:46:10.000Z","bid"
"0.467927","11316.771","2024-05-27T18:46:10.000Z","bid"
"0.467557","22713.066","2024-05-27T18:46:10.000Z","bid"
"0.467555","81578.000","2024-05-27T18:46:10.000Z","bid"
"0.467436","75.000","2024-05-27T18:46:10.000Z","bid"
"0.467030","10705.931","2024-05-27T18:46:10.000Z","bid"
"0.466617","40070.000","2024-05-27T18:46:10.000Z","bid"
"0.469034","288.114","2024-05-27T18:46:05.000Z","bid"
"0.470131","10000.000","2024-05-27T18:45:41.000Z","ask"
"0.470797","81578.000","2024-05-27T18:45:41.000Z","ask"
"0.470340","11316.771","2024-05-27T18:45:40.000Z","ask"
"0.465782","14221.070","2024-05-27T18:45:40.000Z","bid"
"0.474434","10538.883","2024-05-27T18:45:14.000Z","ask"
"0.467052","14221.070","2024-05-27T18:45:07.000Z","bid"
"0.471949","14221.070","2024-05-27T18:44:37.000Z","ask"
"0.473123","11880.807","2024-05-27T18:44:37.000Z","ask"
"0.464806","9449.555","2024-05-27T18:44:37.000Z","bid"
"0.470844","10619.234","2024-05-27T18:41:39.000Z","ask"
"0.474498","29.823","2024-05-27T18:41:19.000Z","ask"
"0.467970","44.213","2024-05-27T18:36:59.000Z","bid"
"0.474582","20056.000","2024-05-27T18:32:38.000Z","ask"
"0.474277","63.830","2024-05-27T18:31:03.000Z","ask"
"0.466260","20056.000","2024-05-27T18:30:27.000Z","bid"
"0.465086","20056.000","2024-05-27T18:30:27.000Z","bid"
"0.466001","394.037","2024-05-27T18:30:25.000Z","bid"
"0.465000","216508.139","2024-05-27T18:30:25.000Z","bid"
"0.472527","10581.421","2024-05-27T18:30:03.000Z","ask"
"0.470636","640.875","2024-05-27T18:28:58.000Z","ask"
"0.467790","10688.541","2024-05-27T18:28:27.000Z","bid"
"0.471535","10603.674","2024-05-27T18:25:13.000Z","ask"
"0.467500","10000.000","2024-05-27T18:15:56.000Z","bid"
"0.465879","10732.395","2024-05-27T18:13:05.000Z","bid"
"0.475684","167.223","2024-05-27T18:12:28.000Z","ask"
"0.463520","1171.471","2024-05-27T18:01:34.000Z","bid"
"0.475180","800.224","2024-05-27T17:56:20.000Z","ask"
"0.475414","323.232","2024-05-27T17:54:23.000Z","ask"
"0.475578","72.005","2024-05-27T17:50:34.000Z","ask"
"0.475500","300.000","2024-05-27T17:48:21.000Z","ask"
"0.473914","17.528","2024-05-27T17:41:31.000Z","ask"
"0.466799","17.528","2024-05-27T17:40:22.000Z","bid"
"0.473273","850.418","2024-05-27T17:25:45.000Z","ask"
"0.475683","1973.240","2024-05-27T17:23:43.000Z","ask"
"0.472363","19467.902","2024-05-27T17:19:09.000Z","ask"
"0.473990","702.063","2024-05-27T17:08:51.000Z","ask"
"0.464500","16070.546","2024-05-27T16:46:26.000Z","bid"
"0.467379","517.597","2024-05-27T16:42:48.000Z","bid"
"0.475134","150.205","2024-05-27T16:37:09.000Z","ask"
"0.474673","513.158","2024-05-27T16:25:52.000Z","ask"
"0.475286","63.695","2024-05-27T16:21:30.000Z","ask"
"0.474348","170.889","2024-05-27T16:21:27.000Z","ask"
"0.474433","182.839","2024-05-27T16:20:45.000Z","ask"
"0.468507","426.888","2024-05-27T16:15:28.000Z","bid"
"0.475473","43.880","2024-05-27T16:10:26.000Z","ask"
"0.464508","57.236","2024-05-27T16:10:22.000Z","bid"
"0.464158","1063.944","2024-05-27T16:08:25.000Z","bid"
"0.465530","148.951","2024-05-27T16:08:21.000Z","bid"
"0.465111","44.481","2024-05-27T16:08:15.000Z","bid"
"0.464503","10.501","2024-05-27T16:08:14.000Z","bid"
"0.464928","134.137","2024-05-27T16:05:32.000Z","bid"
"0.464784","77.632","2024-05-27T16:04:08.000Z","bid"
"0.466382","184.486","2024-05-27T16:02:39.000Z","bid"
"0.464698","68.612","2024-05-27T16:01:17.000Z","bid"
"0.464316","187.048","2024-05-27T16:01:09.000Z","bid"
"0.463607","119.067","2024-05-27T16:00:22.000Z","bid"
"0.465598","29.357","2024-05-27T15:58:21.000Z","bid"
"0.466945","709.107","2024-05-27T15:49:20.000Z","bid"
"0.467000","64.240","2024-05-27T15:48:02.000Z","bid"
"0.466000","64.378","2024-05-27T15:42:25.000Z","bid"
"0.475004","29.064","2024-05-27T15:41:33.000Z","ask"
"0.465464","519.726","2024-05-27T15:36:54.000Z","bid"
"0.464000","64.656","2024-05-27T15:19:19.000Z","bid"
"0.464620","712.655","2024-05-27T15:04:31.000Z","bid"
"0.463766","534.753","2024-05-27T14:48:40.000Z","bid"
"0.463557","521.865","2024-05-27T14:47:15.000Z","bid"
"0.474947","95.181","2024-05-27T11:33:21.000Z","ask"