"price","volume","time","side","orderType"
"0.457999","5458.52608630","2024-05-26T20:38:36.099Z","s","maker"
"0.457993","140.93630724","2024-05-26T20:38:36.099Z","s","maker"
"0.457609","62.34067200","2024-05-26T20:34:13.972Z","s","maker"
"0.457703","8.12601400","2024-05-26T20:33:33.640Z","b","maker"
"0.457609","185.96874800","2024-05-26T20:33:25.042Z","s","maker"
"0.457630","32.77757140","2024-05-26T20:32:56.287Z","b","taker"
"0.457762","12.43156924","2024-05-26T20:32:56.287Z","b","taker"
"0.457569","17.49899700","2024-05-26T20:31:32.331Z","s","maker"
"0.457569","32.23691400","2024-05-26T20:30:09.996Z","s","taker"
"0.457630","2126.63590700","2024-05-26T20:29:44.051Z","b","maker"
"0.457532","15.79156800","2024-05-26T20:29:17.965Z","s","maker"
"0.457668","456.92128355","2024-05-26T20:27:45.432Z","b","taker"
"0.457532","24.14735600","2024-05-26T20:26:09.126Z","b","maker"
"0.457895","4147.71571500","2024-05-26T20:18:50.139Z","s","maker"
"0.457989","486.88635416","2024-05-26T20:17:05.700Z","s","taker"
"0.457916","200.00000000","2024-05-26T20:15:22.904Z","s","maker"
"0.457914","2.15153800","2024-05-26T20:13:02.032Z","b","maker"
"0.457813","203.37442464","2024-05-26T20:11:41.938Z","b","taker"
"0.457859","124.25778460","2024-05-26T20:11:41.938Z","b","taker"
"0.457813","14.94235300","2024-05-26T20:11:33.889Z","b","maker"
"0.457722","1746.43890192","2024-05-26T20:11:16.392Z","s","taker"
"0.458074","65.49160179","2024-05-26T20:11:14.959Z","s","maker"
"0.457963","436.71650329","2024-05-26T20:11:14.959Z","s","maker"
"0.457800","109.03442988","2024-05-26T20:11:14.959Z","s","maker"
"0.457796","436.87581368","2024-05-26T20:11:14.959Z","s","maker"
"0.457722","1900.00000000","2024-05-26T20:11:14.959Z","s","maker"
"0.457715","873.33881301","2024-05-26T20:11:14.959Z","s","maker"
"0.457699","109.03442988","2024-05-26T20:11:14.959Z","s","maker"
"0.457689","2980.67508147","2024-05-26T20:11:14.959Z","s","maker"
"0.458075","514.14795100","2024-05-26T20:08:45.193Z","b","maker"
"0.458235","20.44671402","2024-05-26T20:04:52.302Z","s","maker"
"0.458123","201.13304398","2024-05-26T20:04:52.302Z","s","maker"
"0.458236","21.50031200","2024-05-26T20:04:40.030Z","b","maker"
"0.458235","3.73838400","2024-05-26T20:03:28.525Z","s","maker"
"0.458495","63.91785621","2024-05-26T20:00:11.309Z","s","taker"
"0.458463","10.00000000","2024-05-26T19:59:30.992Z","b","taker"
"0.458605","80.00000000","2024-05-26T19:57:03.511Z","s","maker"
"0.458535","5.22675500","2024-05-26T19:56:17.231Z","s","maker"
"0.458593","700.00000000","2024-05-26T19:55:58.341Z","s","maker"
"0.458517","3.24753700","2024-05-26T19:54:54.893Z","b","maker"
"0.458517","171.89708100","2024-05-26T19:54:25.031Z","b","maker"
"0.458483","1478.62394100","2024-05-26T19:49:59.756Z","b","maker"
"0.458724","65.45199292","2024-05-26T19:48:21.999Z","b","taker"
"0.458730","278.10476800","2024-05-26T19:45:56.482Z","s","maker"
"0.458869","2845.92356424","2024-05-26T19:45:41.866Z","b","taker"
"0.458646","805.66126383","2024-05-26T19:45:16.041Z","b","taker"
"0.458661","64.16920298","2024-05-26T19:45:16.041Z","b","taker"
"0.458670","18.40194698","2024-05-26T19:45:16.041Z","b","taker"
"0.458700","68.53987510","2024-05-26T19:45:16.041Z","b","taker"
"0.458715","62.05650707","2024-05-26T19:45:16.041Z","b","taker"
"0.458720","57.65184476","2024-05-26T19:45:16.041Z","b","taker"
"0.458723","79.50230841","2024-05-26T19:45:16.041Z","b","taker"
"0.458737","68.62297510","2024-05-26T19:45:16.041Z","b","taker"
"0.458753","79.45423047","2024-05-26T19:45:16.041Z","b","taker"
"0.458763","1043.73511781","2024-05-26T19:45:16.041Z","b","taker"
"0.458772","90.42251790","2024-05-26T19:45:16.041Z","b","taker"
"0.458776","1061.78220959","2024-05-26T19:45:16.041Z","b","taker"
"0.458416","162.16471866","2024-05-26T19:44:34.897Z","s","maker"
"0.458416","60.47162134","2024-05-26T19:44:34.897Z","s","maker"
"0.458455","214.90041000","2024-05-26T19:43:57.030Z","b","maker"
"0.458644","2853.54629902","2024-05-26T19:41:28.092Z","s","maker"
"0.458644","107.96260280","2024-05-26T19:41:28.092Z","s","maker"
"0.458644","204.95198890","2024-05-26T19:41:28.092Z","s","maker"
"0.458645","30.08969200","2024-05-26T19:40:22.632Z","b","maker"
"0.458644","1502.06757178","2024-05-26T19:35:44.644Z","s","maker"
"0.458645","14.68747300","2024-05-26T19:30:58.727Z","b","maker"
"0.458645","2.16959500","2024-05-26T19:30:23.033Z","b","maker"
"0.458644","480.00000000","2024-05-26T19:30:21.410Z","s","maker"
"0.458645","54.50838884","2024-05-26T19:28:29.216Z","b","taker"
"0.458644","134.38612920","2024-05-26T19:27:04.454Z","s","taker"
"0.458644","30.00000000","2024-05-26T19:27:01.883Z","s","maker"
"0.458645","1758.79383837","2024-05-26T19:22:57.181Z","b","taker"
"0.458750","17.38813300","2024-05-26T19:18:01.901Z","b","maker"
"0.458754","20.72666100","2024-05-26T19:17:45.137Z","b","maker"
"0.458732","20.90221000","2024-05-26T19:17:20.256Z","b","maker"
"0.458653","78.49071084","2024-05-26T19:17:00.092Z","b","taker"
"0.458670","40.31939900","2024-05-26T19:15:59.221Z","b","maker"
"0.458479","1229.99306398","2024-05-26T19:14:55.112Z","b","taker"
"0.458479","6646.86693602","2024-05-26T19:14:55.112Z","b","taker"
"0.458938","107.54217734","2024-05-26T19:10:40.637Z","s","maker"
"0.458852","66.31439963","2024-05-26T19:08:24.812Z","b","maker"
"0.458877","31.52896959","2024-05-26T19:08:24.812Z","b","maker"
"0.458884","295.20714187","2024-05-26T19:08:24.812Z","b","maker"
"0.458810","55.50119306","2024-05-26T19:08:24.630Z","b","maker"
"0.458823","24.89091486","2024-05-26T19:08:24.630Z","b","maker"
"0.458834","70.78164290","2024-05-26T19:08:24.630Z","b","maker"
"0.458665","49.02939479","2024-05-26T19:08:18.854Z","b","maker"
"0.458487","1000.00000000","2024-05-26T19:06:31.443Z","b","taker"
"0.458487","1900.00000000","2024-05-26T19:05:55.045Z","b","taker"
"0.458487","100.00000000","2024-05-26T19:05:55.045Z","b","taker"
"0.458902","410.56746900","2024-05-26T19:02:33.093Z","b","maker"
"0.458578","53.71069200","2024-05-26T19:00:00.148Z","b","maker"
"0.458440","129.34368300","2024-05-26T18:59:40.689Z","s","maker"
"0.458789","107.37198100","2024-05-26T18:55:57.032Z","b","maker"
"0.458753","611.75015700","2024-05-26T18:51:47.695Z","b","maker"
"0.458702","55.53543893","2024-05-26T18:48:05.451Z","b","taker"
"0.458735","29.38376322","2024-05-26T18:48:05.451Z","b","taker"
"0.458792","1421.08079785","2024-05-26T18:48:05.451Z","b","taker"
"0.458658","19.99336300","2024-05-26T18:47:39.435Z","s","maker"
"0.458545","59.83316464","2024-05-26T18:46:26.023Z","b","taker"
"0.458548","42.49952188","2024-05-26T18:46:26.023Z","b","taker"
"0.458602","33.74807404","2024-05-26T18:46:26.023Z","b","taker"
"0.458642","55.57244275","2024-05-26T18:46:26.023Z","b","taker"
"0.458663","77.24593106","2024-05-26T18:46:26.023Z","b","taker"
"0.458664","227.69196059","2024-05-26T18:46:26.023Z","b","taker"
"0.458694","3003.40890504","2024-05-26T18:46:26.023Z","b","taker"
"0.458457","250.00000000","2024-05-26T18:41:35.059Z","b","taker"
"0.458327","744.46708700","2024-05-26T18:40:35.095Z","s","maker"
"0.458235","500.00000000","2024-05-26T18:39:49.250Z","s","maker"
"0.458009","21.83363209","2024-05-26T18:38:06.793Z","b","taker"
"0.457992","23.08000000","2024-05-26T18:36:24.981Z","b","taker"
"0.457983","462.65235000","2024-05-26T18:36:19.572Z","b","maker"
"0.458445","1019.69332596","2024-05-26T18:35:07.802Z","s","taker"
"0.458029","77.40460587","2024-05-26T18:30:09.408Z","b","taker"
"0.458061","57.73085842","2024-05-26T18:30:09.408Z","b","taker"
"0.458064","14.05966867","2024-05-26T18:30:09.408Z","b","taker"
"0.458073","31.52583634","2024-05-26T18:30:09.408Z","b","taker"
"0.458082","57.72548221","2024-05-26T18:30:09.408Z","b","taker"
"0.458091","20.67293839","2024-05-26T18:30:09.408Z","b","taker"
"0.458108","31.52316849","2024-05-26T18:30:09.408Z","b","taker"
"0.458129","57.70114756","2024-05-26T18:30:09.408Z","b","taker"
"0.458135","88.39663881","2024-05-26T18:30:09.408Z","b","taker"
"0.457938","2183.70172381","2024-05-26T18:27:26.981Z","s","maker"
"0.457714","723.40718439","2024-05-26T18:25:05.831Z","s","taker"
"0.457714","218.47704024","2024-05-26T18:25:05.831Z","s","taker"
"0.457594","5463.35317463","2024-05-26T18:25:05.831Z","s","taker"
"0.457534","179.07562879","2024-05-26T18:25:05.831Z","s","taker"
"0.457489","375.70275724","2024-05-26T18:25:05.831Z","s","taker"
"0.457479","7511.47421471","2024-05-26T18:25:05.831Z","s","taker"
"0.457715","372.89743100","2024-05-26T18:21:04.257Z","b","maker"
"0.458121","23.54000000","2024-05-26T18:18:46.093Z","s","maker"
"0.457810","24768.76618205","2024-05-26T18:16:12.401Z","b","maker"
"0.457810","10.00000000","2024-05-26T18:16:12.401Z","b","maker"
"0.457810","5460.35712090","2024-05-26T18:16:12.397Z","b","maker"
"0.457810","5460.35712090","2024-05-26T18:16:11.428Z","b","maker"
"0.457810","1000.00000000","2024-05-26T18:16:05.316Z","b","maker"
"0.457810","11.53000000","2024-05-26T18:15:53.152Z","b","taker"
"0.457810","212.58513600","2024-05-26T18:14:50.705Z","b","maker"
"0.457887","437.28032242","2024-05-26T18:12:44.133Z","s","maker"
"0.457848","437.29846885","2024-05-26T18:12:44.133Z","s","maker"
"0.457811","5460.76874518","2024-05-26T18:12:44.133Z","s","maker"
"0.457810","437.30228934","2024-05-26T18:12:44.133Z","s","maker"
"0.457715","2.49587100","2024-05-26T18:09:47.648Z","b","maker"
"0.457980","389.23000000","2024-05-26T18:07:56.811Z","b","maker"
"0.457819","1500.00000000","2024-05-26T18:07:16.900Z","s","taker"
"0.457987","3649.19267979","2024-05-26T18:06:52.020Z","s","maker"
"0.458353","227.15053245","2024-05-26T18:05:18.489Z","s","maker"
"0.458451","9023.75411985","2024-05-26T18:04:18.817Z","s","maker"
"0.458451","453.11560014","2024-05-26T18:04:18.817Z","s","maker"
"0.458849","1337.60761739","2024-05-26T17:58:54.404Z","s","maker"
"0.458759","4250.00000000","2024-05-26T17:51:24.171Z","s","taker"
"0.458538","44.57778535","2024-05-26T17:51:20.837Z","b","taker"
"0.458583","81.68437857","2024-05-26T17:51:20.837Z","b","taker"
"0.458596","42.41421665","2024-05-26T17:51:20.837Z","b","taker"
"0.458637","75.16170656","2024-05-26T17:51:20.837Z","b","taker"
"0.458640","72.92287511","2024-05-26T17:51:20.837Z","b","taker"
"0.458655","72.90070530","2024-05-26T17:51:20.837Z","b","taker"
"0.458782","31.50653376","2024-05-26T17:51:20.837Z","b","taker"
"0.458782","1418.70000000","2024-05-26T17:51:20.837Z","b","taker"
"0.458786","10901.07216112","2024-05-26T17:51:20.837Z","b","taker"
"0.458802","10900.69211101","2024-05-26T17:51:20.837Z","b","taker"
"0.458829","197.36169355","2024-05-26T17:51:20.837Z","b","taker"
"0.458866","3631.18848000","2024-05-26T17:51:20.837Z","b","taker"
"0.458880","5448.05824501","2024-05-26T17:51:20.837Z","b","taker"
"0.458885","1400.59969527","2024-05-26T17:51:20.837Z","b","taker"
"0.458891","871.66141066","2024-05-26T17:51:20.837Z","b","taker"
"0.458907","51.14853482","2024-05-26T17:51:20.837Z","b","taker"
"0.458931","197.36169355","2024-05-26T17:51:20.837Z","b","taker"
"0.458963","23893.12914113","2024-05-26T17:51:20.837Z","b","taker"
"0.458537","137.81478800","2024-05-26T17:51:12.127Z","s","maker"
"0.458353","118.12643175","2024-05-26T17:50:21.747Z","s","taker"
"0.458354","106.16641400","2024-05-26T17:49:25.572Z","b","maker"
"0.458353","91.06794900","2024-05-26T17:46:54.585Z","s","maker"
"0.458725","31.64911900","2024-05-26T17:45:25.601Z","b","maker"
"0.458271","51.15101532","2024-05-26T17:44:38.745Z","b","taker"
"0.458277","44.61039670","2024-05-26T17:44:38.745Z","b","taker"
"0.458398","68.63987341","2024-05-26T17:44:38.745Z","b","taker"
"0.458452","27.23456283","2024-05-26T17:44:38.745Z","b","taker"
"0.458461","59.92384126","2024-05-26T17:44:38.745Z","b","taker"
"0.458576","22.81734559","2024-05-26T17:44:38.745Z","b","taker"
"0.458597","79.47087048","2024-05-26T17:44:38.745Z","b","taker"
"0.458600","64.18873168","2024-05-26T17:44:38.745Z","b","taker"
"0.458605","66.42203515","2024-05-26T17:44:38.745Z","b","taker"
"0.458715","197.47668147","2024-05-26T17:44:38.745Z","b","taker"
"0.458769","818.06464611","2024-05-26T17:44:38.745Z","b","taker"
"0.458204","16.22786632","2024-05-26T17:40:34.666Z","b","maker"
"0.458229","2.26001268","2024-05-26T17:40:34.666Z","b","maker"
"0.458059","89.00000000","2024-05-26T17:39:08.762Z","s","maker"
"0.458092","109.15838882","2024-05-26T17:38:34.734Z","s","taker"
"0.457987","5193.09141962","2024-05-26T17:36:49.607Z","s","maker"
"0.457987","1509.41236238","2024-05-26T17:36:49.607Z","s","maker"
"0.457988","1393.76148300","2024-05-26T17:36:44.184Z","b","maker"
"0.457988","23.08000000","2024-05-26T17:34:52.251Z","b","taker"
"0.458113","23.08000000","2024-05-26T17:34:37.037Z","b","taker"
"0.458070","280.64266396","2024-05-26T17:34:29.656Z","s","taker"
"0.458067","40.62715500","2024-05-26T17:33:25.297Z","b","maker"
"0.458261","22.97548300","2024-05-26T17:31:16.178Z","s","maker"
"0.458250","692.45000000","2024-05-26T17:30:38.051Z","b","taker"
"0.458105","57.79368500","2024-05-26T17:30:03.675Z","s","maker"
"0.458048","116.56442120","2024-05-26T17:28:49.188Z","b","taker"
"0.458013","16.00000000","2024-05-26T17:28:31.372Z","b","taker"
"0.457715","23.08000000","2024-05-26T17:26:46.331Z","b","taker"
"0.457757","23.08000000","2024-05-26T17:26:32.375Z","b","taker"
"0.457822","845.95210100","2024-05-26T17:25:56.968Z","b","maker"
"0.457723","24.68646400","2024-05-26T17:25:50.945Z","s","maker"
"0.457808","2184.34566833","2024-05-26T17:25:31.199Z","s","maker"
"0.457951","982.50271825","2024-05-26T17:24:42.367Z","s","taker"
"0.458051","3500.00000000","2024-05-26T17:23:57.577Z","s","taker"
"0.458051","500.00000000","2024-05-26T17:23:57.577Z","s","taker"
"0.458085","4000.00000000","2024-05-26T17:23:39.863Z","s","taker"
"0.458363","25.09724700","2024-05-26T17:21:59.823Z","b","maker"
"0.458363","3272.50429642","2024-05-26T17:19:56.618Z","s","maker"
"0.458363","2181.67696781","2024-05-26T17:19:48.517Z","s","maker"
"0.458369","117.80901413","2024-05-26T17:19:21.685Z","b","taker"
"0.458313","109.09574897","2024-05-26T17:19:07.929Z","s","taker"
"0.458248","1900.00000000","2024-05-26T17:19:07.929Z","s","taker"
"0.458247","44.22894015","2024-05-26T17:19:07.929Z","s","taker"
"0.458450","22.30074507","2024-05-26T17:16:23.453Z","b","maker"
"0.458573","9.79732593","2024-05-26T17:16:23.453Z","b","maker"
"0.458450","23.07000000","2024-05-26T17:14:51.441Z","b","taker"
"0.458311","21.40864609","2024-05-26T17:14:44.681Z","s","taker"
"0.458311","16.43160131","2024-05-26T17:14:44.681Z","s","taker"
"0.458311","10.27477825","2024-05-26T17:14:44.681Z","s","taker"
"0.458533","13.38000000","2024-05-26T17:12:57.855Z","b","taker"
"0.458534","601.69087800","2024-05-26T17:09:26.789Z","s","taker"
"0.458542","4.67713900","2024-05-26T17:07:06.171Z","b","maker"
"0.458378","1900.00000000","2024-05-26T17:05:32.856Z","s","maker"
"0.458369","432.68142293","2024-05-26T17:05:32.856Z","s","maker"
"0.458237","436.45537134","2024-05-26T17:04:56.782Z","s","maker"
"0.458216","1900.00000000","2024-05-26T17:04:56.782Z","s","maker"
"0.458200","266.22819029","2024-05-26T17:04:56.782Z","s","maker"
"0.458173","2100.00000000","2024-05-26T17:04:56.782Z","s","maker"
"0.458164","5456.55790573","2024-05-26T17:04:56.782Z","s","maker"
"0.458129","5876.59157689","2024-05-26T17:04:56.782Z","s","maker"
"0.458114","715.60077761","2024-05-26T17:04:56.782Z","s","maker"
"0.458095","590.00000000","2024-05-26T17:04:56.782Z","s","maker"
"0.458294","60.00000000","2024-05-26T17:04:47.787Z","s","maker"
"0.458703","5450.14671111","2024-05-26T17:04:24.570Z","s","maker"
"0.458749","5449.59398857","2024-05-26T17:04:01.415Z","s","maker"
"0.458661","715.18301433","2024-05-26T17:04:01.415Z","s","maker"
"0.458649","5876.59157689","2024-05-26T17:04:01.415Z","s","maker"
"0.458644","10901.69303832","2024-05-26T17:04:01.415Z","s","maker"
"0.458640","5876.59157689","2024-05-26T17:04:01.415Z","s","maker"
"0.458930","27.25000000","2024-05-26T17:02:44.811Z","s","maker"
"0.458931","1.55778900","2024-05-26T17:02:20.938Z","b","maker"
"0.458930","150.00000000","2024-05-26T17:00:02.676Z","s","maker"
"0.459244","70.67702936","2024-05-26T16:53:41.499Z","s","taker"
"0.459720","3891.49917340","2024-05-26T16:53:35.450Z","s","maker"
"0.459721","326.19616132","2024-05-26T16:53:04.411Z","b","maker"
"0.459721","952.48661800","2024-05-26T16:52:14.688Z","b","maker"
"0.460522","1573.29617260","2024-05-26T16:48:47.639Z","b","taker"
"0.460060","24.93914639","2024-05-26T16:48:08.221Z","b","maker"
"0.460069","59.64659173","2024-05-26T16:48:08.221Z","b","maker"
"0.460053","229.16228132","2024-05-26T16:48:07.666Z","b","maker"
"0.459974","18.37414493","2024-05-26T16:48:06.435Z","b","maker"
"0.460000","7560.00756000","2024-05-26T16:48:06.435Z","b","maker"
"0.460000","326.62632700","2024-05-26T16:48:06.435Z","b","maker"
"0.460004","703.88017810","2024-05-26T16:48:06.435Z","b","maker"
"0.459819","85.75997799","2024-05-26T16:48:04.302Z","b","maker"
"0.459774","72.73809426","2024-05-26T16:48:04.199Z","b","maker"
"0.459775","33.64379209","2024-05-26T16:48:04.199Z","b","maker"
"0.459778","53.11969912","2024-05-26T16:48:04.199Z","b","maker"
"0.459749","48.86220962","2024-05-26T16:48:03.986Z","b","maker"
"0.459755","90.17869139","2024-05-26T16:48:03.986Z","b","maker"
"0.459282","35.80037472","2024-05-26T16:44:11.310Z","b","maker"
"0.459236","20.63918633","2024-05-26T16:44:08.302Z","b","maker"
"0.459190","116.39122740","2024-05-26T16:44:08.034Z","b","maker"
"0.458945","63.05284813","2024-05-26T16:43:02.946Z","b","maker"
"0.458946","38.44715187","2024-05-26T16:43:02.946Z","b","maker"
"0.459024","1900.00000000","2024-05-26T16:42:30.421Z","b","maker"
"0.459048","12610.56962678","2024-05-26T16:42:30.421Z","b","maker"
"0.459049","5446.04986748","2024-05-26T16:42:30.421Z","b","maker"
"0.459085","10893.97188417","2024-05-26T16:42:30.421Z","b","maker"
"0.459085","10893.97188417","2024-05-26T16:42:30.421Z","b","maker"
"0.459102","1395.39492344","2024-05-26T16:42:30.421Z","b","maker"
"0.459120","10890.40555032","2024-05-26T16:42:30.421Z","b","maker"
"0.458912","475.18908494","2024-05-26T16:41:47.598Z","b","maker"
"0.458912","417.70582432","2024-05-26T16:41:47.598Z","b","maker"
"0.458912","1900.00000000","2024-05-26T16:41:47.595Z","b","maker"
"0.459077","149.17152839","2024-05-26T16:41:20.479Z","b","taker"
"0.459103","40.20462990","2024-05-26T16:41:20.479Z","b","taker"
"0.459175","159.23797850","2024-05-26T16:41:20.479Z","b","taker"
"0.458507","1900.00000000","2024-05-26T16:38:07.208Z","s","maker"
"0.458500","10273.00000000","2024-05-26T16:38:07.208Z","s","maker"
"0.458500","200.00000000","2024-05-26T16:35:13.043Z","s","maker"
"0.458758","400.00000000","2024-05-26T16:33:33.719Z","s","maker"
"0.458754","100.00000000","2024-05-26T16:33:33.719Z","s","maker"
"0.459034","69.72832700","2024-05-26T16:32:30.055Z","s","maker"
"0.459197","79.43239771","2024-05-26T16:31:42.660Z","b","maker"
"0.459195","42.40635220","2024-05-26T16:31:34.027Z","b","maker"
"0.459141","33.67052380","2024-05-26T16:31:27.342Z","b","maker"
"0.459160","77.16250921","2024-05-26T16:31:27.342Z","b","maker"
"0.459069","27.19021056","2024-05-26T16:31:27.320Z","b","maker"
"0.458887","83.72889200","2024-05-26T16:31:25.262Z","b","maker"
"0.458811","11.93401895","2024-05-26T16:31:10.737Z","b","maker"
"0.458822","83.74043819","2024-05-26T16:31:10.737Z","b","maker"
"0.458802","66.41854068","2024-05-26T16:30:53.364Z","b","maker"
"0.458780","31.48419013","2024-05-26T16:30:47.834Z","b","maker"
"0.458628","545.10409308","2024-05-26T16:28:19.476Z","b","taker"
"0.458465","359.41011020","2024-05-26T16:23:51.054Z","s","maker"
"0.458425","1900.00000000","2024-05-26T16:23:51.054Z","s","maker"
"0.458420","5026.98388980","2024-05-26T16:23:51.054Z","s","maker"
"0.458284","12.64585199","2024-05-26T16:23:00.919Z","b","maker"
"0.458371","197.47107970","2024-05-26T16:23:00.919Z","b","maker"
"0.458393","81.65244916","2024-05-26T16:23:00.919Z","b","maker"
"0.458438","197.47107970","2024-05-26T16:23:00.919Z","b","maker"
"0.458439","301.99995951","2024-05-26T16:23:00.919Z","b","maker"
"0.458448","35.84441799","2024-05-26T16:23:00.919Z","b","maker"
"0.458450","40.23205503","2024-05-26T16:23:00.919Z","b","maker"
"0.458535","197.47107970","2024-05-26T16:23:00.919Z","b","maker"
"0.458540","1002.87355922","2024-05-26T16:23:00.919Z","b","maker"
"0.458274","16.29554908","2024-05-26T16:22:03.045Z","b","taker"
"0.458284","29.86445092","2024-05-26T16:22:03.045Z","b","taker"
"0.458233","88.35203724","2024-05-26T16:21:55.321Z","b","maker"
"0.458277","460.85000000","2024-05-26T16:19:16.112Z","b","taker"
"0.458483","225.67000000","2024-05-26T16:18:53.698Z","b","taker"
"0.458483","40.82546800","2024-05-26T16:18:51.086Z","b","maker"
"0.458814","429.05000000","2024-05-26T16:18:10.899Z","b","taker"
"0.458509","1382.43000000","2024-05-26T16:17:57.174Z","b","taker"
"0.458117","1735.47880600","2024-05-26T16:17:25.236Z","b","maker"
"0.458937","10.30000000","2024-05-26T16:16:09.571Z","b","taker"
"0.459398","2678.03726700","2024-05-26T16:14:48.084Z","s","maker"
"0.459960","108.70510479","2024-05-26T16:11:19.859Z","b","taker"
"0.459763","45.82505500","2024-05-26T16:10:58.872Z","s","maker"
"0.459942","2678.03726600","2024-05-26T16:09:46.879Z","s","maker"
"0.459933","4.28419700","2024-05-26T16:08:24.221Z","b","maker"
"0.459897","10.12000000","2024-05-26T16:07:50.854Z","b","taker"
"0.459873","28.76917501","2024-05-26T16:04:56.784Z","b","taker"
"0.459965","77.12660220","2024-05-26T16:04:56.784Z","b","taker"
"0.459967","37.88141734","2024-05-26T16:04:56.784Z","b","taker"
"0.459968","42.25838474","2024-05-26T16:04:56.784Z","b","taker"
"0.459981","11.84850566","2024-05-26T16:04:56.784Z","b","taker"
"0.460004","19.52700629","2024-05-26T16:04:56.784Z","b","taker"
"0.459872","1082.16747500","2024-05-26T16:04:47.168Z","s","maker"
"0.459873","28.72186800","2024-05-26T16:02:52.726Z","b","maker"
"0.459708","11.79435959","2024-05-26T16:01:48.259Z","b","maker"
"0.459723","46.68094557","2024-05-26T16:01:48.259Z","b","maker"
"0.459728","50.95923607","2024-05-26T16:01:48.259Z","b","maker"
"0.459707","5438.24653529","2024-05-26T16:01:42.979Z","s","taker"
"0.459707","1900.00000000","2024-05-26T16:01:42.979Z","s","taker"
"0.459707","8000.00000000","2024-05-26T16:01:42.979Z","s","taker"
"0.459646","217.41493641","2024-05-26T16:01:42.979Z","s","taker"
"0.459641","217.52962481","2024-05-26T16:01:42.979Z","s","taker"
"0.459634","5876.59157689","2024-05-26T16:01:42.979Z","s","taker"
"0.459632","8853.33021777","2024-05-26T16:01:42.979Z","s","taker"
"0.459450","23777.28455770","2024-05-26T16:00:46.604Z","b","taker"
"0.459451","40.14220154","2024-05-26T16:00:46.604Z","b","taker"
"0.459551","68.48345300","2024-05-26T16:00:46.604Z","b","taker"
"0.459555","55.38151699","2024-05-26T16:00:46.604Z","b","taker"
"0.459561","87.99280759","2024-05-26T16:00:46.604Z","b","taker"
"0.459595","33.56211547","2024-05-26T16:00:46.604Z","b","taker"
"0.459632","46.72644646","2024-05-26T16:00:46.604Z","b","taker"
"0.459697","6500.67566245","2024-05-26T16:00:46.604Z","b","taker"
"0.459450","268.04376800","2024-05-26T16:00:35.032Z","b","maker"
"0.459450","5441.28849711","2024-05-26T16:00:33.780Z","s","maker"
"0.459450","639.26207158","2024-05-26T16:00:30.244Z","s","maker"
"0.459551","231.51654700","2024-05-26T15:56:56.033Z","b","maker"
"0.459068","1744.35972186","2024-05-26T15:55:16.061Z","s","taker"
"0.458612","66.36442389","2024-05-26T15:54:47.417Z","b","maker"
"0.458621","46.81261397","2024-05-26T15:54:47.417Z","b","maker"
"0.458321","70.88198516","2024-05-26T15:54:13.223Z","b","maker"
"0.457645","218.41214372","2024-05-26T15:52:06.608Z","s","maker"
"0.457250","10.41081582","2024-05-26T15:51:45.203Z","b","taker"
"0.457714","275.40718439","2024-05-26T15:51:35.668Z","s","taker"
"0.457432","218.47680158","2024-05-26T15:51:35.668Z","s","taker"
"0.457345","3439.39541313","2024-05-26T15:51:35.668Z","s","taker"
"0.457877","95.71441600","2024-05-26T15:50:20.921Z","b","maker"
"0.458212","1747.81632198","2024-05-26T15:49:16.121Z","s","taker"
"0.457714","448.00000000","2024-05-26T15:49:02.028Z","s","taker"
"0.457807","436.86531660","2024-05-26T15:47:54.313Z","s","maker"
"0.457881","528.33315807","2024-05-26T15:47:54.080Z","s","maker"
"0.457939","295.09418284","2024-05-26T15:47:53.841Z","s","maker"
"0.458000","65.50218341","2024-05-26T15:47:53.670Z","s","maker"
"0.458083","45.93000000","2024-05-26T15:47:46.535Z","b","taker"
"0.458187","45.83281498","2024-05-26T15:47:12.547Z","s","maker"
"0.458645","217.84119377","2024-05-26T15:47:09.670Z","s","maker"
"0.458695","436.01957727","2024-05-26T15:47:08.713Z","s","maker"
"0.458900","102.41882763","2024-05-26T15:47:06.903Z","s","maker"
"0.458999","868.73827611","2024-05-26T15:47:06.659Z","s","maker"
"0.459081","435.65296755","2024-05-26T15:47:03.596Z","s","maker"
"0.459243","25.05618728","2024-05-26T15:47:02.697Z","s","maker"
"0.459435","435.31729189","2024-05-26T15:46:55.419Z","s","maker"
"0.459700","3262.99760713","2024-05-26T15:46:44.955Z","s","maker"
"0.460004","719.80590603","2024-05-26T15:46:28.245Z","s","maker"
"0.460638","1085.45104832","2024-05-26T15:46:05.735Z","s","maker"
"0.460684","12.73410310","2024-05-26T15:45:37.608Z","b","taker"
"0.460769","137.58000000","2024-05-26T15:45:35.656Z","b","taker"
"0.460744","15.57246346","2024-05-26T15:45:25.660Z","b","taker"
"0.460742","181.73193200","2024-05-26T15:44:38.578Z","s","maker"
"0.460692","20.03839200","2024-05-26T15:44:02.183Z","b","maker"
"0.460847","108.49587824","2024-05-26T15:43:47.815Z","b","taker"
"0.460934","1000.00000000","2024-05-26T15:43:31.231Z","s","taker"
"0.461028","22.81000000","2024-05-26T15:43:29.456Z","b","taker"
"0.461313","10.32000000","2024-05-26T15:43:08.167Z","b","taker"
"0.461299","5.10968100","2024-05-26T15:41:43.960Z","s","maker"
"0.461038","106.71280000","2024-05-26T15:41:18.072Z","s","maker"
"0.461596","32.70000000","2024-05-26T15:40:08.785Z","b","taker"
"0.461727","17.40597300","2024-05-26T15:38:06.967Z","s","taker"
"0.462073","5410.39820472","2024-05-26T15:34:11.261Z","s","maker"
"0.461969","590.10591228","2024-05-26T15:34:11.261Z","s","maker"
"0.461859","132.72892100","2024-05-26T15:33:30.118Z","s","maker"
"0.461528","12.21454000","2024-05-26T15:27:33.781Z","s","taker"
"0.461803","10.00000000","2024-05-26T15:26:39.727Z","s","taker"
"0.461679","560.00000000","2024-05-26T15:26:39.727Z","s","taker"
"0.461643","2.04930100","2024-05-26T15:26:39.727Z","s","taker"
"0.461996","1298.98219400","2024-05-26T15:22:53.412Z","s","maker"
"0.462134","1500.45000000","2024-05-26T15:22:43.848Z","b","taker"
"0.462286","263.91988084","2024-05-26T15:21:58.619Z","s","maker"
"0.462460","19.49938138","2024-05-26T15:16:46.772Z","b","taker"
"0.462459","115.83783783","2024-05-26T15:16:44.354Z","b","maker"
"0.462382","4.54831584","2024-05-26T15:16:31.162Z","b","taker"
"0.462488","14.93696144","2024-05-26T15:16:31.162Z","b","taker"
"0.462382","18.08474600","2024-05-26T15:16:30.360Z","b","maker"
"0.462341","5000.00000000","2024-05-26T15:15:13.364Z","s","maker"
"0.462381","5406.79655954","2024-05-26T15:13:59.137Z","s","maker"
"0.462381","4593.20344046","2024-05-26T15:13:59.137Z","s","maker"
"0.461834","768.61297121","2024-05-26T15:13:10.681Z","b","maker"
"0.462306","69.13343110","2024-05-26T15:10:03.895Z","s","maker"
"0.462307","2121.91000000","2024-05-26T15:08:19.980Z","b","taker"
"0.462307","2.10496200","2024-05-26T15:08:15.303Z","b","maker"
"0.462306","275.33916898","2024-05-26T15:07:32.651Z","b","maker"
"0.461950","39.99819429","2024-05-26T15:06:32.982Z","b","maker"
"0.462306","390.39000000","2024-05-26T15:03:22.415Z","b","taker"
"0.462208","67.98069317","2024-05-26T15:01:23.236Z","b","maker"
"0.462144","50.74803185","2024-05-26T15:01:04.428Z","b","maker"
"0.462157","13.91686803","2024-05-26T15:01:04.428Z","b","maker"
"0.462168","65.50218341","2024-05-26T15:01:04.428Z","b","maker"
"0.462103","63.75549440","2024-05-26T15:00:51.212Z","b","maker"
"0.462025","37.72628769","2024-05-26T15:00:51.006Z","b","maker"
"0.462063","89.78180278","2024-05-26T15:00:51.006Z","b","maker"
"0.462077","63.80466264","2024-05-26T15:00:51.006Z","b","maker"
"0.462080","44.31166683","2024-05-26T15:00:51.006Z","b","maker"
"0.461885","11.80545675","2024-05-26T15:00:06.024Z","b","maker"
"0.461892","11.85237876","2024-05-26T15:00:06.024Z","b","maker"
"0.461884","20.00000000","2024-05-26T14:59:19.803Z","s","maker"
"0.461884","320.42885505","2024-05-26T14:59:02.415Z","s","maker"
"0.461878","5876.59157689","2024-05-26T14:59:02.415Z","s","maker"
"0.461877","3802.97956806","2024-05-26T14:59:02.415Z","s","maker"
"0.461867","100.00000000","2024-05-26T14:58:13.192Z","b","taker"
"0.461866","41.33994760","2024-05-26T14:57:24.679Z","b","maker"
"0.461865","400.59380100","2024-05-26T14:56:24.151Z","s","maker"
"0.461866","15.29559268","2024-05-26T14:55:43.885Z","b","taker"
"0.461865","5412.83708442","2024-05-26T14:55:42.873Z","s","maker"
"0.461865","1900.00000000","2024-05-26T14:55:42.873Z","s","maker"
"0.461865","1631.72064942","2024-05-26T14:55:42.873Z","s","maker"
"0.461865","1055.44226616","2024-05-26T14:55:42.873Z","s","maker"
"0.461564","847.30841056","2024-05-26T14:54:39.576Z","b","maker"
"0.461631","345.53901100","2024-05-26T14:54:23.333Z","b","maker"
"0.461774","87.56091157","2024-05-26T14:54:00.458Z","b","maker"
"0.461858","89.74815930","2024-05-26T14:54:00.458Z","b","maker"
"0.461866","28.81345713","2024-05-26T14:54:00.458Z","b","maker"
"0.461608","83.67982604","2024-05-26T14:53:38.289Z","b","maker"
"0.461484","33.51078670","2024-05-26T14:53:10.269Z","b","taker"
"0.461608","211.41435680","2024-05-26T14:53:10.269Z","b","taker"
"0.461342","42.06770600","2024-05-26T14:50:24.639Z","b","maker"
"0.461465","55.13616599","2024-05-26T14:47:32.948Z","b","maker"
"0.461426","28.77949037","2024-05-26T14:47:32.924Z","b","maker"
"0.461223","528.12182586","2024-05-26T14:47:31.447Z","b","maker"
"0.460639","22.72972503","2024-05-26T14:46:56.840Z","b","maker"
"0.460420","61.80259394","2024-05-26T14:46:21.719Z","b","maker"
"0.460360","40.05682156","2024-05-26T14:46:20.634Z","b","maker"
"0.460342","20.55342170","2024-05-26T14:46:11.755Z","b","maker"
"0.460302","46.56325391","2024-05-26T14:46:11.228Z","b","maker"
"0.460305","66.11933375","2024-05-26T14:46:11.228Z","b","maker"
"0.460168","16.17616226","2024-05-26T14:46:11.061Z","b","maker"
"0.460140","20.55827190","2024-05-26T14:46:09.474Z","b","maker"
"0.460040","68.38825350","2024-05-26T14:45:53.269Z","b","maker"
"0.460028","27.12730966","2024-05-26T14:45:51.449Z","b","maker"
"0.460004","386.69509631","2024-05-26T14:45:07.609Z","b","maker"
"0.460013","64.04573347","2024-05-26T14:45:07.609Z","b","maker"
"0.460004","249.69030000","2024-05-26T14:44:28.163Z","b","maker"
"0.460004","87.02178808","2024-05-26T14:44:24.625Z","b","taker"
"0.459655","19.54946100","2024-05-26T14:42:22.446Z","s","maker"
"0.459639","66.19284482","2024-05-26T14:41:34.489Z","b","maker"
"0.459807","161.75634194","2024-05-26T14:41:34.489Z","b","maker"
"0.459861","42.23777037","2024-05-26T14:41:34.489Z","b","maker"
"0.459925","712.22603906","2024-05-26T14:41:34.489Z","b","maker"
"0.459975","1900.00000000","2024-05-26T14:41:34.489Z","b","maker"
"0.459992","1401.53583981","2024-05-26T14:41:34.489Z","b","maker"
"0.459405","44.56521570","2024-05-26T14:41:04.994Z","b","maker"
"0.459383","29.27408365","2024-05-26T14:41:04.684Z","b","maker"
"0.459259","29.25803124","2024-05-26T14:40:12.792Z","b","maker"
"0.459150","55.39352791","2024-05-26T14:38:40.091Z","b","maker"
"0.458956","16.25289642","2024-05-26T14:38:39.586Z","b","maker"
"0.458974","42.39870906","2024-05-26T14:38:39.586Z","b","maker"
"0.458975","33.64925217","2024-05-26T14:38:39.586Z","b","maker"
"0.458792","70.72367897","2024-05-26T14:38:30.807Z","b","maker"
"0.458811","88.24368696","2024-05-26T14:38:30.807Z","b","maker"
"0.458433","2.17059800","2024-05-26T14:30:56.294Z","b","maker"
"0.458188","10.30000000","2024-05-26T14:29:06.803Z","b","taker"
"0.458937","157.08352445","2024-05-26T14:25:36.793Z","s","taker"
"0.458937","123.19163171","2024-05-26T14:25:36.793Z","s","taker"
"0.458937","1608.90574169","2024-05-26T14:25:36.793Z","s","taker"
"0.458937","1526.30206989","2024-05-26T14:25:36.793Z","s","taker"
"0.458825","156.48293500","2024-05-26T14:25:03.705Z","s","maker"
"0.458820","458.82066300","2024-05-26T14:24:00.437Z","s","maker"
"0.459068","2.12519700","2024-05-26T14:23:15.644Z","b","maker"
"0.459152","14.28000000","2024-05-26T14:22:40.338Z","b","taker"
"0.459318","1536.32703100","2024-05-26T14:22:03.147Z","s","maker"
"0.459315","218.26000000","2024-05-26T14:20:29.504Z","b","maker"
"0.459271","2.14518600","2024-05-26T14:19:57.031Z","b","maker"
"0.459547","217.60607207","2024-05-26T14:18:56.451Z","b","maker"
"0.459546","311.60199200","2024-05-26T14:17:40.699Z","s","maker"
"0.459586","5.40703585","2024-05-26T14:17:36.034Z","b","maker"
"0.459648","0.17556315","2024-05-26T14:17:36.034Z","b","maker"
"0.459586","23.85937137","2024-05-26T14:15:50.444Z","b","taker"
"0.459607","3138.19000000","2024-05-26T14:09:52.927Z","b","taker"
"0.459493","21.76240674","2024-05-26T14:09:24.337Z","b","taker"
"0.459401","29.15762863","2024-05-26T14:08:34.486Z","b","taker"
"0.459265","20.00000000","2024-05-26T14:05:31.185Z","b","taker"
"0.459333","1000.00000000","2024-05-26T14:01:04.985Z","b","maker"
"0.459255","27.05194256","2024-05-26T14:00:40.470Z","b","maker"
"0.459193","88.17124100","2024-05-26T14:00:40.228Z","b","maker"
"0.459194","79.35897995","2024-05-26T14:00:40.228Z","b","maker"
"0.459161","90.29804642","2024-05-26T14:00:40.227Z","b","maker"
"0.459090","22.84882010","2024-05-26T14:00:37.503Z","b","maker"
"0.458809","173.12082581","2024-05-26T14:00:23.631Z","b","maker"
"0.458778","53.25362306","2024-05-26T14:00:23.236Z","b","maker"
"0.458705","86.00018312","2024-05-26T13:59:37.242Z","b","maker"
"0.458715","38.09640838","2024-05-26T13:59:37.242Z","b","maker"
"0.458555","72.95698501","2024-05-26T13:57:49.719Z","b","maker"
"0.458583","48.94782995","2024-05-26T13:57:49.719Z","b","maker"
"0.458590","57.71467492","2024-05-26T13:57:49.719Z","b","maker"
"0.458600","10.89249370","2024-05-26T13:57:49.719Z","b","maker"
"0.458602","70.73006912","2024-05-26T13:57:49.719Z","b","maker"
"0.458622","29.32968408","2024-05-26T13:57:49.719Z","b","maker"
"0.458624","59.87112430","2024-05-26T13:57:49.719Z","b","maker"
"0.458704","8159.35690092","2024-05-26T13:57:49.719Z","b","maker"
"0.458554","8.06120200","2024-05-26T13:56:43.022Z","s","maker"
"0.458334","300.00000000","2024-05-26T13:55:17.449Z","b","taker"
"0.458276","21.49843500","2024-05-26T13:55:00.032Z","b","maker"
"0.458394","106.40608800","2024-05-26T13:54:43.516Z","b","maker"
"0.458266","1604.56263393","2024-05-26T13:53:24.098Z","b","taker"
"0.458143","250.00000000","2024-05-26T13:49:01.820Z","s","maker"
"0.457965","88.36523909","2024-05-26T13:46:35.755Z","b","taker"
"0.458083","13.70476091","2024-05-26T13:46:35.755Z","b","taker"
"0.457611","9.71191095","2024-05-26T13:46:29.069Z","b","maker"
"0.457690","29.42697033","2024-05-26T13:46:29.069Z","b","maker"
"0.457400","2000.00000000","2024-05-26T13:44:52.806Z","b","maker"
"0.457611","21.91328228","2024-05-26T13:42:23.295Z","b","taker"
"0.457258","69.46397245","2024-05-26T13:41:50.033Z","s","maker"
"0.457259","35.55700300","2024-05-26T13:41:43.224Z","b","taker"
"0.457500","9431.84626537","2024-05-26T13:41:42.281Z","s","maker"
"0.457714","723.40718439","2024-05-26T13:40:16.363Z","s","taker"
"0.457714","323.34566634","2024-05-26T13:40:16.363Z","s","taker"
"0.457700","32.77255844","2024-05-26T13:40:16.363Z","s","taker"
"0.457604","323.34566634","2024-05-26T13:40:16.363Z","s","taker"
"0.457555","344.30777663","2024-05-26T13:40:16.363Z","s","taker"
"0.457715","48.45592392","2024-05-26T13:40:10.303Z","b","taker"
"0.457881","528.33315806","2024-05-26T13:39:55.162Z","s","maker"
"0.457939","295.09418284","2024-05-26T13:39:55.115Z","s","maker"
"0.457979","735.97172102","2024-05-26T13:39:55.110Z","s","maker"
"0.457979","1000.00000000","2024-05-26T13:39:55.108Z","s","maker"
"0.457980","19.52499900","2024-05-26T13:39:54.968Z","b","taker"
"0.457980","10.81927337","2024-05-26T13:39:39.509Z","b","maker"
"0.457980","46.05000000","2024-05-26T13:38:57.533Z","b","taker"
"0.457980","63.64476476","2024-05-26T13:38:45.176Z","b","taker"
"0.457980","132.72892100","2024-05-26T13:38:37.052Z","b","maker"
"0.458206","46.97000000","2024-05-26T13:37:36.300Z","b","taker"
"0.458958","77.81288989","2024-05-26T13:32:23.693Z","b","taker"
"0.458910","10.46000000","2024-05-26T13:31:04.587Z","b","taker"
"0.459198","1381.90000000","2024-05-26T13:29:29.670Z","b","taker"
"0.459066","28.33157532","2024-05-26T13:29:09.782Z","b","taker"
"0.458740","138.15000000","2024-05-26T13:27:13.952Z","b","taker"
"0.458941","138.15000000","2024-05-26T13:26:45.891Z","b","taker"
"0.458946","28.48000000","2024-05-26T13:26:36.955Z","b","taker"
"0.459135","803.86000000","2024-05-26T13:26:14.843Z","b","taker"
"0.459228","1000.00000000","2024-05-26T13:25:47.434Z","s","maker"
"0.459295","206.25479600","2024-05-26T13:24:39.705Z","s","taker"
"0.459332","86.10663900","2024-05-26T13:22:39.615Z","s","taker"
"0.458953","1250.00000000","2024-05-26T13:19:09.427Z","s","maker"
"0.459035","402.13038100","2024-05-26T13:18:09.987Z","s","maker"
"0.459159","101.75887500","2024-05-26T13:15:31.154Z","b","maker"
"0.458892","460.51000000","2024-05-26T13:15:12.657Z","b","taker"
"0.458952","23.02000000","2024-05-26T13:14:13.140Z","b","taker"
"0.458963","5447.05166909","2024-05-26T13:12:36.751Z","s","taker"
"0.458933","217.84214286","2024-05-26T13:12:36.751Z","s","taker"
"0.458910","2100.00000000","2024-05-26T13:12:36.751Z","s","taker"
"0.458901","778.62251189","2024-05-26T13:12:36.751Z","s","taker"
"0.458877","5876.59157689","2024-05-26T13:12:36.751Z","s","taker"
"0.458877","10896.14906631","2024-05-26T13:12:36.751Z","s","taker"
"0.458873","5447.05166909","2024-05-26T13:12:36.751Z","s","taker"
"0.458838","500.00000000","2024-05-26T13:12:36.751Z","s","taker"
"0.458802","1631.72064942","2024-05-26T13:12:36.751Z","s","taker"
"0.458802","10000.00000000","2024-05-26T13:12:36.751Z","s","taker"
"0.458800","1048.90368913","2024-05-26T13:12:36.751Z","s","taker"
"0.458775","422.84826886","2024-05-26T13:12:36.751Z","s","taker"
"0.458762","10898.87921211","2024-05-26T13:12:36.751Z","s","taker"
"0.458728","3666.99810000","2024-05-26T13:12:36.751Z","s","taker"
"0.458712","77.36082494","2024-05-26T13:12:36.751Z","s","taker"
"0.458711","16128.00000000","2024-05-26T13:12:36.751Z","s","taker"
"0.458707","54467.22231502","2024-05-26T13:12:36.751Z","s","taker"
"0.458634","1409.80000000","2024-05-26T13:12:36.751Z","s","taker"
"0.458598","5615.59950000","2024-05-26T13:12:36.751Z","s","taker"
"0.458598","43137.67341558","2024-05-26T13:12:36.751Z","s","taker"
"0.458587","2272.96436972","2024-05-26T13:12:36.751Z","s","taker"
"0.458540","713.89000000","2024-05-26T13:12:36.751Z","s","taker"
"0.458538","4318.07178467","2024-05-26T13:12:36.751Z","s","taker"
"0.458526","10876.00000000","2024-05-26T13:12:36.751Z","s","taker"
"0.458525","10871.00000000","2024-05-26T13:12:36.751Z","s","taker"
"0.458481","16029.75923465","2024-05-26T13:12:36.751Z","s","taker"
"0.459573","2020.78690436","2024-05-26T13:10:48.761Z","b","maker"
"0.459554","10.00000000","2024-05-26T13:07:44.528Z","s","maker"
"0.459858","23.00000000","2024-05-26T13:06:53.075Z","s","taker"
"0.459661","217.45819637","2024-05-26T13:06:53.075Z","s","taker"
"0.459600","217.45819637","2024-05-26T13:06:53.075Z","s","taker"
"0.459487","550.00000000","2024-05-26T13:06:53.075Z","s","taker"
"0.459482","1900.00000000","2024-05-26T13:06:53.075Z","s","taker"
"0.459477","5440.96164098","2024-05-26T13:06:53.075Z","s","taker"
"0.459426","870.29401877","2024-05-26T13:06:53.075Z","s","taker"
"0.459414","792.64111898","2024-05-26T13:06:53.075Z","s","taker"
"0.459368","10884.49851422","2024-05-26T13:06:53.075Z","s","taker"
"0.459352","510.00000000","2024-05-26T13:06:53.075Z","s","taker"
"0.459304","2293.68831431","2024-05-26T13:06:53.075Z","s","taker"
"0.459853","44.47763400","2024-05-26T13:03:06.427Z","b","maker"
"0.459859","57.12368600","2024-05-26T13:03:06.427Z","b","maker"
"0.459666","35.82512281","2024-05-26T13:03:03.715Z","b","maker"
"0.459635","57.49267947","2024-05-26T13:03:03.701Z","b","maker"
"0.459634","1670.67860000","2024-05-26T13:02:56.491Z","s","taker"
"0.459634","8000.00000000","2024-05-26T13:02:56.491Z","s","taker"
"0.459634","5329.32140000","2024-05-26T13:02:56.491Z","s","taker"
"0.459634","229.32140000","2024-05-26T13:02:22.958Z","s","taker"
"0.459473","53.60607000","2024-05-26T13:00:05.032Z","b","maker"
"0.459274","81.40053800","2024-05-26T12:59:34.525Z","s","maker"
"0.459375","1741.49659863","2024-05-26T12:57:14.081Z","s","taker"
"0.459467","435.28697381","2024-05-26T12:56:52.218Z","s","maker"
"0.459454","69.46397245","2024-05-26T12:56:52.218Z","s","maker"
"0.459375","5442.16538787","2024-05-26T12:56:52.218Z","s","maker"
"0.459468","2710.00000000","2024-05-26T12:55:07.302Z","b","maker"
"0.459468","961.57968787","2024-05-26T12:55:07.302Z","b","maker"
"0.459468","262.11042950","2024-05-26T12:55:07.302Z","b","maker"
"0.459468","72.83331409","2024-05-26T12:55:07.302Z","b","maker"
"0.459468","187.60579279","2024-05-26T12:55:07.302Z","b","maker"
"0.459468","167.87887921","2024-05-26T12:55:07.302Z","b","maker"
"0.459468","52.58048090","2024-05-26T12:55:07.302Z","b","maker"
"0.459468","1026.48674623","2024-05-26T12:55:07.302Z","b","maker"
"0.459468","1105.82239879","2024-05-26T12:55:07.302Z","b","maker"
"0.459468","794.17760121","2024-05-26T12:55:07.302Z","b","maker"
"0.459468","1864.82239879","2024-05-26T12:55:07.302Z","b","maker"
"0.459468","160.38579557","2024-05-26T12:55:07.302Z","b","maker"
"0.459468","3851.38338253","2024-05-26T12:55:07.302Z","b","maker"
"0.459468","2528.51535680","2024-05-26T12:55:07.302Z","b","maker"
"0.459468","5442.27316272","2024-05-26T12:55:07.302Z","b","maker"
"0.459468","2911.36214167","2024-05-26T12:55:07.302Z","b","maker"
"0.459468","14431.71733611","2024-05-26T12:55:07.302Z","b","maker"
"0.459800","370.23869700","2024-05-26T12:53:26.790Z","s","maker"
"0.460065","11.47279500","2024-05-26T12:47:15.303Z","s","maker"
"0.460323","51.83623881","2024-05-26T12:45:39.387Z","b","taker"
"0.460354","48.78983558","2024-05-26T12:45:39.387Z","b","taker"
"0.460445","40.15167416","2024-05-26T12:45:39.387Z","b","taker"
"0.460516","217.25032777","2024-05-26T12:45:39.387Z","b","taker"
"0.460594","20.51470534","2024-05-26T12:45:39.387Z","b","taker"
"0.460614","35.77151912","2024-05-26T12:45:39.387Z","b","taker"
"0.460615","59.54734140","2024-05-26T12:45:39.387Z","b","taker"
"0.460620","83.44649946","2024-05-26T12:45:39.387Z","b","taker"
"0.460623","57.37312857","2024-05-26T12:45:39.387Z","b","taker"
"0.460629","59.39872979","2024-05-26T12:45:39.387Z","b","taker"
"0.460299","21.21620188","2024-05-26T12:44:51.166Z","b","taker"
"0.460323","1.25379812","2024-05-26T12:44:51.166Z","b","taker"
"0.460299","44.93000000","2024-05-26T12:44:08.656Z","b","taker"
"0.460143","198.82202431","2024-05-26T12:43:53.507Z","b","maker"
"0.459906","49.50698000","2024-05-26T12:41:24.578Z","b","maker"
"0.459884","10.00000000","2024-05-26T12:39:39.624Z","b","maker"
"0.459884","11.48000000","2024-05-26T12:39:33.262Z","b","taker"
"0.459949","32.17237309","2024-05-26T12:38:30.339Z","b","taker"
"0.460110","62.96527155","2024-05-26T12:38:30.339Z","b","taker"
"0.459949","10.16000000","2024-05-26T12:38:27.085Z","b","taker"
"0.459800","64.73130300","2024-05-26T12:35:47.457Z","s","maker"
"0.459959","5435.26367933","2024-05-26T12:33:16.144Z","s","maker"
"0.459939","196.71261645","2024-05-26T12:33:16.144Z","s","maker"
"0.459895","39.64439322","2024-05-26T12:33:16.144Z","s","maker"
"0.460289","1468.39418200","2024-05-26T12:30:38.260Z","b","maker"
"0.460198","70.49837305","2024-05-26T12:27:54.222Z","b","taker"
"0.460199","29.30040987","2024-05-26T12:27:54.222Z","b","taker"
"0.460204","57.53430307","2024-05-26T12:27:54.222Z","b","taker"
"0.460208","44.51383842","2024-05-26T12:27:54.222Z","b","taker"
"0.460248","61.77068680","2024-05-26T12:27:54.222Z","b","taker"
"0.460266","869.00293052","2024-05-26T12:27:54.222Z","b","taker"
"0.460267","83.60683797","2024-05-26T12:27:54.222Z","b","taker"
"0.460288","81.36549278","2024-05-26T12:27:54.222Z","b","taker"
"0.460292","31.46564283","2024-05-26T12:27:54.222Z","b","taker"
"0.460335","843.49632333","2024-05-26T12:27:54.222Z","b","taker"
"0.460102","10.28000000","2024-05-26T12:22:19.052Z","b","taker"
"0.459899","1252.13000000","2024-05-26T12:18:45.245Z","s","taker"
"0.460000","97.87000000","2024-05-26T12:18:03.242Z","b","taker"
"0.461067","1183.00000000","2024-05-26T12:11:42.517Z","s","maker"
"0.461317","16.69910333","2024-05-26T12:09:05.438Z","b","maker"
"0.461324","33.54388915","2024-05-26T12:09:05.438Z","b","maker"
"0.461326","37.76240786","2024-05-26T12:09:05.438Z","b","maker"
"0.461384","48.72956104","2024-05-26T12:09:05.438Z","b","maker"
"0.461469","285.83194662","2024-05-26T12:09:05.438Z","b","maker"
"0.461317","8.16450200","2024-05-26T12:09:03.804Z","b","maker"
"0.461139","44.38614819","2024-05-26T12:08:15.688Z","b","taker"
"0.461240","31.35365662","2024-05-26T12:08:15.688Z","b","taker"
"0.461266","16.10197645","2024-05-26T12:08:15.688Z","b","taker"
"0.461301","30.08821874","2024-05-26T12:08:15.688Z","b","taker"
"0.461138","1874.95294700","2024-05-26T12:08:14.172Z","s","maker"
"0.460873","1073.43808100","2024-05-26T12:02:39.863Z","s","maker"
"0.460724","1735.32789900","2024-05-26T12:01:38.378Z","s","taker"
"0.460634","1735.97172102","2024-05-26T11:58:14.060Z","s","taker"
"0.460837","63.94183100","2024-05-26T11:57:11.950Z","s","maker"
"0.460940","20.73675533","2024-05-26T11:56:44.211Z","b","taker"
"0.460944","485.00000000","2024-05-26T11:54:56.423Z","s","taker"
"0.461008","64.90095800","2024-05-26T11:54:51.314Z","b","maker"
"0.461625","232.93281400","2024-05-26T11:44:17.244Z","s","maker"
"0.461136","137.72387173","2024-05-26T11:38:31.307Z","s","taker"
"0.461558","22.61198304","2024-05-26T11:35:04.867Z","b","maker"
"0.461676","20.46320134","2024-05-26T11:35:04.867Z","b","maker"
"0.461701","264.32243003","2024-05-26T11:35:04.867Z","b","maker"
"0.461751","264.32243003","2024-05-26T11:35:04.867Z","b","maker"
"0.461847","37.83083519","2024-05-26T11:35:04.867Z","b","maker"
"0.461911","444.18052737","2024-05-26T11:35:04.867Z","b","maker"
"0.461557","729.03847400","2024-05-26T11:34:35.886Z","s","maker"
"0.461557","629.60408137","2024-05-26T11:31:21.205Z","s","maker"
"0.461499","18.38595037","2024-05-26T11:30:26.607Z","b","maker"
"0.461498","6000.00000000","2024-05-26T11:29:51.779Z","s","maker"
"0.461432","20.50897584","2024-05-26T11:29:48.149Z","b","maker"
"0.461431","8.00000000","2024-05-26T11:27:21.039Z","s","maker"
"0.461146","59.17164958","2024-05-26T11:24:06.879Z","b","maker"
"0.461146","9.01031700","2024-05-26T11:21:33.544Z","b","maker"
"0.461101","40.00000000","2024-05-26T11:20:47.927Z","s","maker"
"0.460999","867.68084095","2024-05-26T11:19:33.888Z","s","maker"
"0.461378","38.22200000","2024-05-26T11:16:08.485Z","s","maker"
"0.461709","53.79966900","2024-05-26T11:15:00.698Z","s","maker"
"0.461411","177.62563234","2024-05-26T11:08:00.657Z","s","maker"
"0.461405","177.62948163","2024-05-26T11:08:00.657Z","s","maker"
"0.461384","177.64045302","2024-05-26T11:08:00.657Z","s","maker"
"0.461295","3292.10443301","2024-05-26T11:08:00.657Z","s","maker"
"0.461557","7650.00000000","2024-05-26T11:07:17.309Z","s","maker"
"0.461564","1799.00000000","2024-05-26T11:06:08.524Z","s","maker"
"0.461796","218.28627808","2024-05-26T11:01:25.037Z","s","taker"
"0.461608","295.09418284","2024-05-26T11:00:03.246Z","b","maker"
"0.461608","320.61870745","2024-05-26T11:00:03.246Z","b","maker"
"0.461550","29.07735450","2024-05-26T10:59:46.980Z","b","maker"
"0.461531","63.78379749","2024-05-26T10:59:41.786Z","b","maker"
"0.461458","46.43300933","2024-05-26T10:57:55.518Z","b","maker"
"0.461372","72.47413867","2024-05-26T10:57:54.878Z","b","maker"
"0.461341","66.03960850","2024-05-26T10:57:49.886Z","b","maker"
"0.461287","87.63349722","2024-05-26T10:57:49.864Z","b","maker"
"0.461272","5187.55074194","2024-05-26T10:57:49.836Z","b","maker"
"0.461272","5187.55074194","2024-05-26T10:57:49.836Z","b","maker"
"0.461245","59.45104506","2024-05-26T10:57:49.791Z","b","maker"
"0.461223","528.12182586","2024-05-26T10:57:49.782Z","b","maker"
"0.460924","85.60713267","2024-05-26T10:53:03.626Z","b","maker"
"0.460908","244.01065080","2024-05-26T10:53:01.485Z","b","maker"
"0.460909","53.00816979","2024-05-26T10:53:01.485Z","b","maker"
"0.460910","53.10233176","2024-05-26T10:53:01.485Z","b","maker"
"0.460907","4321.82201372","2024-05-26T10:48:58.904Z","s","maker"
"0.460823","22.18952228","2024-05-26T10:48:58.904Z","s","maker"
"0.460907","1087.08413596","2024-05-26T10:48:36.139Z","s","taker"
"0.460907","15.18157300","2024-05-26T10:45:21.237Z","s","maker"
"0.460851","59.57028571","2024-05-26T10:42:42.567Z","b","maker"
"0.460855","81.28512220","2024-05-26T10:42:42.567Z","b","maker"
"0.460856","42.16458777","2024-05-26T10:42:42.567Z","b","maker"
"0.460857","18.36786224","2024-05-26T10:42:42.567Z","b","maker"
"0.460222","29.21099919","2024-05-26T10:40:42.263Z","b","maker"
"0.460241","83.53171332","2024-05-26T10:40:42.263Z","b","maker"
"0.460256","11.89958112","2024-05-26T10:40:42.263Z","b","maker"
"0.460315","81.41031229","2024-05-26T10:40:42.263Z","b","maker"
"0.460377","48.75173495","2024-05-26T10:40:42.263Z","b","maker"
"0.460389","292.25057934","2024-05-26T10:40:42.263Z","b","maker"
"0.460446","31.44247302","2024-05-26T10:40:42.263Z","b","maker"
"0.460503","57.50090938","2024-05-26T10:40:42.263Z","b","maker"
"0.460529","40.09037678","2024-05-26T10:40:42.263Z","b","maker"
"0.460536","31.37987875","2024-05-26T10:40:42.263Z","b","maker"
"0.460561","57.42522778","2024-05-26T10:40:42.263Z","b","maker"
"0.460568","312.42108108","2024-05-26T10:40:42.263Z","b","maker"
"0.460182","1000.00000000","2024-05-26T10:35:57.851Z","s","maker"
"0.459938","44.33034250","2024-05-26T10:32:47.292Z","b","maker"
"0.459951","31.42207357","2024-05-26T10:32:47.292Z","b","maker"
"0.460098","35.21503793","2024-05-26T10:32:47.292Z","b","maker"
"0.459938","2.34091200","2024-05-26T10:32:09.034Z","b","maker"
"0.459816","60.71995800","2024-05-26T10:29:46.013Z","b","maker"
"0.459818","42.43322100","2024-05-26T10:28:23.225Z","b","maker"
"0.459816","815.29935307","2024-05-26T10:28:15.810Z","s","taker"
"0.459779","9.35706600","2024-05-26T10:27:06.146Z","s","maker"
"0.459892","118.30449400","2024-05-26T10:26:21.381Z","s","maker"
"0.459892","1209.94398900","2024-05-26T10:25:49.756Z","s","maker"
"0.460131","10.00000000","2024-05-26T10:17:50.650Z","b","taker"
"0.460245","31.42403874","2024-05-26T10:14:49.164Z","b","maker"
"0.460155","35.79167317","2024-05-26T10:14:29.169Z","b","maker"
"0.460136","68.29469418","2024-05-26T10:14:29.152Z","b","maker"
"0.460097","37.97246431","2024-05-26T10:14:29.143Z","b","maker"
"0.460115","20.51953160","2024-05-26T10:14:29.143Z","b","maker"
"0.460120","22.78786730","2024-05-26T10:14:29.143Z","b","maker"
"0.460129","48.72977402","2024-05-26T10:14:29.143Z","b","maker"
"0.460004","723.40718439","2024-05-26T10:14:27.778Z","b","maker"
"0.459872","77.02634399","2024-05-26T10:14:15.509Z","b","maker"
"0.459633","27.04190348","2024-05-26T10:12:40.189Z","b","maker"
"0.459633","240.40945755","2024-05-26T10:12:40.189Z","b","maker"
"0.459655","240.40945755","2024-05-26T10:12:40.189Z","b","maker"
"0.459709","240.40945755","2024-05-26T10:12:40.189Z","b","maker"
"0.459810","1373.73368187","2024-05-26T10:12:40.189Z","b","maker"
"0.459539","74.94536296","2024-05-26T10:10:38.528Z","b","maker"
"0.459423","85.95324640","2024-05-26T10:04:10.781Z","b","maker"
"0.459318","27.15513235","2024-05-26T10:03:28.629Z","b","maker"
"0.459324","149.04730846","2024-05-26T10:03:28.629Z","b","maker"
"0.459325","57.57960592","2024-05-26T10:03:28.629Z","b","maker"
"0.459138","44.57702425","2024-05-26T10:03:19.748Z","b","maker"
"0.459108","99.00160000","2024-05-26T10:01:36.527Z","b","taker"
"0.458514","55.57135937","2024-05-26T10:01:13.216Z","b","maker"
"0.458401","107.83453304","2024-05-26T10:01:06.198Z","b","maker"
"0.458406","88.21506643","2024-05-26T10:01:06.198Z","b","maker"
"0.458418","88.25396616","2024-05-26T10:01:06.198Z","b","maker"
"0.458419","59.85706195","2024-05-26T10:01:06.198Z","b","maker"
"0.458382","86.05999158","2024-05-26T10:01:03.467Z","b","maker"
"0.458383","51.20358137","2024-05-26T10:01:03.467Z","b","maker"
"0.458294","193.04879854","2024-05-26T10:01:01.359Z","b","maker"
"0.458201","33.68782732","2024-05-26T10:01:00.950Z","b","maker"
"0.457997","14.07802748","2024-05-26T10:00:26.018Z","b","maker"
"0.457996","32.16482000","2024-05-26T10:00:17.126Z","s","maker"
"0.457927","243.75064100","2024-05-26T09:57:26.991Z","b","maker"
"0.457959","848.07315600","2024-05-26T09:54:53.858Z","s","maker"
"0.457845","25.03887772","2024-05-26T09:53:46.580Z","b","maker"
"0.457845","285.17367928","2024-05-26T09:53:46.580Z","b","maker"
"0.457803","55.52721575","2024-05-26T09:46:10.174Z","b","maker"
"0.457805","44.63503852","2024-05-26T09:46:10.174Z","b","maker"
"0.457727","79.66618626","2024-05-26T09:46:04.971Z","b","maker"
"0.457688","77.51169716","2024-05-26T09:46:04.546Z","b","maker"
"0.457715","44.67682578","2024-05-26T09:46:04.546Z","b","maker"
"0.457624","102.93418917","2024-05-26T09:40:52.156Z","s","maker"
"0.457501","20.17815700","2024-05-26T09:39:00.048Z","b","maker"
"0.457500","76.07574491","2024-05-26T09:37:42.624Z","s","maker"
"0.457500","492.07798972","2024-05-26T09:36:01.879Z","s","taker"
"0.457553","437.54215891","2024-05-26T09:34:56.716Z","s","maker"
"0.457538","1900.00000000","2024-05-26T09:34:56.716Z","s","maker"
"0.457537","437.54550557","2024-05-26T09:34:56.716Z","s","maker"
"0.457531","437.54980848","2024-05-26T09:34:56.716Z","s","maker"
"0.457510","1787.36252704","2024-05-26T09:34:56.716Z","s","maker"
"0.457663","100.99000000","2024-05-26T09:34:30.936Z","b","taker"
"0.457714","723.40718439","2024-05-26T09:31:56.217Z","s","maker"
"0.457881","528.33315806","2024-05-26T09:31:33.194Z","s","maker"
"0.457939","167.32825650","2024-05-26T09:31:32.190Z","s","maker"
"0.457939","65.84034192","2024-05-26T09:31:32.188Z","s","maker"
"0.457939","61.92558442","2024-05-26T09:31:32.187Z","s","maker"
"0.458000","65.50218341","2024-05-26T09:31:30.847Z","s","maker"
"0.458053","5187.55074194","2024-05-26T09:31:30.734Z","s","maker"
"0.458053","5187.55074194","2024-05-26T09:31:30.734Z","s","maker"
"0.458101","436.58494524","2024-05-26T09:31:30.708Z","s","maker"
"0.458102","218.28627808","2024-05-26T09:31:09.506Z","b","taker"
"0.458114","327.42798767","2024-05-26T09:28:05.662Z","b","taker"
"0.458745","435.97205419","2024-05-26T09:25:35.792Z","s","maker"
"0.458834","42.94458000","2024-05-26T09:25:00.330Z","b","maker"
"0.459207","10.02672472","2024-05-26T09:22:16.445Z","b","taker"
"0.459858","1020.06259104","2024-05-26T09:16:32.402Z","b","taker"
"0.460000","260.00000000","2024-05-26T09:14:35.720Z","s","maker"
"0.459787","321.73878071","2024-05-26T09:14:35.720Z","s","maker"
"0.459721","319.28107429","2024-05-26T09:14:35.720Z","s","maker"
"0.460381","1059.56778900","2024-05-26T09:10:20.254Z","b","maker"
"0.460591","48.79033553","2024-05-26T09:02:30.370Z","b","maker"
"0.460445","1059.30076700","2024-05-26T09:00:05.576Z","b","maker"
"0.460435","21.39762800","2024-05-26T09:00:00.070Z","b","maker"
"0.460165","16.60250400","2024-05-26T08:58:01.350Z","s","maker"
"0.460046","40.00000000","2024-05-26T08:54:18.842Z","b","taker"
"0.460244","6.25809400","2024-05-26T08:45:41.067Z","s","maker"
"0.460382","2.14000900","2024-05-26T08:39:54.035Z","b","maker"
"0.461022","34.58739329","2024-05-26T08:32:45.268Z","s","taker"
"0.461137","32.39869939","2024-05-26T08:32:36.161Z","b","taker"
"0.462018","5000.00000000","2024-05-26T08:28:10.708Z","s","maker"
"0.461978","40.09861100","2024-05-26T08:26:35.344Z","b","maker"
"0.462274","215.80556120","2024-05-26T08:26:18.700Z","s","maker"
"0.462297","53.45942982","2024-05-26T08:25:05.166Z","b","taker"
"0.462306","54.07673705","2024-05-26T08:18:02.407Z","b","taker"
"0.462203","72.35664948","2024-05-26T08:15:12.344Z","b","maker"
"0.462168","65.50218341","2024-05-26T08:15:12.284Z","b","maker"
"0.462097","5170.18358060","2024-05-26T08:15:11.405Z","b","maker"
"0.461909","26.97652711","2024-05-26T08:13:49.213Z","b","maker"
"0.461910","85.46363103","2024-05-26T08:13:49.213Z","b","maker"
"0.461899","89.68377327","2024-05-26T08:13:45.088Z","b","maker"
"0.461904","81.08966627","2024-05-26T08:13:45.088Z","b","maker"
"0.461846","83.29409830","2024-05-26T08:13:45.067Z","b","maker"
"0.461703","26.94169761","2024-05-26T08:13:23.598Z","b","maker"
"0.461573","148.36645712","2024-05-26T08:13:09.228Z","b","maker"
"0.461608","295.09418284","2024-05-26T08:13:09.228Z","b","maker"
"0.461539","57.33239598","2024-05-26T08:13:04.895Z","b","maker"
"0.461515","61.58498027","2024-05-26T08:13:01.144Z","b","maker"
"0.461522","247.98674265","2024-05-26T08:13:01.144Z","b","maker"
"0.461443","3276.27001551","2024-05-26T08:12:57.647Z","b","maker"
"0.461443","1382.76082755","2024-05-26T08:12:57.647Z","b","maker"
"0.461443","4193.12775875","2024-05-26T08:12:57.647Z","b","maker"
"0.461443","3773.81498287","2024-05-26T08:12:57.647Z","b","maker"
"0.461314","81.18472890","2024-05-26T08:09:42.098Z","b","maker"
"0.461318","83.30491524","2024-05-26T08:09:42.098Z","b","maker"
"0.461309","111.51481521","2024-05-26T08:09:42.025Z","b","maker"
"0.461201","18.25948469","2024-05-26T08:09:24.305Z","b","taker"
"0.461309","0.01249629","2024-05-26T08:09:24.305Z","b","taker"
"0.461033","89.89540827","2024-05-26T08:02:08.879Z","b","maker"
"0.460820","105.84479400","2024-05-26T07:56:14.712Z","b","maker"
"0.460617","251.27707579","2024-05-26T07:52:52.038Z","s","taker"
"0.460617","182.48554808","2024-05-26T07:52:52.038Z","s","taker"
"0.460753","1036.38051600","2024-05-26T07:51:58.771Z","b","maker"
"0.461416","96.51373321","2024-05-26T07:41:12.851Z","s","taker"
"0.461349","11.77871652","2024-05-26T07:38:29.155Z","b","taker"
"0.461417","74.94722733","2024-05-26T07:38:29.155Z","b","taker"
"0.461223","528.12182586","2024-05-26T07:35:40.516Z","b","maker"
"0.460947","177.15834400","2024-05-26T07:33:12.585Z","s","maker"
"0.460985","3796.08255032","2024-05-26T07:31:43.325Z","b","maker"
"0.460890","16064.14000000","2024-05-26T07:31:43.268Z","b","maker"
"0.460894","490.00000000","2024-05-26T07:31:43.268Z","b","maker"
"0.460554","2267.40255897","2024-05-26T07:31:43.218Z","b","maker"
"0.460569","8687.97418840","2024-05-26T07:31:43.218Z","b","maker"
"0.460583","42.16990916","2024-05-26T07:31:43.218Z","b","maker"
"0.460585","74.79135818","2024-05-26T07:31:43.218Z","b","maker"
"0.460223","24.84676750","2024-05-26T07:31:43.174Z","b","maker"
"0.460223","598.86281303","2024-05-26T07:31:43.174Z","b","maker"
"0.460231","79.26127999","2024-05-26T07:31:43.174Z","b","maker"
"0.460341","5430.76681776","2024-05-26T07:31:43.174Z","b","maker"
"0.460360","844.35000000","2024-05-26T07:31:43.174Z","b","maker"
"0.460059","55.29346675","2024-05-26T07:30:33.204Z","b","maker"
"0.460020","24.94402167","2024-05-26T07:30:33.174Z","b","maker"
"0.460004","29.22311776","2024-05-26T07:30:33.147Z","b","maker"
"0.460009","33.64663789","2024-05-26T07:30:33.147Z","b","maker"
"0.459999","20.57785832","2024-05-26T07:30:32.657Z","b","maker"
"0.460000","72.65593639","2024-05-26T07:30:32.657Z","b","maker"
"0.459917","18.33583170","2024-05-26T07:30:31.408Z","b","maker"
"0.459918","27.07561422","2024-05-26T07:30:31.408Z","b","maker"
"0.459706","70.56114721","2024-05-26T07:30:29.213Z","b","maker"
"0.459488","4990.82402400","2024-05-26T07:29:24.146Z","s","maker"
"0.459664","1037.80361900","2024-05-26T07:24:41.523Z","b","maker"
"0.459723","33.62805663","2024-05-26T07:23:32.612Z","b","maker"
"0.459723","56.37194337","2024-05-26T07:23:32.612Z","b","maker"
"0.459453","168.51991081","2024-05-26T07:18:17.746Z","b","maker"
"0.459403","236.05384020","2024-05-26T07:17:17.079Z","b","maker"
"0.459389","51.12863623","2024-05-26T07:17:02.733Z","b","maker"
"0.459067","71.13140000","2024-05-26T07:06:57.813Z","b","maker"
"0.459102","10.72987800","2024-05-26T07:03:16.034Z","b","maker"
"0.459055","64.20139783","2024-05-26T07:02:54.300Z","b","maker"
"0.459078","66.30972946","2024-05-26T07:02:54.300Z","b","maker"
"0.459096","61.99624005","2024-05-26T07:02:54.300Z","b","maker"
"0.459102","0.34263266","2024-05-26T07:02:54.300Z","b","maker"
"0.459023","53.65862200","2024-05-26T07:00:32.030Z","b","maker"
"0.458811","14.43867267","2024-05-26T06:56:46.684Z","b","taker"
"0.458708","18533.19748022","2024-05-26T06:56:42.454Z","b","maker"
"0.458709","10902.58758914","2024-05-26T06:56:42.454Z","b","maker"
"0.458710","494.67313691","2024-05-26T06:56:42.454Z","b","maker"
"0.458714","1900.00000000","2024-05-26T06:56:42.454Z","b","maker"
"0.458729","5449.84396333","2024-05-26T06:56:42.454Z","b","maker"
"0.458781","1420.75050822","2024-05-26T06:56:42.454Z","b","maker"
"0.458852","10900.09282657","2024-05-26T06:56:42.454Z","b","maker"
"0.458891","10895.84634499","2024-05-26T06:56:42.454Z","b","maker"
"0.458900","473.24795770","2024-05-26T06:56:42.454Z","b","maker"
"0.458900","3932.72098420","2024-05-26T06:56:42.454Z","b","maker"
"0.458910","1398.10000000","2024-05-26T06:56:42.454Z","b","maker"
"0.458921","1631.72064942","2024-05-26T06:56:42.454Z","b","maker"
"0.458923","10000.00000000","2024-05-26T06:56:42.454Z","b","maker"
"0.458951","5876.59157689","2024-05-26T06:56:42.454Z","b","maker"
"0.458961","3390.55988141","2024-05-26T06:56:42.454Z","b","maker"
"0.458643","17.03999499","2024-05-26T06:53:39.870Z","b","taker"
"0.458643","21.45989990","2024-05-26T06:53:31.573Z","b","taker"
"0.458794","14.37150751","2024-05-26T06:52:20.448Z","b","taker"
"0.458640","1743.84640200","2024-05-26T06:52:16.093Z","s","taker"
"0.458756","29.44895095","2024-05-26T06:52:00.313Z","b","taker"
"0.458643","937.72000000","2024-05-26T06:51:48.894Z","s","maker"
"0.458768","36.00974675","2024-05-26T06:51:45.125Z","b","taker"
"0.458792","44.03219319","2024-05-26T06:51:16.490Z","b","taker"
"0.458807","41.92789300","2024-05-26T06:50:09.272Z","s","taker"
"0.458885","53.83971071","2024-05-26T06:49:42.731Z","b","taker"
"0.458743","319.00000000","2024-05-26T06:43:45.273Z","b","taker"
"0.459229","65.71342943","2024-05-26T06:31:24.634Z","b","taker"
"0.459454","74.58888488","2024-05-26T06:25:27.999Z","b","taker"
"0.459407","124.72301001","2024-05-26T06:25:01.645Z","b","taker"
"0.459413","124.65432933","2024-05-26T06:24:42.714Z","b","taker"
"0.459464","55.08353212","2024-05-26T06:23:43.580Z","b","taker"
"0.459653","152.19048549","2024-05-26T06:17:36.410Z","b","taker"
"0.459543","48.15437791","2024-05-26T06:16:29.756Z","b","maker"
"0.459543","59.60243009","2024-05-26T06:16:29.756Z","b","maker"
"0.459527","31.42060780","2024-05-26T06:15:30.237Z","b","maker"
"0.459543","0.74393520","2024-05-26T06:15:30.237Z","b","maker"
"0.459526","56.70905082","2024-05-26T06:09:02.515Z","s","taker"
"0.459411","1177.00000000","2024-05-26T06:05:54.789Z","s","maker"
"0.459473","51.05375500","2024-05-26T06:03:59.364Z","b","maker"
"0.459490","59.77696733","2024-05-26T06:01:37.235Z","b","maker"
"0.459442","66.33029851","2024-05-26T06:01:12.343Z","b","maker"
"0.459441","1900.00000000","2024-05-26T05:58:40.691Z","s","taker"
"0.459441","3064.19572727","2024-05-26T05:58:40.691Z","s","taker"
"0.459340","3.12411900","2024-05-26T05:55:25.033Z","b","maker"
"0.459210","38.08359448","2024-05-26T05:53:55.065Z","b","taker"
"0.459331","57.28686464","2024-05-26T05:53:55.065Z","b","taker"
"0.459052","2582.75768408","2024-05-26T05:46:38.871Z","s","taker"
"0.459320","24.99967892","2024-05-26T05:42:40.116Z","b","maker"
"0.459243","24.90054788","2024-05-26T05:42:39.883Z","b","maker"
"0.458901","44.58895666","2024-05-26T05:42:39.833Z","b","maker"
"0.458903","16.17451921","2024-05-26T05:42:39.833Z","b","maker"
"0.458955","29.31695436","2024-05-26T05:42:39.833Z","b","maker"
"0.459027","75.10173018","2024-05-26T05:42:39.833Z","b","maker"
"0.458841","35.81648196","2024-05-26T05:42:39.829Z","b","maker"
"0.458842","22.85573927","2024-05-26T05:42:39.829Z","b","maker"
"0.458856","24.96868455","2024-05-26T05:42:39.829Z","b","maker"
"0.458774","44.61004338","2024-05-26T05:42:39.822Z","b","maker"
"0.458488","10.00000000","2024-05-26T05:35:38.056Z","s","taker"
"0.458840","23.24244534","2024-05-26T05:34:51.957Z","b","taker"
"0.458840","161.17634963","2024-05-26T05:34:51.957Z","b","taker"
"0.458840","15.58120503","2024-05-26T05:34:51.957Z","b","taker"
"0.458817","25.03324330","2024-05-26T05:32:20.658Z","b","taker"
"0.458838","42.33366715","2024-05-26T05:32:20.658Z","b","taker"
"0.458840","49.71237686","2024-05-26T05:32:20.658Z","b","taker"
"0.458803","100.00000000","2024-05-26T05:31:31.156Z","b","taker"
"0.458422","90.38565154","2024-05-26T05:31:25.411Z","b","maker"
"0.458255","22.81032879","2024-05-26T05:30:44.215Z","b","maker"
"0.458225","22.78392779","2024-05-26T05:30:44.154Z","b","maker"