"price","volume","time","side","orderType"
"1.306200","90.23987974","2024-05-27T18:29:54.032Z","s","maker"
"1.311600","15.24855139","2024-05-27T18:29:42.169Z","s","maker"
"1.320000","5.76637000","2024-05-27T16:51:39.225Z","s","maker"
"1.320300","15.13889941","2024-05-27T15:47:20.603Z","b","maker"
"1.318900","12.46153586","2024-05-27T15:42:59.608Z","s","maker"
"1.321800","32.78151122","2024-05-27T14:12:20.555Z","b","maker"
"1.339800","59.93574483","2024-05-27T14:07:06.871Z","b","maker"
"1.349600","13.65329570","2024-05-27T14:01:25.853Z","s","maker"
"1.362400","13.52715783","2024-05-27T13:40:51.433Z","s","maker"
"1.351000","1.46626000","2024-05-27T13:01:02.603Z","s","maker"
"1.361500","18.08039000","2024-05-27T12:16:11.268Z","b","maker"
"1.351500","43.54983000","2024-05-27T10:58:13.610Z","b","maker"
"1.353800","13.52715783","2024-05-27T10:52:19.825Z","s","maker"
"1.352600","15.57046979","2024-05-27T10:32:02.773Z","s","maker"
"1.346000","13.58931979","2024-05-27T08:15:24.237Z","s","maker"
"1.343900","1.98115000","2024-05-27T08:12:09.723Z","s","maker"
"1.329800","173.67654227","2024-05-27T06:41:57.706Z","b","maker"
"1.319000","30.30413491","2024-05-27T06:36:15.259Z","b","maker"
"1.324800","173.71587120","2024-05-27T06:21:08.179Z","s","maker"
"1.324700","173.72898480","2024-05-27T06:21:08.138Z","s","maker"
"1.367700","16.29366411","2024-05-27T06:01:19.995Z","s","maker"
"1.378900","10.50809000","2024-05-27T06:00:41.962Z","b","maker"
"1.398400","16.29366411","2024-05-27T05:41:37.756Z","b","maker"
"1.406100","14.26798154","2024-05-27T05:19:34.309Z","s","maker"
"1.411900","28.92689631","2024-05-27T05:18:15.967Z","s","maker"
"1.421600","12.95458084","2024-05-27T05:14:42.284Z","b","maker"
"1.421400","14.30851693","2024-05-27T05:09:42.083Z","b","maker"
"1.402000","14.30851693","2024-05-27T05:00:00.043Z","s","maker"
"1.416200","12.95458084","2024-05-27T04:56:04.937Z","s","maker"
"1.387400","13.34009526","2024-05-27T04:44:35.984Z","b","maker"
"1.381300","28.92689631","2024-05-27T04:43:57.094Z","b","maker"
"1.388900","4.16992000","2024-05-27T04:43:30.533Z","b","maker"
"1.366800","192.90755742","2024-05-27T04:40:25.130Z","b","maker"
"1.377400","13.34009526","2024-05-27T04:17:07.185Z","s","maker"
"1.416600","46.13543395","2024-05-27T03:35:58.358Z","b","maker"
"1.416600","11.13351958","2024-05-27T03:35:27.577Z","b","maker"
"1.416600","5.23104647","2024-05-27T03:35:20.657Z","b","maker"
"1.391000","62.00000000","2024-05-27T03:20:55.830Z","b","maker"
"1.388500","208.64155165","2024-05-27T03:20:38.047Z","s","maker"
"1.388400","17.62185269","2024-05-27T03:20:38.047Z","s","maker"
"1.378700","13.42278937","2024-05-27T03:08:15.986Z","b","maker"
"1.354700","28.87735758","2024-05-27T02:49:55.535Z","s","maker"
"1.368000","13.42278937","2024-05-27T02:47:03.140Z","s","maker"
"1.382500","1.47804242","2024-05-27T02:38:04.942Z","b","maker"
"1.382500","5.16480000","2024-05-27T02:38:04.942Z","b","maker"
"1.382500","5.20560000","2024-05-27T02:38:04.942Z","b","maker"
"1.377100","7.00000000","2024-05-27T02:23:42.252Z","b","taker"
"1.382500","4.00000000","2024-05-27T02:22:31.611Z","b","maker"
"1.382500","4.01800000","2024-05-27T02:22:31.611Z","b","maker"
"1.382500","4.12380000","2024-05-27T02:22:31.611Z","b","maker"
"1.382500","4.23520000","2024-05-27T02:22:31.611Z","b","maker"
"1.382500","4.35290000","2024-05-27T02:22:31.611Z","b","maker"
"1.382500","4.47720000","2024-05-27T02:22:31.611Z","b","maker"
"1.382500","3.67025758","2024-05-27T02:22:31.611Z","b","maker"
"1.361900","13.70230138","2024-05-27T02:21:04.770Z","b","maker"
"1.362000","24.67434921","2024-05-27T02:21:04.770Z","b","maker"
"1.357000","61.00000000","2024-05-27T02:20:03.123Z","b","maker"
"1.335100","15.06084840","2024-05-27T02:08:36.307Z","b","maker"
"1.340200","13.70230138","2024-05-27T02:02:48.084Z","s","maker"
"1.331900","16.98776373","2024-05-27T01:56:39.474Z","s","maker"
"1.338900","13.74153279","2024-05-27T01:50:44.748Z","b","maker"
"1.330300","15.06084840","2024-05-27T01:34:26.290Z","s","maker"
"1.333600","13.74153279","2024-05-27T01:32:10.002Z","s","maker"
"1.324000","60.00000000","2024-05-27T01:29:48.304Z","b","maker"
"1.304700","24.00000000","2024-05-27T01:17:13.349Z","b","maker"
"1.296000","15.65694974","2024-05-27T01:08:39.838Z","b","maker"
"1.277100","15.65694974","2024-05-27T00:52:11.925Z","s","maker"
"1.292000","42.58828705","2024-05-27T00:45:01.530Z","b","maker"
"1.292000","16.41171295","2024-05-27T00:42:44.268Z","b","maker"
"1.264800","11.43132895","2024-05-26T23:26:11.868Z","s","maker"
"1.264800","18.03170319","2024-05-26T23:26:11.862Z","s","maker"
"1.268500","58.00000000","2024-05-26T23:16:31.999Z","b","maker"
"1.238200","14.76470119","2024-05-26T19:43:52.191Z","s","maker"
"1.232500","14.76470119","2024-05-26T15:56:54.869Z","s","maker"
"1.246000","24.95138787","2024-05-26T15:28:02.566Z","b","maker"
"1.246000","32.04861213","2024-05-26T15:27:36.008Z","b","maker"
"1.232600","13.53057910","2024-05-26T15:05:37.708Z","b","maker"
"1.232800","103.65251451","2024-05-26T15:04:07.936Z","s","maker"
"1.224600","129.84854465","2024-05-26T15:01:26.211Z","b","maker"
"1.225000","11.12488886","2024-05-26T15:01:26.211Z","b","maker"
"1.225000","478.00000000","2024-05-26T15:01:26.211Z","b","maker"
"1.205700","37.59641702","2024-05-26T13:57:24.762Z","b","taker"
"1.201700","21.77858439","2024-05-26T12:53:02.612Z","s","taker"
"1.201300","631.45307198","2024-05-26T12:52:54.821Z","s","taker"
"1.225000","55.00000000","2024-05-25T04:21:41.016Z","b","maker"
"1.205000","53.97703000","2024-05-25T04:08:55.503Z","b","maker"
"1.202200","47.41606741","2024-05-25T04:06:02.179Z","s","maker"
"1.185000","53.00000000","2024-05-25T03:38:48.968Z","b","maker"
"1.165000","33.80399000","2024-05-25T01:41:37.363Z","b","maker"
"1.134100","57.00011000","2024-05-24T22:46:15.792Z","s","maker"
"1.106100","17.83057514","2024-05-24T12:00:18.595Z","s","maker"
"1.102100","21.77858439","2024-05-24T11:08:08.549Z","b","taker"
"1.100700","17.83057514","2024-05-24T06:17:10.635Z","s","maker"
"1.116500","14.55251486","2024-05-24T02:57:04.085Z","b","maker"
"1.116500","14.00000000","2024-05-24T02:57:03.791Z","b","maker"
"1.116500","20.00000000","2024-05-24T02:57:03.588Z","b","maker"
"1.116500","20.00000000","2024-05-24T02:57:03.510Z","b","maker"
"1.116500","28.00000000","2024-05-24T02:57:03.228Z","b","maker"
"1.116500","22.24556412","2024-05-24T02:55:54.570Z","b","maker"
"1.116500","47.41606741","2024-05-24T02:54:31.395Z","b","maker"
"1.115200","36.76897000","2024-05-24T02:19:01.618Z","b","maker"
"1.114400","13.53057910","2024-05-24T01:53:50.993Z","b","taker"
"1.108600","16.53717236","2024-05-24T00:37:48.402Z","s","maker"
"1.100800","16.53717236","2024-05-24T00:12:21.639Z","s","maker"
"1.097600","50.12688668","2024-05-23T21:16:20.492Z","s","maker"
"1.058200","17.90348221","2024-05-23T20:15:18.326Z","s","maker"
"1.055500","28.65305696","2024-05-23T20:04:29.510Z","b","maker"
"1.058700","33.87172947","2024-05-23T20:00:35.016Z","s","maker"
"1.059900","63.68525333","2024-05-23T20:00:34.941Z","s","maker"
"1.069300","124.34059257","2024-05-23T18:23:27.677Z","b","maker"
"1.098900","15.40714980","2024-05-23T13:50:09.556Z","s","maker"
"1.098900","25.54289116","2024-05-23T13:50:09.555Z","s","maker"
"1.122600","17.90348221","2024-05-23T13:08:02.157Z","s","maker"
"1.138700","725.77171972","2024-05-23T11:57:23.494Z","s","maker"
"1.117800","50.34531565","2024-05-23T10:07:05.398Z","s","maker"
"1.131400","109.83285470","2024-05-23T08:37:51.840Z","s","maker"
"1.131400","105.03626660","2024-05-23T08:37:51.006Z","s","maker"
"1.131400","105.03626660","2024-05-23T08:37:50.970Z","s","maker"
"1.131400","105.03626660","2024-05-23T08:37:50.808Z","s","maker"
"1.131400","105.03626660","2024-05-23T08:37:50.743Z","s","maker"
"1.131400","262.59066649","2024-05-23T08:37:21.603Z","s","maker"
"1.139600","12.86620000","2024-05-23T07:43:47.073Z","s","maker"
"1.125300","139.94518347","2024-05-23T01:54:32.979Z","s","maker"
"1.125100","845.26281422","2024-05-23T01:54:32.979Z","s","maker"
"1.130200","44.48770129","2024-05-22T19:35:35.454Z","b","maker"
"1.120000","204.62088300","2024-05-22T18:47:29.235Z","b","maker"
"1.116200","39.37731193","2024-05-22T13:32:21.706Z","b","maker"
"1.124800","26.67140826","2024-05-22T04:45:34.843Z","s","maker"
"1.138800","7.05058300","2024-05-22T03:46:04.748Z","s","maker"
"1.130700","5.91847000","2024-05-22T02:15:25.802Z","s","maker"
"1.142100","17.51160144","2024-05-22T01:41:00.697Z","s","maker"
"1.149700","17.39584240","2024-05-22T00:46:53.069Z","b","maker"
"1.136600","6.00725000","2024-05-21T19:22:31.303Z","b","maker"
"1.169400","55.19355000","2024-05-21T17:44:22.592Z","s","maker"
"1.165000","6.79158000","2024-05-21T14:38:09.223Z","s","maker"
"1.167200","36.53766357","2024-05-21T14:14:54.456Z","s","maker"
"1.169500","18.00032198","2024-05-21T10:20:06.975Z","s","maker"
"1.165000","9.43749358","2024-05-21T10:01:23.985Z","b","maker"
"1.158200","55.78250000","2024-05-21T09:49:50.786Z","s","maker"
"1.165000","24.56218444","2024-05-21T09:12:02.332Z","b","maker"
"1.165000","18.00032198","2024-05-21T09:09:16.342Z","b","maker"
"1.156000","136.55349227","2024-05-21T08:05:14.278Z","b","maker"
"1.153900","136.47657072","2024-05-21T06:21:49.128Z","s","maker"
"1.156000","11.95811000","2024-05-21T06:01:16.108Z","s","maker"
"1.158000","15.07608457","2024-05-21T04:23:47.475Z","s","maker"
"1.156000","17.51313486","2024-05-21T03:35:26.556Z","s","maker"
"1.162300","17.51313486","2024-05-21T00:33:02.490Z","b","maker"
"1.141500","17.51313486","2024-05-20T23:06:21.364Z","b","maker"
"1.138600","40.87423325","2024-05-20T23:02:43.195Z","s","taker"
"1.146000","51.00000000","2024-05-20T21:55:06.422Z","b","maker"
"1.142300","13.57289654","2024-05-20T21:35:42.511Z","b","maker"
"1.128000","22.57400000","2024-05-20T19:47:23.754Z","b","maker"
"1.128000","16.00000000","2024-05-20T19:47:22.283Z","b","maker"
"1.128000","16.00000000","2024-05-20T19:47:21.503Z","b","maker"
"1.127100","19.73454278","2024-05-20T19:38:32.059Z","s","maker"
"1.111000","62.00000000","2024-05-20T19:31:10.853Z","b","maker"
"1.091900","18.49753319","2024-05-20T18:51:04.044Z","b","maker"
"1.095000","61.00000000","2024-05-20T18:38:42.661Z","b","maker"
"1.080100","25.53917357","2024-05-20T17:42:51.410Z","b","maker"
"1.080000","23.82714802","2024-05-20T17:17:41.710Z","b","maker"
"1.062600","32.44201150","2024-05-20T16:20:47.320Z","b","maker"
"1.062600","19.73454278","2024-05-20T16:06:16.748Z","b","maker"
"1.062600","14.80387541","2024-05-20T16:05:37.714Z","b","maker"
"1.047500","1000.00000000","2024-05-20T14:28:33.528Z","s","maker"
"1.043300","50.37219856","2024-05-20T13:27:33.293Z","s","maker"
"1.041700","9.45711000","2024-05-20T09:16:45.082Z","s","maker"
"1.033700","29.02195995","2024-05-20T06:54:05.959Z","s","maker"
"1.049600","19.05487805","2024-05-20T06:34:01.001Z","s","maker"
"1.056600","18.90359169","2024-05-20T05:43:41.151Z","b","maker"
"1.019500","79.39415851","2024-05-20T01:41:02.954Z","b","maker"
"1.080100","42.00000000","2024-05-19T03:09:55.086Z","b","maker"
"1.080100","18.00000000","2024-05-19T03:09:55.068Z","b","maker"
"1.068800","79.21226795","2024-05-18T20:37:42.935Z","s","maker"
"1.057900","16.12187177","2024-05-18T13:08:41.076Z","b","maker"
"1.057900","16.12187177","2024-05-18T13:08:41.071Z","b","maker"
"1.059900","79.21226795","2024-05-18T12:54:53.075Z","b","maker"
"1.064100","75.87447653","2024-05-17T22:58:49.592Z","s","maker"
"1.063800","26.40486653","2024-05-17T22:51:59.803Z","b","maker"
"1.063300","27.06213000","2024-05-17T19:02:53.947Z","s","maker"
"1.067000","49.46961000","2024-05-17T12:54:41.046Z","b","maker"
"1.034600","18.33078678","2024-05-17T07:00:22.636Z","s","maker"
"1.026200","18.33078678","2024-05-17T01:24:00.307Z","s","maker"
"1.012200","18.60299594","2024-05-16T15:28:09.818Z","b","maker"
"1.005700","18.60299594","2024-05-16T14:51:07.741Z","s","maker"
"1.006900","12.00000000","2024-05-16T14:50:49.297Z","b","maker"
"1.011500","49.56875185","2024-05-16T14:41:00.288Z","s","maker"
"1.022900","660.06192796","2024-05-16T13:05:44.386Z","b","maker"
"1.022900","753.37364356","2024-05-16T13:05:44.319Z","b","maker"
"1.041200","107.71196000","2024-05-16T10:36:46.385Z","s","maker"
"1.067000","55.00000000","2024-05-16T06:19:09.478Z","b","maker"
"1.062600","148.47528870","2024-05-16T06:18:21.999Z","b","maker"
"1.062400","17.88268961","2024-05-16T06:11:19.214Z","b","maker"
"1.054000","7.08268948","2024-05-16T06:03:19.046Z","s","maker"
"1.054000","6.78327384","2024-05-16T06:03:09.613Z","s","maker"
"1.054000","4.01672629","2024-05-16T06:03:09.589Z","s","maker"
"1.059500","175.12133535","2024-05-16T05:55:19.258Z","b","maker"
"1.052000","50.00000000","2024-05-16T03:35:12.222Z","b","maker"
"1.037300","152.50853666","2024-05-15T20:34:33.055Z","b","maker"
"1.038300","152.33660791","2024-05-15T20:34:33.055Z","b","maker"
"1.038400","695.15485543","2024-05-15T20:34:33.055Z","b","maker"
"1.036000","57.71196000","2024-05-15T20:07:39.698Z","b","maker"
"1.036000","26.00000000","2024-05-15T20:07:39.694Z","b","maker"
"1.035500","24.00000000","2024-05-15T20:00:07.870Z","s","maker"
"1.026100","5.19999987","2024-05-15T19:13:33.859Z","s","maker"
"1.026100","5.19999987","2024-05-15T19:13:33.855Z","s","maker"
"1.021800","18.99064000","2024-05-15T18:58:09.755Z","s","maker"
"1.014200","32.26777335","2024-05-15T16:26:10.232Z","s","maker"
"1.014200","6.52176425","2024-05-15T16:24:54.736Z","s","maker"
"1.019000","40.00000000","2024-05-15T15:22:36.323Z","b","maker"
"1.013500","17.71183109","2024-05-15T14:54:22.068Z","s","maker"
"1.015500","16.76066698","2024-05-15T14:50:07.345Z","s","maker"
"1.004900","106.78272000","2024-05-15T14:19:34.813Z","s","maker"
"0.962300","24.06957000","2024-05-14T20:24:42.848Z","b","maker"
"0.963800","76.05872587","2024-05-14T19:11:50.423Z","b","maker"
"0.960500","5.20560000","2024-05-14T17:14:12.070Z","s","maker"
"0.986300","31.52240000","2024-05-14T09:46:16.364Z","s","maker"
"0.968100","5.16480000","2024-05-14T06:17:31.011Z","s","maker"
"0.971200","5.14830000","2024-05-14T06:14:47.265Z","s","maker"
"0.987900","12.67778970","2024-05-13T19:03:02.563Z","s","maker"
"1.000000","157.48031496","2024-05-13T13:19:38.942Z","s","maker"
"0.999900","1657.51968504","2024-05-13T13:19:38.942Z","s","maker"
"1.003000","35.00000000","2024-05-13T08:20:22.799Z","b","maker"
"0.984800","173.44872870","2024-05-13T07:56:05.815Z","b","maker"
"0.954400","88.32685803","2024-05-13T06:17:32.915Z","b","maker"
"0.951300","62.39284000","2024-05-13T06:13:29.996Z","s","maker"
"0.954000","4.00000000","2024-05-13T05:21:06.484Z","b","taker"
"0.954700","118.00000000","2024-05-13T02:52:13.141Z","s","maker"
"0.979800","95.00000000","2024-05-13T01:44:23.861Z","s","maker"
"1.000100","925.00000000","2024-05-12T19:04:50.910Z","s","maker"
"1.001700","75.00000000","2024-05-12T19:04:18.532Z","s","maker"
"1.011700","13.95515000","2024-05-12T13:45:22.307Z","s","maker"
"1.005800","187.39916434","2024-05-12T08:18:50.015Z","s","maker"
"1.005800","156.46330348","2024-05-12T08:18:45.289Z","s","maker"
"1.010100","9.94982435","2024-05-12T08:09:06.783Z","s","maker"
"1.006800","9.94982435","2024-05-12T08:02:42.917Z","b","maker"
"1.005800","156.13753218","2024-05-12T07:33:18.098Z","s","maker"
"1.015600","20.21779914","2024-05-11T23:35:16.852Z","s","maker"
"1.028300","1.25000000","2024-05-11T19:16:14.437Z","s","maker"
"1.030300","152.84899054","2024-05-11T18:45:06.117Z","s","maker"
"1.011400","108.36402000","2024-05-11T10:34:23.859Z","s","maker"
"1.005800","67.11075761","2024-05-10T20:25:29.158Z","s","maker"
"1.021000","53.86875612","2024-05-10T19:17:07.246Z","s","maker"
"1.026200","245.30840491","2024-05-10T17:06:32.647Z","s","maker"
"1.037000","2.66473641","2024-05-10T16:03:44.279Z","s","maker"
"1.037000","21.00000000","2024-05-10T16:03:44.240Z","s","maker"
"1.037000","24.00000000","2024-05-10T16:03:44.097Z","s","maker"
"1.037500","27.44872870","2024-05-10T16:03:43.898Z","s","maker"
"1.037000","0.55127130","2024-05-10T16:03:43.898Z","s","maker"
"1.037500","15.00000000","2024-05-10T16:03:43.343Z","s","maker"
"1.037700","20.21981304","2024-05-10T16:03:26.969Z","s","maker"
"1.037500","4.78018696","2024-05-10T16:03:26.969Z","s","maker"
"1.037700","14.00000000","2024-05-10T16:03:25.102Z","s","maker"
"1.037700","13.00000000","2024-05-10T16:03:25.031Z","s","maker"
"1.037600","13.00000000","2024-05-10T16:03:24.318Z","s","maker"
"1.037600","14.00000000","2024-05-10T16:03:17.625Z","s","maker"
"1.037600","13.00000000","2024-05-10T16:03:17.485Z","s","maker"
"1.037600","13.00000000","2024-05-10T16:03:16.827Z","s","maker"
"1.037600","13.00000000","2024-05-10T16:02:49.157Z","s","maker"
"1.037600","13.00000000","2024-05-10T16:02:20.081Z","s","maker"
"1.042800","12.62554756","2024-05-10T14:53:08.869Z","s","maker"
"1.042800","14.00000000","2024-05-10T14:52:48.109Z","s","maker"
"1.043100","4.47249807","2024-05-10T14:52:46.321Z","s","maker"
"1.042800","16.52750193","2024-05-10T14:52:46.321Z","s","maker"
"1.043200","17.71183109","2024-05-10T14:52:45.994Z","s","maker"
"1.043100","12.28816891","2024-05-10T14:52:45.994Z","s","maker"
"1.097100","6.53748936","2024-05-10T14:51:36.447Z","b","maker"
"1.067400","28.10567735","2024-05-10T14:22:38.518Z","s","maker"
"1.083800","18.45358923","2024-05-10T09:13:45.115Z","s","maker"
"1.083900","129.28251075","2024-05-10T08:21:51.834Z","s","maker"
"1.088900","98.22572213","2024-05-10T07:15:56.918Z","s","maker"
"1.091000","18.29826167","2024-05-10T07:08:29.044Z","b","maker"
"1.082000","40.17840710","2024-05-10T03:10:09.452Z","s","maker"
"1.093100","16.03354331","2024-05-09T21:17:54.189Z","b","maker"
"1.085200","103.96621559","2024-05-09T19:01:44.719Z","b","maker"
"1.088800","101.32384276","2024-05-09T18:45:43.713Z","s","maker"
"1.089400","16.03354331","2024-05-09T18:45:43.709Z","s","maker"
"1.090400","88.68158474","2024-05-09T18:43:06.177Z","b","taker"
"1.095000","37.00000000","2024-05-09T18:33:57.842Z","b","maker"
"1.080100","34.00000000","2024-05-09T18:25:07.125Z","b","maker"
"1.050300","756.29008000","2024-05-09T16:38:55.889Z","s","maker"
"1.065100","32.00000000","2024-05-09T15:09:51.649Z","b","maker"
"1.052900","216.08454000","2024-05-09T15:04:45.198Z","b","maker"
"1.049900","4.88435000","2024-05-09T14:56:27.673Z","s","maker"
"1.046500","29.00000000","2024-05-09T14:13:28.275Z","b","maker"
"1.036500","463.04023591","2024-05-09T13:07:33.160Z","s","maker"
"1.036500","22.20857108","2024-05-09T13:07:33.160Z","s","maker"
"1.036500","228.51108283","2024-05-09T13:07:33.157Z","s","maker"
"1.036500","457.02216568","2024-05-09T13:07:33.157Z","s","maker"
"1.036500","685.56196815","2024-05-09T13:07:33.157Z","s","maker"
"1.033000","6.93792799","2024-05-09T12:46:56.270Z","s","maker"
"1.033000","34.75598027","2024-05-09T12:46:54.256Z","s","maker"
"1.033000","10.68832834","2024-05-09T12:46:53.227Z","s","maker"
"1.033000","453.36936090","2024-05-09T12:46:53.219Z","s","maker"
"1.019900","2.54570000","2024-05-09T11:23:25.735Z","s","maker"
"1.017800","57.90274000","2024-05-09T10:32:20.294Z","s","maker"
"1.015900","18.04939529","2024-05-09T01:18:12.478Z","s","maker"
"1.011500","18.04939529","2024-05-08T23:20:32.141Z","s","maker"
"1.013000","5.39248576","2024-05-08T22:56:56.758Z","b","maker"
"1.013500","18.22780238","2024-05-08T21:31:40.269Z","b","maker"
"1.007900","156.24597178","2024-05-08T21:29:29.723Z","s","maker"
"1.007500","343.75402822","2024-05-08T21:29:29.723Z","s","maker"
"1.010700","155.81311463","2024-05-08T20:17:55.671Z","s","maker"
"1.009400","18.22780238","2024-05-08T20:17:55.671Z","s","maker"
"1.037600","132.38063138","2024-05-08T18:35:31.060Z","s","maker"
"1.043100","28.98165000","2024-05-08T18:07:23.868Z","b","maker"
"1.041600","58.77128000","2024-05-08T17:39:08.324Z","b","maker"
"1.032900","81.37070669","2024-05-08T16:58:44.905Z","s","maker"
"1.036000","19.62130875","2024-05-08T16:32:57.471Z","b","maker"
"1.017400","19.62130875","2024-05-08T14:47:20.830Z","b","maker"
"0.981900","4.34020000","2024-05-08T09:18:02.490Z","b","maker"
"0.995300","767.63443000","2024-05-08T04:15:24.222Z","b","maker"
"0.971200","215.54426319","2024-05-08T01:36:58.759Z","b","maker"
"0.971200","28.09234126","2024-05-08T01:36:58.757Z","b","maker"
"0.971200","557.99196869","2024-05-08T01:36:58.753Z","b","maker"
"0.975400","12.79617805","2024-05-08T01:16:17.128Z","b","maker"
"0.973100","27.72540756","2024-05-08T00:37:38.634Z","b","maker"
"0.970000","27.74690721","2024-05-08T00:37:12.069Z","b","maker"
"0.970000","27.74690721","2024-05-08T00:31:25.150Z","s","maker"
"0.979800","10.05533000","2024-05-08T00:23:15.337Z","b","maker"
"0.979800","64.80914472","2024-05-08T00:16:10.650Z","s","maker"
"1.004300","12.00000000","2024-05-07T20:33:36.432Z","b","maker"
"1.004300","12.00000000","2024-05-07T20:33:36.425Z","b","maker"
"1.003900","4.00000000","2024-05-07T19:44:59.910Z","b","maker"
"1.003900","4.00000000","2024-05-07T19:44:59.907Z","b","maker"
"1.014800","53.73623000","2024-05-07T17:24:20.063Z","b","maker"
"1.013200","12.85673000","2024-05-07T16:47:57.682Z","s","maker"
"1.003800","11.91089197","2024-05-07T13:51:13.387Z","s","maker"
"1.012200","71.08622789","2024-05-07T12:42:13.893Z","b","maker"
"1.008200","156.19947923","2024-05-07T12:35:20.729Z","s","maker"
"0.980600","343.80052077","2024-05-07T12:35:20.729Z","s","maker"
"1.018700","119.20715000","2024-05-07T10:29:20.930Z","b","maker"
"1.002600","0.98247000","2024-05-07T06:40:20.878Z","b","maker"
"0.999200","164.00000000","2024-05-07T06:33:31.432Z","b","maker"
"1.010800","0.97469000","2024-05-07T04:28:22.553Z","b","maker"
"1.001700","11.66098768","2024-05-07T03:42:20.472Z","s","maker"
"1.001700","43.24567100","2024-05-07T03:28:11.659Z","s","maker"
"1.002100","29.11953426","2024-05-07T03:28:06.451Z","s","maker"
"1.006600","9.47547000","2024-05-07T03:23:30.607Z","s","maker"
"1.014300","1.94266000","2024-05-06T23:45:46.163Z","b","maker"
"1.013500","1.01875000","2024-05-06T20:09:08.177Z","s","maker"
"1.018100","1.01414000","2024-05-06T20:07:23.218Z","s","maker"
"1.014700","1.01754000","2024-05-06T20:04:40.075Z","s","maker"
"1.017800","1.01444000","2024-05-06T19:56:54.153Z","s","maker"
"1.015100","1.01714000","2024-05-06T19:52:40.696Z","s","maker"
"1.016700","1.01554000","2024-05-06T19:50:44.242Z","s","maker"
"1.016700","1.01554000","2024-05-06T19:49:07.636Z","s","maker"
"1.011300","76.00000000","2024-05-06T19:16:13.297Z","b","maker"
"1.021300","18.33801139","2024-05-06T18:02:20.611Z","b","maker"
"1.018000","18.33801139","2024-05-06T17:39:17.364Z","s","maker"
"1.035100","1811.10028016","2024-05-06T15:44:13.060Z","b","maker"
"1.023900","74.00000000","2024-05-06T15:00:56.148Z","s","maker"
"1.063800","12.41023934","2024-05-06T11:01:03.689Z","s","taker"
"1.063700","148.04955810","2024-05-06T11:01:02.662Z","s","taker"
"1.063700","91.11877147","2024-05-06T11:01:02.662Z","s","taker"
"1.088200","107.45474865","2024-05-06T10:00:25.919Z","b","maker"
"1.084900","4.00000000","2024-05-06T08:37:10.936Z","s","maker"
"1.066900","12.41023934","2024-05-06T07:20:48.074Z","b","taker"
"1.064100","97.97161920","2024-05-06T07:12:24.237Z","b","maker"
"1.063200","72.36520526","2024-05-06T07:00:11.439Z","b","maker"
"1.065200","54.62779000","2024-05-05T19:42:33.308Z","b","maker"
"1.060500","239.16832957","2024-05-05T15:32:10.438Z","b","taker"
"1.048400","6.52636000","2024-05-05T13:25:24.228Z","b","maker"
"1.036000","0.93487000","2024-05-05T13:10:40.086Z","b","maker"
"1.040200","1.70147780","2024-05-05T12:50:06.470Z","s","taker"
"1.024600","8.58094611","2024-05-05T12:50:06.470Z","s","taker"
"1.040200","72.94762814","2024-05-05T12:50:01.467Z","s","maker"
"1.052500","30.04990574","2024-05-05T10:17:21.615Z","s","maker"
"1.063700","9.12733000","2024-05-05T08:49:48.208Z","b","maker"
"1.060500","27.34418000","2024-05-05T08:20:06.002Z","b","maker"
"1.054700","42.62612778","2024-05-05T08:16:17.684Z","b","maker"
"1.053700","63.58546075","2024-05-05T06:14:53.805Z","b","maker"
"1.047900","42.94302892","2024-05-05T05:24:06.642Z","s","maker"
"1.050200","30.51751984","2024-05-05T05:00:03.465Z","b","maker"
"1.071200","8.02959297","2024-05-04T23:08:44.755Z","b","maker"
"1.071200","72.26708364","2024-05-04T23:08:41.731Z","b","maker"
"1.072600","27.96942011","2024-05-04T21:38:18.209Z","s","maker"
"1.082800","4.00000000","2024-05-04T15:43:33.367Z","b","taker"
"1.089100","18.36378662","2024-05-04T11:37:19.100Z","s","maker"
"1.097800","10.28242391","2024-05-04T11:08:26.734Z","b","taker"
"1.095800","18.17851300","2024-05-04T11:04:24.815Z","b","maker"
"1.075700","31.52240000","2024-05-04T09:52:08.191Z","b","maker"
"1.081700","30.24263407","2024-05-04T08:39:46.200Z","s","maker"
"1.090600","14.34788189","2024-05-04T05:32:27.381Z","b","maker"
"1.084700","145.18329027","2024-05-04T03:08:51.756Z","s","taker"
"1.084500","88.32434535","2024-05-04T03:08:51.756Z","s","taker"
"1.088100","26.23374094","2024-05-04T03:08:44.168Z","b","maker"
"1.114700","31.99192607","2024-05-03T21:05:28.291Z","b","maker"
"1.114700","58.29337548","2024-05-03T21:05:28.291Z","b","maker"
"1.110000","23.00000000","2024-05-03T20:44:34.230Z","b","maker"
"1.102500","18.46722069","2024-05-03T20:24:14.342Z","b","maker"
"1.098200","49.04807867","2024-05-03T16:41:30.329Z","b","maker"
"1.099500","12.00000000","2024-05-03T16:39:44.438Z","s","maker"
"1.082400","144.90714913","2024-05-03T15:29:39.684Z","b","taker"
"1.082700","88.60048649","2024-05-03T15:29:39.684Z","b","taker"
"1.082200","18.46722069","2024-05-03T12:49:39.795Z","b","maker"
"1.065500","47.31037140","2024-05-03T12:34:00.988Z","b","maker"
"1.073300","46.31773969","2024-05-03T05:06:54.533Z","s","maker"
"1.079500","77.01343622","2024-05-03T03:10:40.553Z","s","maker"
"1.085200","1010.00000000","2024-05-03T02:19:54.456Z","b","maker"
"1.076600","182.16797590","2024-05-02T17:30:48.996Z","b","maker"
"1.076600","182.59295524","2024-05-02T17:30:48.996Z","b","maker"
"1.069000","63.19911663","2024-05-02T14:39:40.949Z","s","maker"
"1.065300","208.56541704","2024-05-02T13:09:29.117Z","s","maker"
"1.065200","568.31112636","2024-05-02T13:09:29.117Z","s","maker"
"1.065300","14.47081034","2024-05-02T12:59:20.244Z","s","maker"
"1.065200","643.75934203","2024-05-02T12:59:19.461Z","b","maker"
"1.065200","75.44821567","2024-05-02T12:59:19.458Z","b","maker"
"1.065200","643.75934203","2024-05-02T12:59:19.451Z","b","maker"
"1.065200","719.20755770","2024-05-02T12:59:19.442Z","b","maker"
"1.065200","719.20755770","2024-05-02T12:59:19.439Z","b","maker"
"1.028400","1.81210000","2024-05-02T02:23:11.197Z","s","maker"
"1.068000","16.08053386","2024-05-01T23:40:59.312Z","s","maker"
"1.060200","11.19943873","2024-05-01T22:01:33.469Z","s","maker"
"1.043300","0.24661126","2024-05-01T21:20:44.522Z","b","maker"
"1.043300","17.01651202","2024-05-01T21:19:15.304Z","b","maker"
"1.032300","49.33320761","2024-05-01T20:16:28.485Z","b","maker"
"1.036800","17.26312328","2024-05-01T19:34:30.629Z","s","maker"
"1.061900","16.08053386","2024-05-01T18:59:32.168Z","s","maker"
"1.063800","50.39824256","2024-05-01T18:56:30.363Z","s","maker"
"1.013500","14.05694801","2024-05-01T17:36:28.742Z","s","maker"
"1.011100","50.39824256","2024-05-01T16:20:42.440Z","b","maker"
"1.008500","14.05694801","2024-05-01T15:39:59.319Z","s","maker"
"1.006800","3.90752000","2024-05-01T14:36:42.376Z","s","maker"
"1.006800","49.64591460","2024-05-01T14:09:14.468Z","s","maker"
"1.024900","49.64591459","2024-05-01T12:11:16.119Z","b","maker"
"1.003100","1.03180000","2024-05-01T11:13:49.891Z","s","maker"
"0.968400","1.75518456","2024-05-01T08:24:39.648Z","s","maker"
"0.968100","129.19090544","2024-05-01T08:24:39.648Z","s","maker"
"0.968400","38.57938793","2024-05-01T08:21:56.738Z","s","maker"
"0.971500","53.80769942","2024-05-01T08:21:08.131Z","b","maker"
"0.971500","61.45436031","2024-05-01T08:21:08.116Z","b","maker"
"0.982700","38.57938793","2024-05-01T07:27:22.686Z","b","maker"
"0.992200","2.23762795","2024-05-01T07:26:02.965Z","s","maker"
"0.992200","35.76237205","2024-05-01T07:25:17.986Z","s","maker"
"1.055800","11.72422066","2024-05-01T00:17:32.352Z","b","maker"
"1.055800","12.00000000","2024-05-01T00:17:32.347Z","b","maker"
"1.060900","24.97983022","2024-05-01T00:05:46.466Z","b","maker"
"1.071900","26.45769194","2024-04-30T22:55:21.162Z","s","maker"
"1.043900","167.64057860","2024-04-30T20:28:48.345Z","b","taker"
"1.023800","41.03838640","2024-04-30T13:58:33.163Z","b","taker"
"1.019400","32.69302862","2024-04-30T12:14:35.145Z","b","maker"
"1.014500","36.00000000","2024-04-30T12:13:21.056Z","s","maker"
"1.035300","34.00000000","2024-04-30T11:39:04.350Z","s","maker"
"1.055300","32.00000000","2024-04-30T09:38:35.011Z","s","maker"
"1.066000","36.54720516","2024-04-30T08:51:20.991Z","b","maker"
"1.074300","30.00000000","2024-04-30T08:45:30.849Z","s","maker"
"1.086000","4.04852670","2024-04-30T08:32:30.035Z","s","maker"
"1.110000","111.85431761","2024-04-30T01:53:53.126Z","s","taker"
"1.081900","304.24831920","2024-04-29T21:34:45.566Z","s","maker"
"1.094800","31.52240000","2024-04-29T19:12:24.085Z","s","maker"
"1.116000","14.84080480","2024-04-29T15:21:47.694Z","s","maker"
"1.108700","304.24831920","2024-04-29T03:21:42.205Z","b","maker"
"1.108700","14.84080480","2024-04-29T03:21:25.245Z","b","maker"
"1.114300","4.00000000","2024-04-29T03:03:38.347Z","b","maker"
"1.120700","36.03756580","2024-04-29T02:59:01.220Z","b","maker"
"1.137300","8.01913403","2024-04-28T23:17:29.871Z","b","maker"
"1.137300","8.00000000","2024-04-28T23:17:29.849Z","b","maker"
"1.154900","54.92615000","2024-04-28T22:22:08.763Z","s","maker"
"1.172700","81.15002000","2024-04-28T17:49:10.400Z","s","maker"
"1.178600","127.19040000","2024-04-28T10:13:03.793Z","s","maker"
"1.177200","15.77092000","2024-04-28T09:23:52.467Z","s","maker"
"1.179100","15.38363000","2024-04-28T09:23:41.408Z","b","maker"
"1.196000","0.95631043","2024-04-28T08:25:39.074Z","s","maker"
"1.196000","318.13281357","2024-04-28T08:25:39.065Z","s","maker"
"1.194900","20.68330000","2024-04-28T08:08:47.412Z","b","maker"
"1.188300","25.89499790","2024-04-28T05:29:14.522Z","s","maker"
"1.196300","25.89499790","2024-04-28T03:37:32.847Z","b","maker"
"1.167200","134.78469842","2024-04-27T23:28:17.361Z","b","maker"
"1.164200","26.99124846","2024-04-27T21:40:52.047Z","s","maker"
"1.164000","100.46219980","2024-04-27T13:51:05.254Z","b","maker"