"price","volume","timestamp","type"
"27.57000","115.348","2024-05-27T19:13:06.000Z","ask"
"26.18000","5.700","2024-05-27T19:13:04.000Z","bid"
"26.17000","6.018","2024-05-27T19:13:04.000Z","bid"
"24.91000","20.000","2024-05-27T19:13:04.000Z","bid"
"27.53000","18.700","2024-05-27T19:12:02.000Z","ask"
"25.17000","0.269","2024-05-27T19:11:49.000Z","bid"
"27.54000","2.749","2024-05-27T19:11:44.000Z","ask"
"26.25000","5.700","2024-05-27T19:11:39.000Z","ask"
"26.28000","34.335","2024-05-27T19:11:39.000Z","ask"
"26.39000","6.588","2024-05-27T19:11:39.000Z","ask"
"26.40000","19.306","2024-05-27T19:11:39.000Z","ask"
"25.31000","0.916","2024-05-27T19:11:39.000Z","bid"
"25.83000","10.453","2024-05-27T19:11:34.000Z","bid"
"26.16000","5.700","2024-05-27T19:11:12.000Z","bid"
"24.90000","3.540","2024-05-27T19:11:12.000Z","bid"
"26.20000","24.443","2024-05-27T19:10:39.000Z","bid"
"26.04000","20.191","2024-05-27T19:10:39.000Z","bid"
"25.91000","7.087","2024-05-27T19:10:39.000Z","bid"
"24.93000","0.781","2024-05-27T19:10:39.000Z","bid"
"26.41000","88.762","2024-05-27T19:10:38.000Z","ask"
"26.03000","86.856","2024-05-27T19:10:38.000Z","bid"
"25.32000","0.665","2024-05-27T19:10:38.000Z","bid"
"24.94000","0.676","2024-05-27T19:10:38.000Z","bid"
"27.07000","1.822","2024-05-27T19:10:26.000Z","ask"
"28.10000","1.825","2024-05-27T19:09:51.000Z","ask"
"24.95000","1.227","2024-05-27T19:09:16.000Z","bid"
"25.58000","30.483","2024-05-27T19:08:38.000Z","bid"
"24.92000","9.784","2024-05-27T19:08:14.000Z","bid"
"26.76000","87.744","2024-05-27T19:05:05.000Z","ask"
"22.59000","1.909","2024-05-27T19:04:06.000Z","bid"
"24.81000","1.774","2024-05-27T19:02:45.000Z","bid"
"28.15000","0.799","2024-05-27T19:01:59.000Z","ask"
"23.60000","0.767","2024-05-27T19:01:39.000Z","bid"
"23.20000","0.630","2024-05-27T19:00:35.000Z","bid"
"23.98000","0.610","2024-05-27T19:00:34.000Z","bid"
"27.49000","0.963","2024-05-27T19:00:21.000Z","ask"
"23.59000","42.391","2024-05-27T19:00:19.000Z","bid"
"29.72000","0.836","2024-05-27T18:59:56.000Z","ask"
"27.89000","0.394","2024-05-27T18:59:51.000Z","ask"
"24.89000","3.858","2024-05-27T18:59:50.000Z","bid"
"27.48000","1.956","2024-05-27T18:59:49.000Z","ask"
"25.86000","90.162","2024-05-27T18:59:48.000Z","bid"
"28.93000","11.858","2024-05-27T18:59:44.000Z","ask"
"22.26000","0.759","2024-05-27T18:58:05.000Z","bid"
"25.90000","38.611","2024-05-27T18:53:36.000Z","bid"
"28.92000","1.859","2024-05-27T18:53:27.000Z","ask"
"25.45000","0.882","2024-05-27T18:52:45.000Z","bid"
"27.69000","6.941","2024-05-27T18:52:35.000Z","ask"
"28.11000","15.956","2024-05-27T18:52:35.000Z","ask"
"25.04000","0.915","2024-05-27T18:51:23.000Z","bid"
"20.44000","1.310","2024-05-27T18:49:41.000Z","bid"
"20.70000","0.533","2024-05-27T18:49:40.000Z","bid"
"20.66000","1.312","2024-05-27T18:49:40.000Z","bid"
"20.75000","1.311","2024-05-27T18:49:39.000Z","bid"
"20.43000","1.311","2024-05-27T18:49:38.000Z","bid"
"25.44000","1.024","2024-05-27T18:49:34.000Z","bid"
"25.73000","89.311","2024-05-27T18:49:29.000Z","bid"
"25.06000","1.039","2024-05-27T18:49:18.000Z","bid"
"27.79000","2.632","2024-05-27T18:45:47.000Z","ask"
"27.37000","0.394","2024-05-27T18:35:32.000Z","ask"
"24.80000","20.162","2024-05-27T18:16:55.000Z","bid"
"27.42000","4.088","2024-05-27T18:12:25.000Z","ask"
"26.67000","88.086","2024-05-27T17:47:54.000Z","ask"
"25.82000","1.009","2024-05-27T16:50:51.000Z","bid"
"42.00000","100.000","2024-05-27T15:24:10.000Z","ask"
"24.75000","0.770","2024-05-27T12:00:45.000Z","bid"
"24.69000","1.055","2024-05-27T11:49:12.000Z","bid"
"27.08000","0.977","2024-05-27T08:02:18.000Z","ask"
"23.27000","1.125","2024-05-27T07:50:53.000Z","bid"
"23.26000","1.120","2024-05-27T07:00:28.000Z","bid"
"27.90000","0.947","2024-05-27T04:25:14.000Z","ask"
"28.32000","0.933","2024-05-27T04:24:47.000Z","ask"
"23.61000","1.103","2024-05-26T21:46:31.000Z","bid"
"28.21000","0.394","2024-05-26T20:37:13.000Z","ask"
"22.85000","1.125","2024-05-26T16:26:29.000Z","bid"
"22.92000","1.136","2024-05-26T16:17:38.000Z","bid"
"29.56000","0.715","2024-05-26T16:00:20.000Z","ask"
"23.03000","1.125","2024-05-26T15:47:11.000Z","bid"
"22.25000","1.204","2024-05-26T13:17:52.000Z","bid"
"28.75000","0.919","2024-05-26T12:59:04.000Z","ask"
"24.33000","1.071","2024-05-26T12:53:42.000Z","bid"
"22.24000","1.171","2024-05-26T11:43:35.000Z","bid"
"21.27000","1.225","2024-05-26T11:43:35.000Z","bid"
"22.00000","0.467","2024-05-26T11:13:21.000Z","bid"
"21.59000","1.206","2024-05-26T09:21:31.000Z","bid"
"22.50000","1.057","2024-05-26T09:20:20.000Z","bid"
"24.41000","0.789","2024-05-26T09:01:53.000Z","bid"
"22.29000","0.879","2024-05-26T08:14:27.000Z","bid"
"22.58000","1.153","2024-05-26T07:47:19.000Z","bid"
"23.97000","1.087","2024-05-26T07:19:41.000Z","bid"
"23.75000","1.125","2024-05-26T07:15:10.000Z","bid"
"21.91000","1.339","2024-05-26T06:03:57.000Z","bid"
"30.06000","0.879","2024-05-26T06:01:20.000Z","ask"
"30.47000","0.240","2024-05-26T05:52:37.000Z","ask"
"30.13000","0.240","2024-05-26T05:52:36.000Z","ask"
"18.05000","41.443","2024-05-26T04:12:32.000Z","bid"
"29.61000","0.892","2024-05-25T23:00:31.000Z","ask"
"31.91000","0.828","2024-05-25T22:35:42.000Z","ask"
"32.75000","17.207","2024-05-25T02:53:38.000Z","ask"
"29.18000","0.906","2024-05-24T22:58:56.000Z","ask"
"20.96000","1.243","2024-05-24T17:38:32.000Z","bid"
"21.00000","1.311","2024-05-24T16:12:29.000Z","bid"
"21.35000","1.297","2024-05-24T13:58:24.000Z","bid"
"28.65000","0.715","2024-05-24T03:13:18.000Z","ask"
"28.99000","0.715","2024-05-24T03:13:18.000Z","ask"
"20.69000","0.150","2024-05-23T20:08:32.000Z","bid"
"33.87000","0.780","2024-05-23T18:33:20.000Z","ask"
"32.87000","0.804","2024-05-23T18:26:44.000Z","ask"
"32.38000","0.816","2024-05-23T18:26:07.000Z","ask"
"30.97000","0.853","2024-05-23T18:25:53.000Z","ask"
"33.37000","0.792","2024-05-23T18:25:24.000Z","ask"
"31.44000","0.841","2024-05-23T18:25:01.000Z","ask"
"30.51000","0.866","2024-05-23T18:24:30.000Z","ask"
"38.00000","62.894","2024-05-23T18:15:46.000Z","ask"
"70.00000","148.503","2024-05-23T15:15:57.000Z","ask"
"20.34000","1.280","2024-05-20T15:15:55.000Z","bid"
"20.65000","1.261","2024-05-20T11:03:39.000Z","bid"
"10.08000","0.400","2024-05-18T11:52:57.000Z","bid"
"18.88000","1.379","2024-05-18T08:38:27.000Z","bid"
"19.74000","1.319","2024-05-18T07:58:33.000Z","bid"
"16.75000","0.400","2024-05-18T06:09:39.000Z","bid"
"16.76000","1.554","2024-05-18T02:37:50.000Z","bid"
"19.45000","1.339","2024-05-15T03:01:03.000Z","bid"
"20.04000","1.300","2024-05-14T10:58:01.000Z","bid"
"17.70000","1.413","2024-05-12T22:32:15.000Z","bid"
"50.00000","4.842","2024-04-27T18:55:29.000Z","ask"
"124.95000","0.150","2024-04-27T17:46:06.000Z","ask"
"35.95000","0.737","2024-04-22T00:01:37.000Z","ask"
"39.95000","0.663","2024-04-16T17:45:38.000Z","ask"
"34.90000","0.758","2024-04-13T20:21:46.000Z","ask"
"38.07000","0.510","2024-04-13T05:56:30.000Z","ask"
"34.38000","0.770","2024-04-12T17:55:12.000Z","ask"
"36.50000","0.727","2024-04-12T17:43:37.000Z","ask"
"35.42000","0.748","2024-04-12T17:25:00.000Z","ask"
"37.05000","0.715","2024-04-12T12:40:44.000Z","ask"
"39.36000","0.417","2024-04-11T14:23:42.000Z","ask"
"37.61000","0.704","2024-04-11T09:37:17.000Z","ask"
"38.18000","0.694","2024-04-11T09:37:16.000Z","ask"
"38.76000","0.683","2024-04-11T07:14:28.000Z","ask"
"39.35000","0.673","2024-04-11T06:31:40.000Z","ask"
"120.00000","0.616","2024-04-11T00:13:18.000Z","ask"
"88.00000","0.286","2024-04-11T00:13:06.000Z","ask"
"41.16000","0.644","2024-04-10T15:41:15.000Z","ask"
"41.78000","0.634","2024-04-10T15:40:33.000Z","ask"
"46.52000","0.150","2024-04-10T09:40:55.000Z","ask"
"10.00000","0.150","2024-04-08T11:28:08.000Z","bid"
"106.78000","0.150","2024-04-08T05:23:48.000Z","ask"
"83.27000","0.150","2024-04-08T05:23:40.000Z","ask"
"65.19000","0.150","2024-04-08T05:23:30.000Z","ask"
"53.63000","0.150","2024-04-08T05:23:23.000Z","ask"
"43.06000","11.729","2024-04-08T02:27:15.000Z","ask"
"42.41000","0.396","2024-04-08T00:47:57.000Z","ask"
"43.05000","0.615","2024-04-08T00:42:22.000Z","ask"
"43.71000","0.606","2024-04-08T00:41:40.000Z","ask"
"44.37000","0.596","2024-04-08T00:21:50.000Z","ask"
"46.69000","12.200","2024-04-07T22:21:35.000Z","ask"
"45.00000","3.000","2024-04-07T22:07:53.000Z","ask"
"45.04000","0.588","2024-04-07T22:01:12.000Z","ask"
"45.72000","0.579","2024-04-07T21:59:12.000Z","ask"
"46.41000","0.571","2024-04-07T21:58:16.000Z","ask"
"47.12000","0.562","2024-04-07T21:58:16.000Z","ask"
"100.00000","2.489","2024-03-23T11:47:23.000Z","ask"
"75.00000","27.377","2024-03-23T09:10:57.000Z","ask"
"128.50000","0.392","2024-03-10T11:01:35.000Z","ask"
"127.50000","4.400","2024-02-26T10:02:01.000Z","ask"
"14.42000","1.806","2024-01-25T23:10:07.000Z","bid"
"13.98000","1.863","2024-01-25T23:10:06.000Z","bid"
"13.77000","1.891","2024-01-25T23:10:04.000Z","bid"
"18.60000","1.400","2024-01-25T22:09:20.000Z","bid"
"18.32000","1.422","2024-01-23T13:38:18.000Z","bid"
"17.79000","1.464","2024-01-23T09:55:34.000Z","bid"
"17.52000","1.486","2024-01-23T09:00:09.000Z","bid"
"16.02000","1.626","2024-01-22T22:48:22.000Z","bid"
"17.26000","1.509","2024-01-22T08:54:20.000Z","bid"
"15.79000","1.649","2024-01-22T07:57:03.000Z","bid"
"15.32000","1.700","2024-01-22T07:57:02.000Z","bid"
"12.29000","0.400","2024-01-02T03:06:23.000Z","bid"
"19.00000","0.400","2024-01-02T03:06:13.000Z","bid"
"14.41000","0.400","2024-01-02T03:01:28.000Z","bid"
"51.27000","1.000","2023-12-25T13:23:57.000Z","ask"
"57.91000","1.000","2023-12-25T13:23:49.000Z","ask"
"66.16000","1.000","2023-12-25T13:23:40.000Z","ask"
"73.56000","2.000","2023-12-25T13:23:25.000Z","ask"
"81.67000","2.053","2023-12-25T13:23:01.000Z","ask"
"52.00000","7.500","2023-12-25T07:53:04.000Z","ask"
"19.16000","1.359","2023-12-22T01:53:05.000Z","bid"
"17.01000","1.531","2023-12-18T23:04:21.000Z","bid"
"15.55000","1.675","2023-12-18T21:18:39.000Z","bid"
"16.26000","1.602","2023-12-18T21:18:35.000Z","bid"
"16.51000","1.577","2023-12-18T21:18:34.000Z","bid"
"106.00000","8.081","2023-12-16T12:46:35.000Z","ask"
"15.10000","1.725","2023-11-22T05:36:39.000Z","bid"
"14.87000","1.751","2023-11-19T06:37:13.000Z","bid"
"14.64000","1.779","2023-11-09T16:17:51.000Z","bid"
"14.20000","1.834","2023-11-09T16:17:23.000Z","bid"
"97.00000","0.951","2023-10-25T15:03:15.000Z","ask"
"70.69000","0.216","2022-04-29T16:16:49.000Z","ask"
"80.00000","1.000","2022-04-25T12:38:22.000Z","ask"
"96.72000","2.431","2022-04-18T07:22:52.000Z","ask"
"118.70000","1.000","2022-04-08T13:45:02.000Z","ask"