"price","volume","time","side","orderType"
"26.25000","5.70000000","2024-05-27T19:11:38.911Z","b","maker"
"26.27000","0.06388000","2024-05-27T18:52:18.022Z","b","maker"
"26.46000","0.88420647","2024-05-27T18:03:04.024Z","s","taker"
"26.22000","2.03897000","2024-05-27T12:53:19.336Z","b","maker"
"26.13000","6.04763114","2024-05-27T12:02:17.864Z","b","maker"
"26.11000","0.20000000","2024-05-27T12:00:59.793Z","b","taker"
"26.11000","0.36237723","2024-05-27T07:58:03.968Z","s","maker"
"26.38000","20.00000000","2024-05-27T06:04:59.707Z","s","maker"
"26.38000","4.00000000","2024-05-27T06:02:57.610Z","b","maker"
"26.40000","3.00000000","2024-05-27T06:02:42.339Z","s","maker"
"26.37000","4.50000000","2024-05-27T06:02:38.994Z","b","maker"
"26.40000","4.50000000","2024-05-27T06:02:38.994Z","b","maker"
"26.38000","0.85448843","2024-05-27T05:21:12.278Z","s","maker"
"26.28000","1.00629018","2024-05-27T02:08:04.229Z","b","maker"
"26.15000","1.91204589","2024-05-27T00:26:07.416Z","b","taker"
"26.07000","0.16000000","2024-05-27T00:25:34.296Z","b","maker"
"25.83000","4.65000000","2024-05-26T23:43:12.510Z","s","taker"
"25.83000","2.79019053","2024-05-26T23:43:12.510Z","s","taker"
"25.82000","2.85000000","2024-05-26T23:40:01.522Z","s","taker"
"25.80000","1.38110000","2024-05-26T23:40:01.522Z","s","taker"
"25.90000","0.16000000","2024-05-26T23:39:25.779Z","s","taker"
"25.83000","2.85000000","2024-05-26T23:39:25.779Z","s","taker"
"25.82000","1.00830684","2024-05-26T23:39:25.779Z","s","taker"
"25.82000","6.09916014","2024-05-26T23:39:25.779Z","s","taker"
"25.80000","0.88374402","2024-05-26T23:39:25.779Z","s","taker"
"25.93000","6.07328634","2024-05-26T23:19:36.296Z","s","taker"
"25.93000","15.92671366","2024-05-26T23:19:36.296Z","s","taker"
"25.95000","4.05415100","2024-05-26T23:19:21.677Z","s","taker"
"25.99000","16.24120000","2024-05-26T23:06:55.716Z","s","taker"
"25.94000","9.04044000","2024-05-26T22:46:15.668Z","s","taker"
"25.96000","6.00110100","2024-05-26T22:31:33.275Z","s","taker"
"25.96000","4.65000000","2024-05-26T21:55:37.333Z","s","maker"
"25.97000","10.54529951","2024-05-26T21:12:39.633Z","s","maker"
"26.12000","0.81716150","2024-05-26T20:36:44.650Z","b","maker"
"26.14000","0.16000000","2024-05-26T16:49:36.236Z","b","maker"
"26.14000","0.16000000","2024-05-26T16:49:36.236Z","b","maker"
"25.98000","0.16000000","2024-05-26T16:29:31.364Z","b","maker"
"25.96000","4.65000000","2024-05-26T16:29:29.712Z","b","maker"
"25.98000","0.16000000","2024-05-26T16:29:29.702Z","s","maker"
"25.98000","25.54677059","2024-05-26T16:29:29.702Z","s","maker"
"25.98000","25.54677059","2024-05-26T16:29:26.107Z","s","maker"
"25.98000","3.70322941","2024-05-26T16:29:26.107Z","s","maker"
"25.99000","7.69022680","2024-05-26T16:27:56.924Z","s","maker"
"25.98000","9.33977320","2024-05-26T16:27:56.924Z","s","maker"
"26.06000","0.66362637","2024-05-26T16:20:50.803Z","s","maker"
"26.06000","7.00101000","2024-05-26T15:58:15.946Z","s","taker"
"26.19000","3.01010000","2024-05-26T15:46:37.136Z","s","taker"
"26.25000","6.01988971","2024-05-26T15:00:13.182Z","b","maker"
"26.09000","1.32101100","2024-05-26T14:31:16.344Z","s","taker"
"26.27000","4.82411924","2024-05-26T12:48:48.996Z","s","taker"
"26.17000","0.56942590","2024-05-26T11:19:23.945Z","s","maker"
"26.28000","7.62098650","2024-05-26T10:52:26.015Z","s","maker"
"26.28000","5.96064780","2024-05-26T10:52:26.011Z","s","maker"
"26.47000","4.50000000","2024-05-26T08:20:52.433Z","b","maker"
"26.41000","1.42101100","2024-05-26T08:12:06.070Z","b","maker"
"26.35000","1.31021101","2024-05-26T08:05:29.388Z","s","taker"
"26.60000","0.97873995","2024-05-26T06:14:27.057Z","s","maker"
"26.65000","24.19197574","2024-05-26T06:14:26.417Z","s","maker"
"26.90000","0.45200050","2024-05-26T06:03:05.075Z","s","maker"
"26.90000","6.96420753","2024-05-26T06:03:05.042Z","s","maker"
"26.90000","24.07741556","2024-05-26T05:58:41.840Z","s","maker"
"26.99000","0.40901756","2024-05-26T05:56:01.423Z","s","maker"
"27.08000","17.95533078","2024-05-26T05:56:00.905Z","s","maker"
"27.08000","5.84776513","2024-05-26T05:56:00.889Z","s","maker"
"27.13000","24.57138669","2024-05-26T05:55:03.760Z","s","maker"
"26.98000","3.04705687","2024-05-26T05:54:23.393Z","s","maker"
"27.10000","24.84421809","2024-05-26T05:54:22.761Z","s","maker"
"27.00000","0.96424010","2024-05-26T05:54:05.135Z","s","maker"
"27.17000","3.64954534","2024-05-26T05:53:54.742Z","s","maker"
"27.50000","6.15136968","2024-05-26T05:53:22.010Z","s","maker"
"27.48000","5.84776513","2024-05-26T05:53:21.388Z","b","maker"
"27.49000","0.96086519","2024-05-26T05:53:21.388Z","b","maker"
"27.08000","0.97531442","2024-05-26T05:49:11.840Z","b","maker"
"26.88000","10.77407693","2024-05-26T05:43:42.907Z","b","maker"
"26.86000","24.86153583","2024-05-26T05:40:05.132Z","s","maker"
"26.80000","0.25066288","2024-05-26T05:40:04.288Z","s","maker"
"26.78000","1.33333334","2024-05-26T05:40:04.269Z","b","maker"
"26.54000","0.50000000","2024-05-26T04:08:21.014Z","b","maker"
"26.42000","5.95163699","2024-05-26T03:22:04.161Z","b","maker"
"26.40000","8.11210100","2024-05-26T02:44:17.399Z","s","taker"
"26.53000","1.21011000","2024-05-26T02:24:45.935Z","s","taker"
"26.64000","0.24512314","2024-05-26T01:09:41.551Z","s","maker"
"26.64000","0.24574792","2024-05-26T01:09:41.547Z","s","maker"
"26.59000","5.92811274","2024-05-26T01:09:40.343Z","b","maker"
"26.53000","5.93257920","2024-05-26T01:04:04.165Z","b","maker"
"26.52000","1.70000000","2024-05-26T00:41:49.382Z","b","maker"
"26.53000","0.24574792","2024-05-26T00:09:01.783Z","s","maker"
"26.62000","5.91919996","2024-05-26T00:02:01.744Z","s","maker"
"26.48000","1.32144213","2024-05-26T00:01:18.056Z","b","maker"
"26.45000","20.00000000","2024-05-26T00:01:18.020Z","b","maker"
"26.43000","6.13156844","2024-05-26T00:01:18.013Z","b","maker"
"26.06000","0.96424010","2024-05-26T00:01:15.822Z","b","maker"
"26.08000","89.09534093","2024-05-26T00:01:15.003Z","b","maker"
"26.23000","51.00465907","2024-05-26T00:01:15.003Z","b","maker"
"26.43000","6.13156844","2024-05-26T00:01:14.618Z","s","maker"
"26.43000","0.01843156","2024-05-26T00:01:14.618Z","s","maker"
"25.85000","0.97873995","2024-05-26T00:01:14.380Z","b","maker"
"25.84000","20.79585778","2024-05-26T00:01:14.304Z","b","maker"
"25.85000","1.50000000","2024-05-26T00:01:13.855Z","b","maker"
"25.84000","0.23249181","2024-05-26T00:01:13.802Z","s","maker"
"25.85000","13.26952733","2024-05-26T00:01:13.775Z","b","maker"
"25.84000","0.23249181","2024-05-26T00:01:13.650Z","s","maker"
"25.86000","3.91876690","2024-05-26T00:01:13.275Z","b","maker"
"26.39000","3.91808181","2024-05-26T00:01:13.275Z","b","maker"
"26.42000","1.96406631","2024-05-26T00:01:13.275Z","b","maker"
"25.86000","18.79687614","2024-05-26T00:01:13.273Z","b","maker"
"25.85000","1.32144213","2024-05-26T00:01:13.167Z","s","maker"
"25.86000","1.30519423","2024-05-26T00:01:13.152Z","s","maker"
"26.40000","0.68891950","2024-05-26T00:01:13.151Z","s","maker"
"26.39000","19.99999991","2024-05-26T00:01:13.151Z","s","maker"
"26.25000","1.33333334","2024-05-26T00:01:13.151Z","s","maker"
"25.86000","1.40111822","2024-05-26T00:01:13.151Z","s","maker"
"26.61000","6.15000000","2024-05-26T00:01:13.014Z","s","maker"
"26.47000","17.49510779","2024-05-26T00:01:12.433Z","b","maker"
"26.48000","22.40489221","2024-05-26T00:01:12.433Z","b","maker"
"26.47000","63.75000000","2024-05-26T00:01:12.418Z","b","maker"
"26.78000","6.00000000","2024-05-26T00:01:12.415Z","s","maker"
"26.46000","18.44081595","2024-05-26T00:01:12.406Z","b","maker"
"26.46000","5.91618949","2024-05-26T00:01:12.405Z","b","maker"
"26.77000","5.98201799","2024-05-26T00:01:12.317Z","b","maker"
"26.77000","5.98201799","2024-05-26T00:01:12.296Z","s","maker"
"26.77000","0.01798201","2024-05-26T00:01:12.296Z","s","maker"
"26.78000","6.00000000","2024-05-26T00:01:12.272Z","b","maker"
"26.78000","6.00000000","2024-05-26T00:01:12.219Z","s","maker"
"26.77000","6.00000000","2024-05-26T00:01:12.210Z","s","maker"
"26.79000","5.98201799","2024-05-26T00:01:12.132Z","b","maker"
"26.79000","6.00000000","2024-05-26T00:01:12.114Z","s","maker"
"26.89000","5.85646392","2024-05-26T00:01:11.898Z","s","maker"
"26.88000","4.91761301","2024-05-26T00:01:11.898Z","s","maker"
"27.78000","7.20720721","2024-05-26T00:01:09.924Z","s","maker"
"27.78000","0.34260000","2024-05-26T00:01:09.172Z","s","maker"
"27.78000","8.00000000","2024-05-26T00:01:08.458Z","s","maker"
"27.78000","0.86000000","2024-05-26T00:01:08.297Z","s","maker"
"27.78000","3.30000000","2024-05-26T00:01:07.822Z","s","maker"
"27.78000","0.15000000","2024-05-26T00:01:07.356Z","s","maker"
"27.78000","0.60000000","2024-05-26T00:01:07.307Z","s","maker"
"27.75000","47.00000000","2024-05-26T00:01:06.985Z","s","maker"
"27.75000","16.00000000","2024-05-26T00:01:06.871Z","s","maker"
"27.76000","34.93963537","2024-05-26T00:01:06.844Z","s","maker"
"27.75000","12.06036463","2024-05-26T00:01:06.844Z","s","maker"
"27.78000","3.82714820","2024-05-26T00:01:06.833Z","s","maker"
"27.76000","14.17285180","2024-05-26T00:01:06.833Z","s","maker"
"27.78000","3.60000000","2024-05-26T00:01:06.800Z","s","maker"
"27.76000","16.00000000","2024-05-26T00:01:06.745Z","s","maker"
"27.77000","25.12010310","2024-05-26T00:01:06.728Z","s","maker"
"27.76000","21.87989690","2024-05-26T00:01:06.728Z","s","maker"
"27.77000","23.00000000","2024-05-26T00:01:06.719Z","s","maker"
"27.77000","16.00000000","2024-05-26T00:01:06.705Z","s","maker"
"27.77000","16.00000000","2024-05-26T00:01:06.699Z","s","maker"
"27.78000","14.26016293","2024-05-26T00:01:06.697Z","s","maker"
"27.77000","8.73983707","2024-05-26T00:01:06.697Z","s","maker"
"27.78000","0.15000000","2024-05-26T00:01:06.552Z","s","maker"
"27.78000","2.55000000","2024-05-26T00:01:06.542Z","s","maker"
"27.78000","7.65000000","2024-05-26T00:01:06.410Z","s","maker"
"26.88000","4.95000000","2024-05-26T00:01:06.242Z","b","maker"
"26.78000","1.61210001","2024-05-26T00:01:05.987Z","s","maker"
"26.76000","1.92138100","2024-05-26T00:01:05.283Z","s","maker"
"26.75000","10.00000000","2024-05-26T00:01:05.283Z","s","maker"
"26.68000","4.95000000","2024-05-26T00:01:05.283Z","s","maker"
"26.68000","7.48388708","2024-05-26T00:01:05.283Z","s","maker"
"26.87000","0.32322244","2024-05-26T00:01:05.193Z","s","maker"
"26.85000","27.30000000","2024-05-26T00:01:05.038Z","s","maker"
"26.83000","18.75000000","2024-05-26T00:01:05.003Z","s","maker"
"26.82000","20.70000000","2024-05-26T00:01:04.999Z","s","maker"
"26.81000","1.95000000","2024-05-26T00:01:04.978Z","s","maker"
"27.73000","43.24724227","2024-05-26T00:01:04.935Z","s","maker"
"27.53000","0.85504178","2024-05-26T00:01:04.931Z","b","maker"
"27.54000","3.69644154","2024-05-26T00:01:04.931Z","b","maker"
"27.55000","10.00000000","2024-05-26T00:01:04.931Z","b","maker"
"27.74000","5.11319394","2024-05-26T00:01:04.931Z","b","maker"
"26.74000","6.15000000","2024-05-26T00:01:04.930Z","b","maker"
"26.76000","6.15000000","2024-05-26T00:01:04.930Z","b","maker"
"26.85000","0.73712255","2024-05-26T00:01:04.930Z","b","maker"
"27.08000","0.97678243","2024-05-26T00:01:04.930Z","b","maker"
"27.26000","1.30353818","2024-05-26T00:01:04.930Z","b","maker"
"27.38000","0.79716523","2024-05-26T00:01:04.930Z","b","maker"
"27.49000","0.96086515","2024-05-26T00:01:04.930Z","b","maker"
"27.52000","2.66623018","2024-05-26T00:01:04.930Z","b","maker"
"27.53000","3.88415183","2024-05-26T00:01:04.930Z","b","maker"
"26.67000","2.17928297","2024-05-26T00:01:04.651Z","b","maker"
"26.69000","4.82071703","2024-05-26T00:01:04.651Z","b","maker"
"26.68000","0.72752000","2024-05-25T23:16:02.870Z","b","maker"
"26.62000","3.15000000","2024-05-25T23:04:38.931Z","b","maker"
"26.60000","3.15000000","2024-05-25T23:04:37.901Z","b","maker"
"26.68000","1.30353818","2024-05-25T22:55:47.007Z","b","maker"
"26.72000","0.83071100","2024-05-25T22:35:33.517Z","b","maker"
"26.66000","0.49884881","2024-05-25T22:23:26.603Z","s","taker"
"26.68000","0.99131677","2024-05-25T22:22:25.883Z","b","maker"
"26.53000","0.74865631","2024-05-25T22:14:54.453Z","b","maker"
"26.42000","1.50000000","2024-05-25T21:46:32.309Z","b","maker"
"26.34000","1.61210000","2024-05-25T21:24:27.965Z","b","maker"
"26.25000","0.78476000","2024-05-25T18:26:08.181Z","s","maker"
"26.13000","2.08385000","2024-05-25T17:51:49.424Z","s","maker"
"26.29000","24.16778849","2024-05-25T16:47:08.352Z","s","maker"
"26.27000","5.10000000","2024-05-25T16:47:08.352Z","s","maker"
"26.27000","5.10000000","2024-05-25T16:47:08.352Z","s","maker"
"26.27000","7.59877789","2024-05-25T16:47:08.352Z","s","maker"
"26.25000","0.81623362","2024-05-25T16:47:08.352Z","s","maker"
"26.28000","1.00629018","2024-05-25T16:42:33.294Z","b","maker"
"25.75000","3.11000000","2024-05-25T13:52:20.902Z","b","maker"
"25.75000","0.25383107","2024-05-25T13:42:32.383Z","b","maker"
"25.82000","1.00830684","2024-05-25T13:38:43.452Z","s","taker"
"25.77000","0.17279316","2024-05-25T13:38:43.452Z","s","taker"
"25.98000","0.40672000","2024-05-25T13:14:16.481Z","b","maker"
"26.22000","1.01161000","2024-05-25T11:29:26.225Z","s","taker"
"26.28000","1.00629019","2024-05-25T11:16:17.669Z","b","maker"
"26.04000","27.81037385","2024-05-25T10:02:51.786Z","b","maker"
"26.04000","33.00000000","2024-05-25T10:02:49.051Z","b","maker"
"26.01000","0.10136000","2024-05-25T09:46:27.014Z","s","maker"
"26.00000","2.78920000","2024-05-25T09:42:01.454Z","s","taker"
"26.02000","0.84093691","2024-05-25T09:33:46.727Z","s","maker"
"26.04000","0.37194000","2024-05-25T07:32:46.650Z","b","maker"
"25.99000","1.80000000","2024-05-25T07:18:33.437Z","b","maker"
"26.06000","2.02905167","2024-05-25T05:12:50.169Z","s","maker"
"26.06000","9.30000000","2024-05-25T05:12:50.125Z","s","maker"
"26.04000","3.30000000","2024-05-25T05:12:49.231Z","b","maker"
"26.06000","3.13599285","2024-05-25T05:12:33.945Z","s","maker"
"26.06000","19.50000000","2024-05-25T05:12:30.471Z","s","maker"
"26.06000","1.02132125","2024-05-25T05:12:27.293Z","s","maker"
"26.06000","19.50000000","2024-05-25T05:12:27.278Z","s","maker"
"26.06000","3.30000000","2024-05-25T05:08:42.779Z","b","maker"
"26.03000","2.44349910","2024-05-25T05:08:17.811Z","s","maker"
"25.98000","5.25000000","2024-05-25T04:39:42.401Z","b","maker"
"25.98000","3.85000000","2024-05-25T04:39:42.401Z","b","maker"
"25.90000","1.02132126","2024-05-25T03:49:10.891Z","b","maker"
"25.80000","5.25000000","2024-05-25T02:53:36.614Z","b","maker"
"25.83000","2.08239038","2024-05-25T02:53:36.614Z","b","maker"
"25.72000","2.54531157","2024-05-25T02:44:59.704Z","s","maker"
"25.73000","3.30000000","2024-05-25T02:09:04.758Z","b","maker"
"25.74000","3.30000000","2024-05-25T02:09:04.758Z","b","maker"
"25.74000","23.79589628","2024-05-25T02:09:04.758Z","b","maker"
"25.84000","7.61008437","2024-05-25T02:09:04.758Z","b","maker"
"25.85000","2.90283935","2024-05-25T02:09:04.758Z","b","maker"
"25.80000","2.73562000","2024-05-25T00:53:10.156Z","b","maker"
"25.64000","3.30000000","2024-05-24T23:30:29.417Z","b","maker"
"25.64000","0.68773000","2024-05-24T23:29:39.199Z","b","maker"
"25.64000","1.38478767","2024-05-24T23:18:58.629Z","s","maker"
"25.60000","2.54531157","2024-05-24T23:17:56.196Z","b","maker"
"25.57000","6.17206799","2024-05-24T23:10:58.378Z","b","maker"
"25.61000","0.03913000","2024-05-24T22:04:05.346Z","b","maker"
"25.59000","3.30000000","2024-05-24T21:59:56.679Z","b","maker"
"25.61000","1.77951000","2024-05-24T21:59:56.679Z","b","maker"
"25.54000","6.19391602","2024-05-24T21:52:10.287Z","b","maker"
"25.56000","6.92361210","2024-05-24T21:52:10.287Z","b","maker"
"25.58000","14.72543188","2024-05-24T21:52:10.287Z","b","maker"
"25.46000","0.30076000","2024-05-24T20:52:19.320Z","s","maker"
"25.46000","11.56570393","2024-05-24T20:15:37.320Z","s","maker"
"25.46000","1.03680816","2024-05-24T20:15:37.318Z","s","maker"
"25.44000","5.07233622","2024-05-24T19:54:20.430Z","s","maker"
"25.44000","19.80000000","2024-05-24T19:54:20.426Z","s","maker"
"25.46000","0.02774000","2024-05-24T19:41:32.242Z","b","maker"
"25.44000","1.02336803","2024-05-24T19:13:00.510Z","s","maker"
"25.50000","23.90159776","2024-05-24T18:26:55.363Z","s","maker"
"25.51000","2.55580649","2024-05-24T18:26:55.231Z","s","maker"
"25.52000","2.55348154","2024-05-24T18:26:55.218Z","s","maker"
"25.52000","2.56145794","2024-05-24T18:26:55.214Z","s","maker"
"25.78000","1.35633228","2024-05-24T18:16:37.421Z","s","maker"
"25.81000","7.85408846","2024-05-24T18:04:20.613Z","s","maker"
"26.01000","9.60885379","2024-05-24T18:01:24.956Z","s","maker"
"25.78000","24.05527699","2024-05-24T18:01:20.362Z","b","maker"
"25.74000","10.96597232","2024-05-24T18:01:20.322Z","b","maker"
"25.80000","1.60524806","2024-05-24T18:00:34.121Z","b","maker"
"25.95000","0.40000000","2024-05-24T18:00:13.977Z","b","maker"
"26.00000","4.73242871","2024-05-24T17:59:28.635Z","b","maker"
"25.91000","10.84535086","2024-05-24T17:59:28.367Z","b","maker"
"25.84000","4.01929261","2024-05-24T17:59:28.360Z","b","maker"
"25.90000","1.02132126","2024-05-24T17:59:28.360Z","b","maker"
"25.91000","5.79637189","2024-05-24T17:59:28.360Z","b","maker"
"25.83000","7.35000000","2024-05-24T17:59:28.358Z","b","maker"
"25.83000","10.82863355","2024-05-24T17:59:28.353Z","b","maker"
"25.79000","1.58705337","2024-05-24T17:59:28.346Z","b","maker"
"25.80000","17.22035271","2024-05-24T17:59:28.346Z","b","maker"
"25.79000","5.83246754","2024-05-24T17:59:28.343Z","b","maker"
"25.79000","0.01753246","2024-05-24T17:59:28.343Z","b","maker"
"25.79000","5.85000000","2024-05-24T17:59:28.338Z","s","maker"
"25.80000","5.85000000","2024-05-24T17:59:28.329Z","s","maker"
"25.80000","5.85000000","2024-05-24T17:59:28.329Z","s","maker"
"25.67000","2.65784625","2024-05-24T17:59:28.321Z","b","maker"
"25.66000","10.89731182","2024-05-24T17:59:28.314Z","b","maker"
"25.67000","21.20268818","2024-05-24T17:59:28.314Z","b","maker"
"25.52000","1.01881088","2024-05-24T17:58:26.783Z","b","maker"
"25.51000","1.03680816","2024-05-24T17:58:26.156Z","b","maker"
"25.36000","1.87404166","2024-05-24T17:50:40.372Z","b","maker"
"25.27000","0.11138000","2024-05-24T17:46:06.436Z","b","maker"
"25.28000","4.67217000","2024-05-24T17:40:20.614Z","b","maker"
"25.24000","1.87404166","2024-05-24T17:37:52.712Z","b","maker"
"25.23000","1.04754231","2024-05-24T17:37:27.184Z","b","maker"
"25.13000","1.05234559","2024-05-24T17:37:25.312Z","b","maker"
"25.05000","24.07700231","2024-05-24T17:36:41.661Z","b","maker"
"24.81000","1.04754231","2024-05-24T17:07:26.206Z","b","maker"
"24.81000","1.01881088","2024-05-24T17:07:26.196Z","b","maker"
"24.69000","1.05445454","2024-05-24T16:44:05.978Z","s","maker"
"24.76000","3.74808332","2024-05-24T16:25:58.036Z","b","maker"
"24.78000","2.70000000","2024-05-24T16:20:55.995Z","s","maker"
"24.85000","0.81691000","2024-05-24T16:09:59.235Z","b","taker"
"24.92000","1.22101000","2024-05-24T16:09:40.630Z","b","taker"
"24.91000","1.71154010","2024-05-24T16:09:24.482Z","b","taker"
"24.88000","1.31100000","2024-05-24T16:08:40.995Z","b","taker"
"24.98000","4.35000000","2024-05-24T16:03:52.484Z","s","maker"
"25.09000","7.88740362","2024-05-24T15:51:06.631Z","s","maker"
"25.19000","1.61101211","2024-05-24T15:46:40.601Z","b","taker"
"25.20000","3.10110000","2024-05-24T15:46:18.100Z","b","taker"
"25.25000","1.08110110","2024-05-24T15:20:49.827Z","s","taker"
"25.36000","5.84000000","2024-05-24T14:36:52.410Z","b","maker"
"25.12000","24.59293496","2024-05-24T13:59:41.637Z","b","maker"
"25.10000","1.22101100","2024-05-24T13:55:08.943Z","s","taker"
"25.32000","7.88866839","2024-05-24T13:21:40.891Z","s","maker"
"25.31000","18.12133161","2024-05-24T13:21:40.891Z","s","maker"
"25.35000","7.48512194","2024-05-24T13:20:25.666Z","s","maker"
"25.35000","1.05234559","2024-05-24T13:20:25.664Z","s","maker"
"25.25000","1.33101100","2024-05-24T13:12:51.770Z","s","taker"
"25.35000","1.03101100","2024-05-24T12:39:21.706Z","s","taker"
"25.33000","3.20000000","2024-05-24T11:54:07.833Z","b","maker"
"25.01000","0.92842626","2024-05-24T10:20:55.932Z","s","maker"
"25.00000","2.97157374","2024-05-24T10:20:55.932Z","s","maker"
"25.02000","24.70576215","2024-05-24T10:20:54.905Z","s","maker"
"25.02000","3.90000000","2024-05-24T10:15:01.739Z","s","maker"
"25.00000","5.79089000","2024-05-24T10:15:01.739Z","s","maker"
"25.01000","10.26250000","2024-05-24T10:01:06.808Z","s","maker"
"25.13000","1.05234559","2024-05-24T08:56:13.277Z","b","maker"
"24.69000","1.05445454","2024-05-24T08:27:12.522Z","s","maker"
"24.80000","1.11760139","2024-05-24T08:17:46.496Z","s","maker"
"24.99000","1.50000000","2024-05-24T07:13:30.963Z","b","maker"
"25.02000","1.90440966","2024-05-24T07:03:40.913Z","s","maker"
"24.96000","4.01929261","2024-05-24T06:34:35.828Z","b","taker"
"24.93000","1.05090142","2024-05-24T06:32:14.953Z","s","maker"
"24.96000","3.20512821","2024-05-24T06:31:53.154Z","s","maker"
"25.06000","1.03888598","2024-05-24T06:26:26.597Z","s","maker"
"25.24000","1.13633047","2024-05-24T06:00:30.802Z","s","maker"
"25.44000","1.02336803","2024-05-24T05:36:53.966Z","s","maker"
"25.82000","1.00830684","2024-05-24T05:14:41.571Z","s","maker"
"26.05000","9.52792935","2024-05-24T04:58:38.786Z","s","maker"
"26.28000","1.00629018","2024-05-24T03:12:05.089Z","b","maker"
"26.12000","0.84805111","2024-05-24T02:54:59.675Z","b","maker"
"26.18000","3.60000000","2024-05-24T02:24:27.202Z","b","maker"
"26.19000","7.81114374","2024-05-24T02:24:27.202Z","b","maker"
"26.19000","3.60000000","2024-05-24T02:24:27.202Z","b","maker"
"26.19000","8.17328412","2024-05-24T02:24:27.202Z","b","maker"
"26.20000","24.00369809","2024-05-24T02:24:27.202Z","b","maker"
"26.17000","0.80331574","2024-05-24T02:24:04.258Z","b","maker"
"25.98000","0.38951525","2024-05-24T01:38:57.640Z","s","maker"
"25.97000","24.11499854","2024-05-24T01:09:36.395Z","b","maker"
"25.83000","24.97879160","2024-05-24T01:07:36.861Z","b","maker"
"26.17000","1.12607673","2024-05-24T00:58:32.401Z","s","maker"
"25.88000","0.49884881","2024-05-24T00:17:03.299Z","b","maker"
"25.82000","1.00830684","2024-05-24T00:12:47.448Z","s","maker"
"26.19000","1.52730050","2024-05-23T23:33:23.490Z","b","maker"
"26.21000","0.99330342","2024-05-23T23:01:36.806Z","s","maker"
"26.29000","3.45000000","2024-05-23T22:55:36.991Z","s","maker"
"26.29000","3.45000000","2024-05-23T22:55:36.990Z","s","maker"
"26.29000","3.45000000","2024-05-23T22:55:36.989Z","s","maker"
"26.29000","3.45000000","2024-05-23T22:55:36.987Z","s","maker"
"26.29000","3.45000000","2024-05-23T22:55:36.986Z","s","maker"
"26.29000","3.45000000","2024-05-23T22:55:36.984Z","s","maker"
"26.31000","3.45000000","2024-05-23T22:55:36.957Z","s","maker"
"26.31000","3.45000000","2024-05-23T22:55:36.939Z","s","maker"
"26.38000","0.41698256","2024-05-23T22:52:41.286Z","s","maker"
"26.49000","0.84912111","2024-05-23T22:25:22.786Z","s","maker"
"26.75000","18.92243636","2024-05-23T22:00:35.671Z","s","maker"
"26.75000","1.07756364","2024-05-23T21:59:19.372Z","s","maker"
"26.81000","24.84461038","2024-05-23T21:57:25.749Z","s","maker"
"26.82000","6.33428198","2024-05-23T21:57:25.620Z","s","maker"
"26.76000","10.00000000","2024-05-23T21:55:13.601Z","s","maker"
"26.82000","5.10000000","2024-05-23T21:52:09.523Z","b","maker"
"26.84000","4.90000000","2024-05-23T21:52:09.523Z","b","maker"
"26.82000","4.05000000","2024-05-23T21:47:33.298Z","b","maker"
"26.82000","4.05000000","2024-05-23T21:47:33.298Z","b","maker"
"26.83000","21.90000000","2024-05-23T21:47:33.298Z","b","maker"
"26.82000","4.05000000","2024-05-23T21:46:41.709Z","b","maker"
"26.83000","24.86625112","2024-05-23T21:46:41.709Z","b","maker"
"26.84000","3.08374888","2024-05-23T21:46:41.709Z","b","maker"
"26.75000","15.00000000","2024-05-23T21:40:20.124Z","b","maker"
"26.78000","4.35000000","2024-05-23T21:37:51.513Z","b","maker"
"26.78000","3.65000000","2024-05-23T21:37:51.513Z","b","maker"
"26.77000","4.35000000","2024-05-23T21:37:28.541Z","b","maker"
"26.79000","4.35000000","2024-05-23T21:37:28.541Z","b","maker"
"26.79000","23.30000000","2024-05-23T21:37:28.541Z","b","maker"
"26.77000","4.35000000","2024-05-23T21:37:04.387Z","b","maker"
"26.78000","7.65000000","2024-05-23T21:37:04.387Z","b","maker"
"26.79000","3.10215532","2024-05-23T21:35:51.878Z","b","maker"
"26.80000","5.40000000","2024-05-23T21:35:51.878Z","b","maker"
"26.72000","0.41167664","2024-05-23T21:32:57.860Z","s","maker"
"26.65000","24.09772559","2024-05-23T21:31:37.219Z","b","maker"
"26.56000","0.15161042","2024-05-23T21:29:44.932Z","s","maker"
"26.54000","6.90000000","2024-05-23T21:28:27.579Z","b","maker"
"26.55000","2.24446000","2024-05-23T21:28:27.579Z","b","maker"
"26.60000","0.97873995","2024-05-23T21:17:03.173Z","s","maker"
"27.08000","0.97678243","2024-05-23T21:13:20.781Z","b","maker"
"26.73000","0.15392577","2024-05-23T21:04:55.827Z","s","maker"
"26.72000","2.30976858","2024-05-23T21:04:55.827Z","s","maker"
"26.85000","0.32810687","2024-05-23T21:03:42.975Z","s","maker"
"26.84000","0.30844817","2024-05-23T21:03:42.975Z","s","maker"
"26.68000","0.99131678","2024-05-23T21:02:33.450Z","b","maker"
"26.45000","11.43902632","2024-05-23T21:01:36.661Z","b","maker"
"26.53000","0.11560000","2024-05-23T20:34:02.697Z","b","maker"
"26.47000","22.81276539","2024-05-23T20:26:38.035Z","b","maker"
"26.05000","1.26813615","2024-05-23T20:14:51.443Z","s","maker"
"26.21000","0.99330342","2024-05-23T20:14:33.723Z","s","maker"
"26.23000","11.32155928","2024-05-23T20:14:33.634Z","s","maker"
"26.59000","0.03618097","2024-05-23T20:13:52.316Z","b","maker"
"26.59000","11.24570139","2024-05-23T20:13:52.310Z","b","maker"
"26.24000","0.63098591","2024-05-23T20:13:50.345Z","s","maker"
"26.42000","0.35371491","2024-05-23T20:13:48.549Z","s","maker"
"26.41000","11.30702978","2024-05-23T20:13:48.549Z","s","maker"
"26.43000","0.11582425","2024-05-23T20:13:48.540Z","s","maker"
"26.43000","24.15000000","2024-05-23T20:13:48.537Z","s","maker"
"26.52000","11.39461610","2024-05-23T20:13:48.528Z","s","maker"
"26.53000","24.54936884","2024-05-23T20:13:48.516Z","s","maker"
"26.62000","13.21201701","2024-05-23T20:13:43.654Z","s","maker"
"26.62000","1.00830526","2024-05-23T20:13:43.643Z","s","maker"
"26.62000","24.01784904","2024-05-23T20:13:42.567Z","s","maker"
"26.64000","11.17481606","2024-05-23T20:13:41.636Z","s","maker"
"26.64000","11.28188236","2024-05-23T20:13:41.487Z","b","maker"
"26.65000","4.95000000","2024-05-23T20:13:41.487Z","b","maker"
"26.68000","0.99131677","2024-05-23T20:13:41.487Z","b","maker"
"26.71000","0.79859700","2024-05-23T20:13:41.487Z","b","maker"
"26.74000","1.33489853","2024-05-23T20:13:41.487Z","b","maker"
"26.53000","19.79778800","2024-05-23T20:13:41.287Z","b","maker"
"26.28000","1.00629018","2024-05-23T20:13:41.028Z","b","maker"
"26.23000","71.70000000","2024-05-23T20:13:41.016Z","b","maker"
"26.22000","11.33920288","2024-05-23T20:13:41.007Z","b","maker"
"26.23000","0.12457629","2024-05-23T20:13:41.007Z","b","maker"
"26.11000","7.82621193","2024-05-23T20:13:40.973Z","b","maker"
"26.12000","24.35883188","2024-05-23T20:13:40.973Z","b","maker"
"26.10000","2.25253793","2024-05-23T20:13:40.970Z","b","maker"
"26.08000","5.10000000","2024-05-23T20:12:57.754Z","b","maker"
"26.09000","14.70396000","2024-05-23T20:12:57.754Z","b","maker"
"26.13000","24.06574957","2024-05-23T20:10:09.452Z","s","maker"
"26.00000","7.32336804","2024-05-23T20:10:08.743Z","b","maker"
"26.00000","7.00000000","2024-05-23T20:10:06.880Z","b","maker"
"26.00000","9.81165840","2024-05-23T20:10:06.768Z","b","maker"
"26.01000","7.67829727","2024-05-23T20:06:14.096Z","b","maker"
"25.86000","0.87994240","2024-05-23T20:03:08.292Z","s","maker"
"25.87000","0.75311315","2024-05-23T20:02:59.465Z","s","maker"
"25.82000","1.00830684","2024-05-23T20:01:36.558Z","s","maker"
"25.84000","1.33900929","2024-05-23T20:01:35.932Z","s","maker"
"25.89000","0.63847045","2024-05-23T20:01:31.852Z","s","maker"
"26.00000","0.73807692","2024-05-23T20:01:20.591Z","s","maker"
"26.21000","0.99330342","2024-05-23T20:01:06.824Z","s","maker"
"26.25000","24.76187651","2024-05-23T20:01:01.489Z","s","maker"
"26.60000","0.97873995","2024-05-23T20:00:29.089Z","s","maker"
"26.85000","8.15316667","2024-05-23T19:55:25.194Z","s","taker"
"26.80000","5.75564593","2024-05-23T19:39:57.300Z","b","maker"
"26.80000","2.24435407","2024-05-23T19:39:54.723Z","s","maker"
"27.29000","0.40307805","2024-05-23T19:29:59.436Z","s","maker"
"27.11000","4.03000000","2024-05-23T19:25:06.394Z","b","maker"
"27.16000","0.75471384","2024-05-23T19:23:45.158Z","s","maker"
"27.16000","0.49480004","2024-05-23T19:23:45.155Z","s","maker"
"27.16000","11.37048612","2024-05-23T19:23:44.889Z","b","maker"
"27.22000","48.52647472","2024-05-23T19:19:51.645Z","s","maker"
"27.14000","1.09352528","2024-05-23T19:19:51.371Z","b","maker"
"27.08000","0.97678244","2024-05-23T19:19:33.185Z","b","maker"
"27.06000","0.49480004","2024-05-23T19:19:15.607Z","b","maker"
"26.87000","18.08331157","2024-05-23T19:14:50.020Z","s","maker"
"26.87000","5.40000000","2024-05-23T19:14:49.749Z","b","maker"
"26.87000","9.31659911","2024-05-23T19:14:49.749Z","b","maker"
"26.37000","10.92906903","2024-05-23T19:01:37.956Z","s","maker"
"26.46000","10.87213358","2024-05-23T18:59:24.930Z","b","maker"
"26.46000","11.27219093","2024-05-23T18:59:24.912Z","b","maker"
"26.38000","3.06273956","2024-05-23T18:59:18.479Z","b","maker"
"26.39000","1.74525061","2024-05-23T18:59:18.479Z","b","maker"
"26.74000","4.23051644","2024-05-23T18:50:57.114Z","s","maker"
"26.73000","5.40000000","2024-05-23T18:50:56.933Z","b","maker"
"26.73000","7.00735940","2024-05-23T18:50:56.933Z","b","maker"
"26.60000","0.97873995","2024-05-23T18:44:10.189Z","s","maker"
"26.65000","11.24457863","2024-05-23T18:40:08.937Z","s","maker"
"26.82000","11.24457863","2024-05-23T18:40:08.686Z","s","maker"
"26.82000","9.33987192","2024-05-23T18:40:08.682Z","s","maker"
"27.11000","1.00000000","2024-05-23T18:36:41.790Z","b","maker"
"27.23000","1.60000000","2024-05-23T18:36:10.689Z","b","maker"
"26.96000","0.72969367","2024-05-23T18:36:10.046Z","b","maker"
"26.97000","6.75000000","2024-05-23T18:35:49.446Z","s","maker"
"26.90000","6.72977024","2024-05-23T18:35:49.373Z","b","maker"
"26.90000","0.02022976","2024-05-23T18:35:49.357Z","s","maker"
"26.90000","6.72977024","2024-05-23T18:35:49.356Z","s","maker"
"26.80000","24.94727273","2024-05-23T18:35:49.223Z","b","maker"
"26.92000","1.47763221","2024-05-23T18:35:42.183Z","s","maker"
"26.92000","22.59011281","2024-05-23T18:35:42.180Z","s","maker"
"26.86000","6.75000000","2024-05-23T18:35:39.294Z","s","maker"
"26.86000","6.75000000","2024-05-23T18:35:39.265Z","s","maker"
"26.50000","1.47094000","2024-05-23T18:33:32.147Z","b","maker"
"26.95000","3.90000000","2024-05-23T18:31:14.681Z","b","maker"
"26.68000","0.99131678","2024-05-23T18:30:52.101Z","b","taker"
"26.81000","6.52285229","2024-05-23T18:30:52.101Z","b","taker"
"26.64000","8.65497702","2024-05-23T18:30:40.282Z","s","maker"
"26.61000","6.98976285","2024-05-23T18:30:40.282Z","s","maker"
"26.64000","15.64473987","2024-05-23T18:30:40.279Z","s","maker"
"26.67000","7.70473514","2024-05-23T18:30:32.392Z","b","taker"
"26.42000","4.61213685","2024-05-23T18:29:27.464Z","b","taker"
"26.41000","2.99624120","2024-05-23T18:29:08.536Z","b","taker"
"26.37000","23.83860855","2024-05-23T18:28:36.534Z","s","maker"
"26.20000","0.55000000","2024-05-23T18:28:16.256Z","b","maker"
"26.20000","5.00000000","2024-05-23T18:28:15.564Z","b","maker"
"26.14000","24.08198866","2024-05-23T18:28:15.163Z","b","maker"
"26.14000","0.80577382","2024-05-23T18:28:15.143Z","b","maker"
"26.21000","0.99330342","2024-05-23T18:28:14.549Z","s","maker"
"26.54000","24.52900410","2024-05-23T18:28:13.819Z","s","maker"
"26.61000","1.50000000","2024-05-23T18:28:02.723Z","b","maker"
"26.50000","9.78412170","2024-05-23T18:28:02.010Z","b","maker"
"26.50000","21.00000000","2024-05-23T18:28:01.907Z","b","maker"
"26.50000","22.70265660","2024-05-23T18:28:01.866Z","b","maker"
"26.50000","146.40183891","2024-05-23T18:28:01.854Z","b","maker"
"26.50000","22.59011281","2024-05-23T18:28:01.852Z","b","maker"
"26.50000","24.46874790","2024-05-23T18:28:01.845Z","b","maker"
"26.50000","52.20000000","2024-05-23T18:28:01.815Z","b","maker"
"26.50000","84.45000000","2024-05-23T18:28:01.604Z","b","maker"
"26.50000","62.79088796","2024-05-23T18:28:01.594Z","b","maker"
"26.50000","38.54185855","2024-05-23T18:28:01.593Z","b","maker"
"26.50000","34.61703833","2024-05-23T18:28:01.593Z","b","maker"
"26.62000","0.15130551","2024-05-23T18:28:01.590Z","s","maker"
"26.61000","24.12027322","2024-05-23T18:28:01.590Z","s","maker"
"26.61000","11.21288591","2024-05-23T18:28:01.590Z","s","maker"
"26.57000","8.25000000","2024-05-23T18:28:01.590Z","s","maker"
"26.57000","8.25000000","2024-05-23T18:28:01.590Z","s","maker"
"26.56000","10.47486512","2024-05-23T18:28:01.590Z","s","maker"
"26.55000","8.25000000","2024-05-23T18:28:01.590Z","s","maker"
"26.72000","0.18724572","2024-05-23T18:23:16.403Z","s","maker"
"26.71000","24.42275428","2024-05-23T18:23:16.403Z","s","maker"
"26.67000","24.00849138","2024-05-23T18:22:30.900Z","s","maker"
"26.75000","8.86674853","2024-05-23T18:21:03.778Z","s","maker"
"26.77000","0.38127336","2024-05-23T18:20:22.879Z","s","maker"
"26.76000","3.48643664","2024-05-23T18:20:22.879Z","s","maker"
"26.96000","10.99000000","2024-05-23T18:20:14.896Z","b","maker"
"26.86000","1.93702000","2024-05-23T18:18:46.480Z","s","maker"
"26.71000","2.13812736","2024-05-23T18:16:54.270Z","b","maker"
"26.67000","0.79808773","2024-05-23T18:16:30.347Z","b","maker"
"26.66000","6.34667788","2024-05-23T18:16:30.347Z","s","maker"
"27.05000","0.80627075","2024-05-23T18:15:55.493Z","b","maker"
"27.06000","0.81843705","2024-05-23T18:15:35.268Z","b","maker"
"27.09000","0.85583441","2024-05-23T18:15:25.531Z","b","maker"
"27.18000","0.88162826","2024-05-23T18:15:15.303Z","b","maker"
"27.09000","0.79421851","2024-05-23T18:15:05.257Z","b","maker"
"27.08000","0.89496331","2024-05-23T18:14:55.234Z","b","maker"
"26.94000","6.34667788","2024-05-23T18:14:51.874Z","b","maker"
"26.94000","3.99639433","2024-05-23T18:14:51.861Z","b","maker"
"26.94000","0.84308558","2024-05-23T18:14:45.305Z","b","maker"
"26.94000","0.86868477","2024-05-23T18:14:34.982Z","b","maker"
"26.93000","0.92190094","2024-05-23T18:14:24.729Z","b","maker"
"26.86000","4.97263439","2024-05-23T18:14:20.428Z","s","maker"
"26.94000","0.90839088","2024-05-23T18:14:04.320Z","b","maker"
"26.93000","0.94981695","2024-05-23T18:13:53.532Z","b","maker"
"27.00000","8.17278148","2024-05-23T18:13:48.641Z","b","taker"
"26.99000","0.96424010","2024-05-23T18:13:33.612Z","b","maker"
"26.96000","0.93581893","2024-05-23T18:13:23.359Z","b","maker"
"26.74000","0.21328090","2024-05-23T18:13:19.896Z","s","maker"
"26.73000","10.64671910","2024-05-23T18:13:19.896Z","s","maker"
"26.88000","0.78252127","2024-05-23T18:13:13.378Z","b","maker"
"26.86000","0.26653751","2024-05-23T18:13:08.394Z","s","maker"
"26.86000","5.74559701","2024-05-23T18:13:08.394Z","s","maker"
"26.85000","10.84849827","2024-05-23T18:13:08.394Z","s","maker"
"26.82000","24.30471928","2024-05-23T18:13:08.394Z","s","maker"
"26.87000","3.41960865","2024-05-23T18:13:06.369Z","s","maker"
"27.12000","7.50429566","2024-05-23T18:11:48.196Z","b","taker"
"27.14000","0.77023051","2024-05-23T18:11:48.196Z","b","taker"
"27.15000","2.91535175","2024-05-23T18:11:48.196Z","b","taker"
"27.12000","3.32000000","2024-05-23T18:10:38.419Z","b","maker"
"27.16000","3.15851564","2024-05-23T18:10:31.561Z","s","maker"
"26.87000","1.93337076","2024-05-23T18:10:21.637Z","b","maker"
"27.07000","3.78160694","2024-05-23T18:08:53.176Z","b","taker"
"26.84000","5.48499015","2024-05-23T18:08:11.145Z","s","maker"
"26.84000","2.13491419","2024-05-23T18:07:55.930Z","b","maker"
"26.83000","0.81541185","2024-05-23T18:07:44.393Z","b","maker"
"26.93000","1.87834261","2024-05-23T18:07:43.609Z","s","maker"
"26.97000","0.76997701","2024-05-23T18:07:31.143Z","s","maker"
"26.96000","4.78249383","2024-05-23T18:07:31.143Z","s","maker"
"27.04000","0.79532651","2024-05-23T18:07:18.492Z","b","taker"
"27.05000","11.05284917","2024-05-23T18:07:18.492Z","b","taker"
"26.93000","2.11528398","2024-05-23T18:07:15.444Z","b","maker"
"26.99000","1.04223787","2024-05-23T18:06:51.142Z","s","maker"
"26.90000","0.48096192","2024-05-23T18:06:51.142Z","s","maker"
"26.89000","0.83562662","2024-05-23T18:06:51.142Z","s","maker"
"26.85000","3.19775814","2024-05-23T18:06:51.142Z","s","maker"
"27.12000","5.52282768","2024-05-23T18:06:11.140Z","s","maker"
"27.49000","3.88158752","2024-05-23T18:05:44.679Z","s","maker"
"27.49000","0.79000000","2024-05-23T18:05:44.673Z","s","maker"
"27.50000","1.34440118","2024-05-23T18:05:44.601Z","s","maker"
"27.49000","2.65559882","2024-05-23T18:05:44.601Z","s","maker"
"27.49000","14.78968691","2024-05-23T18:05:22.661Z","s","maker"
"27.50000","1.34245632","2024-05-23T18:05:18.966Z","b","maker"
"27.49000","2.14383669","2024-05-23T18:05:10.710Z","b","maker"
"27.49000","22.11687324","2024-05-23T18:05:10.709Z","b","maker"
"27.68000","1.05000000","2024-05-23T18:05:10.238Z","s","maker"
"27.68000","3.00000000","2024-05-23T18:05:10.207Z","s","maker"
"27.66000","24.71753131","2024-05-23T18:03:43.371Z","b","maker"
"28.03000","0.75949367","2024-05-23T18:03:39.115Z","s","maker"
"28.24000","0.43439073","2024-05-23T18:03:14.143Z","b","taker"
"28.26000","4.18267000","2024-05-23T18:02:53.548Z","b","maker"
"28.20000","0.46207162","2024-05-23T18:02:30.697Z","s","maker"
"28.00000","0.78745970","2024-05-23T18:02:19.948Z","s","maker"
"27.99000","6.97937380","2024-05-23T18:02:19.948Z","s","maker"
"27.97000","1.34264232","2024-05-23T18:02:00.690Z","s","maker"
"27.97000","24.30083318","2024-05-23T18:01:38.931Z","b","maker"
"28.12000","6.68269100","2024-05-23T18:01:38.931Z","b","maker"
"27.96000","2.44248000","2024-05-23T18:01:28.814Z","b","maker"
"28.05000","3.79129000","2024-05-23T18:01:02.189Z","b","maker"
"27.88000","0.43245420","2024-05-23T18:00:52.741Z","b","maker"
"28.01000","3.85195871","2024-05-23T18:00:47.588Z","b","maker"
"28.01000","2.44804129","2024-05-23T18:00:47.588Z","b","maker"
"28.22000","11.40000000","2024-05-23T18:00:40.428Z","b","maker"
"28.21000","0.15000000","2024-05-23T18:00:40.338Z","s","maker"
"28.16000","24.25467244","2024-05-23T18:00:39.406Z","b","maker"
"28.15000","0.15000000","2024-05-23T18:00:39.022Z","s","maker"
"28.15000","3.38988709","2024-05-23T18:00:37.384Z","s","maker"
"28.15000","1.81072449","2024-05-23T18:00:37.382Z","s","maker"
"28.15000","3.38988709","2024-05-23T18:00:37.381Z","s","maker"
"28.05000","24.02128609","2024-05-23T18:00:37.377Z","b","maker"
"28.22000","54.54209016","2024-05-23T18:00:28.392Z","s","maker"
"28.20000","22.68376859","2024-05-23T18:00:28.390Z","b","maker"
"28.22000","1.57414125","2024-05-23T18:00:28.390Z","b","maker"
"27.79000","24.00609572","2024-05-23T18:00:26.368Z","b","maker"
"27.78000","6.45000000","2024-05-23T18:00:17.414Z","b","maker"
"27.78000","5.45786186","2024-05-23T18:00:17.414Z","b","maker"
"27.78000","0.41213814","2024-05-23T18:00:17.414Z","b","maker"
"27.72000","6.45000000","2024-05-23T18:00:16.391Z","b","maker"
"27.73000","24.09458946","2024-05-23T18:00:16.391Z","b","maker"
"27.75000","6.45000000","2024-05-23T18:00:16.391Z","b","maker"
"27.71000","42.45000000","2024-05-23T18:00:14.617Z","s","maker"
"27.71000","23.94597648","2024-05-23T18:00:14.615Z","s","maker"
"27.68000","23.93105444","2024-05-23T18:00:14.368Z","b","maker"
"27.64000","5.91617579","2024-05-23T18:00:08.432Z","b","maker"
"27.64000","5.14382421","2024-05-23T18:00:08.432Z","b","maker"
"27.57000","10.76451619","2024-05-23T18:00:07.399Z","b","maker"
"27.58000","26.09930090","2024-05-23T18:00:07.399Z","b","maker"
"27.59000","24.21635706","2024-05-23T18:00:07.399Z","b","maker"
"27.47000","15.41518224","2024-05-23T17:59:49.504Z","b","maker"
"27.47000","7.26858635","2024-05-23T17:59:49.458Z","b","maker"
"27.48000","10.57451529","2024-05-23T17:59:38.912Z","s","maker"
"27.54000","10.31287946","2024-05-23T17:59:38.696Z","s","maker"
"28.01000","30.62217779","2024-05-23T17:59:25.772Z","s","maker"
"28.22000","23.99057848","2024-05-23T17:59:16.090Z","s","maker"
"28.25000","3.80000000","2024-05-23T17:59:15.222Z","s","maker"
"28.24000","24.68791879","2024-05-23T17:59:12.748Z","s","maker"
"28.09000","0.86803460","2024-05-23T17:59:12.748Z","s","maker"
"28.08000","2.13204661","2024-05-23T17:59:12.748Z","s","maker"
"28.32000","22.68376859","2024-05-23T17:59:11.708Z","b","maker"
"28.33000","13.31762567","2024-05-23T17:59:11.708Z","b","maker"
"28.37000","22.99860574","2024-05-23T17:59:11.708Z","b","maker"
"28.04000","7.50000000","2024-05-23T17:59:11.413Z","b","maker"
"28.02000","1.73386608","2024-05-23T17:59:11.387Z","s","maker"
"28.02000","1.73770693","2024-05-23T17:59:11.383Z","s","maker"
"28.02000","7.50000000","2024-05-23T17:59:11.355Z","s","maker"
"28.02000","7.50000000","2024-05-23T17:59:11.355Z","s","maker"
"27.92000","21.37869926","2024-05-23T17:59:11.335Z","b","maker"
"27.93000","24.38772588","2024-05-23T17:59:11.335Z","b","maker"
"27.92000","15.30000000","2024-05-23T17:59:11.321Z","b","maker"
"27.92000","30.15000000","2024-05-23T17:59:11.278Z","b","maker"
"27.92000","4.65000000","2024-05-23T17:59:11.277Z","b","maker"
"27.90000","7.19883588","2024-05-23T17:59:11.250Z","b","maker"
"27.78000","0.53911270","2024-05-23T17:58:11.139Z","s","maker"
"27.78000","3.69815962","2024-05-23T17:58:11.134Z","s","maker"
"27.61000","4.73777617","2024-05-23T17:57:33.559Z","b","taker"
"27.36000","1.59502303","2024-05-23T17:57:05.179Z","b","taker"
"27.34000","0.53911270","2024-05-23T17:55:38.071Z","b","maker"
"26.98000","0.83484574","2024-05-23T17:53:58.437Z","s","maker"
"27.09000","32.03431793","2024-05-23T17:53:48.620Z","b","maker"
"27.09000","3.93157925","2024-05-23T17:53:48.364Z","b","maker"
"27.08000","3.90743867","2024-05-23T17:53:48.062Z","b","maker"
"27.15000","20.41862624","2024-05-23T17:53:48.059Z","s","maker"
"27.15000","0.15000000","2024-05-23T17:53:47.926Z","s","maker"
"27.15000","0.15000000","2024-05-23T17:53:47.905Z","s","maker"
"27.68000","3.06931358","2024-05-23T17:53:47.852Z","b","taker"
"27.19000","4.20798088","2024-05-23T17:53:07.782Z","b","taker"
"27.05000","1.02695771","2024-05-23T17:52:29.124Z","s","maker"
"27.38000","0.26955635","2024-05-23T17:52:28.639Z","s","maker"
"27.35000","1.02716300","2024-05-23T17:52:28.639Z","s","maker"
"27.49000","1.40000000","2024-05-23T17:52:28.439Z","s","maker"
"27.49000","3.31431748","2024-05-23T17:52:28.353Z","s","maker"
"27.49000","0.15000000","2024-05-23T17:52:28.277Z","s","maker"
"27.39000","0.30076000","2024-05-23T17:51:16.447Z","b","maker"
"27.42000","4.18234318","2024-05-23T17:51:13.535Z","b","taker"
"27.60000","2.77207790","2024-05-23T17:51:04.987Z","b","taker"
"27.53000","24.68439817","2024-05-23T17:51:00.444Z","b","maker"
"27.54000","5.47948207","2024-05-23T17:51:00.444Z","b","maker"
"27.57000","24.92008471","2024-05-23T17:51:00.444Z","b","maker"
"27.70000","75.27375505","2024-05-23T17:51:00.444Z","b","maker"
"27.62000","19.37226113","2024-05-23T17:50:29.355Z","s","maker"
"27.56000","0.89374131","2024-05-23T17:50:02.437Z","s","maker"
"27.55000","0.82977413","2024-05-23T17:50:02.260Z","s","maker"
"27.55000","0.94256036","2024-05-23T17:50:02.260Z","s","maker"
"27.55000","1.02714901","2024-05-23T17:50:02.260Z","s","maker"
"27.56000","22.17174463","2024-05-23T17:50:01.986Z","b","maker"
"27.56000","0.94838212","2024-05-23T17:50:01.881Z","b","maker"
"27.56000","0.92237679","2024-05-23T17:50:01.438Z","b","maker"
"27.75000","1.06807533","2024-05-23T17:50:00.944Z","b","maker"
"27.60000","1.08860019","2024-05-23T17:50:00.623Z","s","maker"
"27.76000","20.95808637","2024-05-23T17:49:59.841Z","s","maker"
"27.79000","1.40000000","2024-05-23T17:49:57.724Z","b","maker"
"27.60000","0.93121483","2024-05-23T17:49:57.138Z","s","maker"
"27.60000","0.88712785","2024-05-23T17:49:56.599Z","s","maker"
"27.67000","1.01838666","2024-05-23T17:49:55.919Z","s","maker"
"27.91000","2.87926478","2024-05-23T17:49:39.402Z","b","taker"
"27.75000","23.79481571","2024-05-23T17:49:37.394Z","b","maker"
"27.61000","1.18181818","2024-05-23T17:49:20.765Z","s","maker"
"27.66000","21.37358328","2024-05-23T17:49:18.946Z","s","maker"
"27.66000","3.35712558","2024-05-23T17:49:18.925Z","s","maker"
"27.75000","22.51000000","2024-05-23T17:49:18.401Z","b","maker"
"27.73000","13.27288704","2024-05-23T17:49:16.658Z","s","maker"
"27.73000","11.27427983","2024-05-23T17:49:16.657Z","s","maker"
"27.77000","6.21000000","2024-05-23T17:49:11.389Z","b","maker"
"27.65000","16.63001263","2024-05-23T17:49:09.603Z","b","maker"
"27.65000","11.27427983","2024-05-23T17:49:09.603Z","b","maker"
"27.86000","0.26955635","2024-05-23T17:49:02.332Z","s","maker"
"27.90000","3.74099462","2024-05-23T17:48:59.924Z","b","taker"
"28.12000","0.90666700","2024-05-23T17:48:57.908Z","s","maker"
"28.35000","0.05767781","2024-05-23T17:48:37.324Z","s","taker"
"28.24000","0.20327724","2024-05-23T17:48:37.324Z","s","taker"
"28.24000","2.03181390","2024-05-23T17:48:37.324Z","s","taker"
"28.35000","2.87380581","2024-05-23T17:48:11.832Z","s","taker"
"28.35000","4.43138915","2024-05-23T17:48:10.404Z","s","maker"
"28.35000","2.63712723","2024-05-23T17:48:10.404Z","s","maker"
"28.42000","4.04105029","2024-05-23T17:48:05.528Z","s","maker"
"28.42000","28.18284235","2024-05-23T17:48:05.526Z","s","maker"
"28.42000","22.85209131","2024-05-23T17:48:05.526Z","s","maker"
"28.54000","2.83000000","2024-05-23T17:47:45.231Z","s","maker"
"28.69000","23.31662169","2024-05-23T17:47:27.916Z","s","maker"
"28.60000","23.94447897","2024-05-23T17:47:18.647Z","b","maker"
"29.00000","3.52666897","2024-05-23T17:47:08.089Z","s","maker"
"29.00000","6.90900173","2024-05-23T17:47:05.624Z","s","maker"
"29.00000","5.47948207","2024-05-23T17:46:48.878Z","b","maker"
"28.70000","6.12812321","2024-05-23T17:46:39.805Z","s","maker"
"28.91000","2.08795007","2024-05-23T17:46:31.916Z","s","maker"
"29.00000","23.93793751","2024-05-23T17:46:31.366Z","s","maker"
"28.85000","24.55979277","2024-05-23T17:46:08.261Z","s","maker"
"28.92000","3.68774689","2024-05-23T17:46:04.765Z","b","maker"
"28.92000","31.36596643","2024-05-23T17:46:04.760Z","b","maker"
"28.97000","23.80023956","2024-05-23T17:46:04.757Z","s","maker"
"28.97000","6.83875147","2024-05-23T17:46:04.757Z","s","maker"
"28.96000","6.89310000","2024-05-23T17:46:04.757Z","s","maker"
"28.97000","6.90000000","2024-05-23T17:46:04.584Z","b","maker"
"29.23000","24.36478043","2024-05-23T17:46:04.347Z","s","maker"
"29.21000","0.57100000","2024-05-23T17:46:00.944Z","s","taker"
"28.83000","14.92404806","2024-05-23T17:44:26.085Z","b","maker"
"28.83000","74.95046079","2024-05-23T17:44:26.085Z","b","maker"
"29.18000","2.10000000","2024-05-23T17:44:16.861Z","s","maker"
"29.24000","20.63451667","2024-05-23T17:44:16.773Z","s","maker"
"29.18000","18.36548333","2024-05-23T17:44:16.773Z","s","maker"
"29.24000","47.00000000","2024-05-23T17:44:16.705Z","s","maker"
"29.24000","2.16438893","2024-05-23T17:44:16.703Z","s","maker"
"29.24000","47.00000000","2024-05-23T17:44:16.685Z","s","maker"
"29.24000","20.00000000","2024-05-23T17:44:16.473Z","s","maker"
"29.34000","12.74905186","2024-05-23T17:44:16.204Z","s","maker"
"29.27000","3.86992142","2024-05-23T17:44:16.204Z","s","maker"
"29.34000","11.84303378","2024-05-23T17:44:16.203Z","s","maker"
"29.09000","1.41669212","2024-05-23T17:44:11.090Z","s","maker"
"29.12000","6.75000000","2024-05-23T17:43:59.505Z","s","maker"
"29.09000","3.81763664","2024-05-23T17:43:39.415Z","b","taker"
"28.93000","1.29623228","2024-05-23T17:43:38.063Z","s","maker"
"28.83000","5.19480519","2024-05-23T17:43:31.089Z","s","maker"
"28.65000","5.49477721","2024-05-23T17:43:25.076Z","b","maker"
"28.75000","23.86121583","2024-05-23T17:43:18.786Z","s","maker"
"28.56000","1.00708380","2024-05-23T17:43:16.178Z","b","maker"
"28.55000","0.36328546","2024-05-23T17:43:16.108Z","s","maker"
"28.87000","0.50658259","2024-05-23T17:43:15.123Z","s","maker"
"28.88000","3.79168305","2024-05-23T17:43:14.995Z","s","maker"
"28.87000","3.20831695","2024-05-23T17:43:14.995Z","s","maker"
"28.88000","32.07630662","2024-05-23T17:43:14.932Z","s","maker"
"28.94000","29.84692989","2024-05-23T17:43:14.432Z","s","maker"
"29.00000","5.47948207","2024-05-23T17:43:13.924Z","s","maker"
"29.00000","5.47948207","2024-05-23T17:43:13.917Z","s","maker"
"29.00000","5.47948207","2024-05-23T17:43:13.911Z","s","maker"
"29.40000","15.21360400","2024-05-23T17:42:57.283Z","s","maker"
"29.10000","5.14138817","2024-05-23T17:42:51.087Z","s","maker"
"29.22000","5.47948207","2024-05-23T17:42:50.199Z","s","maker"
"29.22000","5.47948207","2024-05-23T17:42:50.190Z","s","maker"
"29.22000","5.47948207","2024-05-23T17:42:50.183Z","s","maker"
"29.25000","1.28205128","2024-05-23T17:42:46.088Z","b","maker"
"29.25000","5.47948207","2024-05-23T17:42:46.088Z","b","maker"
"29.15000","5.40241217","2024-05-23T17:42:41.181Z","b","maker"
"29.15000","5.40055949","2024-05-23T17:42:41.099Z","b","maker"
"29.15000","5.39685794","2024-05-23T17:42:41.091Z","b","maker"
"29.15000","5.40241217","2024-05-23T17:42:41.082Z","b","maker"
"29.15000","5.40241217","2024-05-23T17:42:41.058Z","b","maker"
"29.14000","4.17145576","2024-05-23T17:42:41.032Z","b","maker"
"29.15000","10.35760834","2024-05-23T17:42:41.032Z","b","maker"
"29.15000","82.36611646","2024-05-23T17:42:41.032Z","b","maker"
"29.14000","24.95617305","2024-05-23T17:42:40.818Z","b","maker"
"29.03000","23.82532756","2024-05-23T17:42:29.496Z","s","maker"
"28.93000","5.13691151","2024-05-23T17:42:23.849Z","b","taker"
"28.89000","1.20000000","2024-05-23T17:42:18.450Z","s","maker"
"28.85000","24.87082114","2024-05-23T17:42:14.591Z","s","maker"
"28.79000","6.90000000","2024-05-23T17:42:14.287Z","s","maker"
"28.79000","6.90000000","2024-05-23T17:42:14.273Z","s","maker"
"28.73000","5.21467060","2024-05-23T17:42:11.086Z","s","maker"
"28.50000","5.25670229","2024-05-23T17:41:31.086Z","s","maker"
"28.54000","12.46108432","2024-05-23T17:41:25.087Z","s","maker"
"28.36000","19.53891568","2024-05-23T17:41:25.087Z","s","maker"
"28.56000","31.02953545","2024-05-23T17:41:24.989Z","s","maker"
"28.54000","15.97046455","2024-05-23T17:41:24.989Z","s","maker"
"28.96000","1.70824957","2024-05-23T17:41:24.883Z","b","maker"
"28.94000","4.24425465","2024-05-23T17:41:23.301Z","s","maker"
"28.90000","1.27916524","2024-05-23T17:41:23.301Z","s","maker"
"28.94000","1.10000000","2024-05-23T17:41:23.294Z","s","maker"
"28.99000","6.91910130","2024-05-23T17:41:23.293Z","s","maker"
"28.94000","9.08089870","2024-05-23T17:41:23.293Z","s","maker"
"28.94000","12.00000000","2024-05-23T17:41:23.293Z","s","maker"
"28.99000","36.00000000","2024-05-23T17:41:23.265Z","s","maker"
"28.99000","6.00000000","2024-05-23T17:41:23.232Z","s","maker"
"28.99000","12.00000000","2024-05-23T17:41:23.189Z","s","maker"
"28.99000","18.00000000","2024-05-23T17:41:23.153Z","s","maker"
"28.99000","41.00000000","2024-05-23T17:41:23.133Z","s","maker"
"28.99000","5.46530000","2024-05-23T17:41:23.080Z","s","maker"
"28.99000","11.00000000","2024-05-23T17:41:23.034Z","s","maker"
"28.99000","1.39082768","2024-05-23T17:41:22.978Z","s","maker"
"28.99000","0.20338433","2024-05-23T17:41:22.844Z","s","maker"
"28.82000","8.34404741","2024-05-23T17:41:00.469Z","s","maker"
"28.82000","16.35872609","2024-05-23T17:41:00.464Z","s","maker"
"28.69000","8.54743173","2024-05-23T17:40:59.522Z","b","maker"
"28.69000","16.35872610","2024-05-23T17:40:59.521Z","b","maker"
"28.52000","0.52615869","2024-05-23T17:40:54.068Z","s","maker"
"28.52000","2.50000000","2024-05-23T17:40:54.067Z","s","maker"
"28.61000","1.17384131","2024-05-23T17:40:53.700Z","s","maker"
"28.61000","3.50000000","2024-05-23T17:40:53.652Z","s","maker"
"28.61000","3.90000000","2024-05-23T17:40:53.343Z","s","maker"
"28.61000","1.00000000","2024-05-23T17:40:53.266Z","s","maker"
"28.61000","1.10000000","2024-05-23T17:40:53.258Z","s","maker"
"28.61000","2.40000000","2024-05-23T17:40:53.058Z","s","maker"
"28.61000","2.20000000","2024-05-23T17:40:52.996Z","s","maker"
"28.61000","8.00000000","2024-05-23T17:40:52.560Z","s","maker"
"28.61000","5.23012552","2024-05-23T17:40:51.081Z","s","maker"
"28.66000","3.28893126","2024-05-23T17:40:41.707Z","b","taker"
"28.97000","10.77238391","2024-05-23T17:40:30.803Z","b","maker"
"29.55000","10.14215609","2024-05-23T17:40:30.803Z","b","maker"
"28.60000","7.89172006","2024-05-23T17:40:27.016Z","s","maker"
"28.60000","10.00000000","2024-05-23T17:40:26.999Z","s","maker"
"28.60000","12.00000000","2024-05-23T17:40:26.973Z","s","maker"
"28.60000","5.00000000","2024-05-23T17:40:26.915Z","s","maker"
"28.60000","11.00000000","2024-05-23T17:40:26.912Z","s","maker"
"28.60000","4.93520225","2024-05-23T17:40:26.831Z","s","maker"
"28.60000","24.02694737","2024-05-23T17:40:26.830Z","s","maker"
"28.60000","6.00000000","2024-05-23T17:40:26.752Z","s","maker"
"28.60000","7.00000000","2024-05-23T17:40:26.709Z","s","maker"
"28.60000","3.68052408","2024-05-23T17:40:26.648Z","s","maker"
"28.60000","46.30234942","2024-05-23T17:40:26.338Z","s","maker"
"28.60000","5.18225034","2024-05-23T17:40:26.338Z","s","maker"
"28.60000","45.40092534","2024-05-23T17:40:26.336Z","s","maker"
"28.60000","9.00000000","2024-05-23T17:40:26.334Z","s","maker"
"28.60000","0.27665618","2024-05-23T17:40:26.322Z","s","maker"
"28.60000","24.03335591","2024-05-23T17:40:26.320Z","s","maker"
"28.60000","23.69907537","2024-05-23T17:40:26.320Z","s","maker"
"28.69000","1.14853868","2024-05-23T17:40:26.070Z","s","maker"
"28.99000","8.92874075","2024-05-23T17:40:25.471Z","s","maker"
"28.85000","0.51563004","2024-05-23T17:40:25.471Z","s","maker"
"28.76000","12.78325082","2024-05-23T17:40:25.471Z","s","maker"
"28.68000","10.77237839","2024-05-23T17:40:25.471Z","s","maker"
"29.32000","1.80597499","2024-05-23T17:40:16.077Z","b","maker"
"29.33000","5.10551395","2024-05-23T17:40:11.081Z","s","maker"
"29.42000","6.72903603","2024-05-23T17:40:09.404Z","b","taker"
"29.42000","9.19967000","2024-05-23T17:40:09.301Z","b","maker"
"29.49000","5.57885031","2024-05-23T17:39:52.116Z","b","taker"
"29.59000","0.47179284","2024-05-23T17:39:52.116Z","b","taker"
"29.28000","5.57911885","2024-05-23T17:39:32.101Z","b","maker"
"29.07000","5.15109890","2024-05-23T17:39:31.079Z","s","maker"
"28.79000","23.81598564","2024-05-23T17:39:18.615Z","s","maker"
"28.86000","7.44169596","2024-05-23T17:39:03.900Z","b","maker"
"28.86000","7.45525672","2024-05-23T17:39:03.885Z","b","maker"
"29.08000","5.15198351","2024-05-23T17:38:51.076Z","s","maker"
"29.00000","16.71364808","2024-05-23T17:38:44.551Z","b","maker"
"29.00000","6.88636230","2024-05-23T17:38:44.246Z","b","maker"
"29.00000","0.59308751","2024-05-23T17:38:39.608Z","s","maker"
"29.00000","24.05859308","2024-05-23T17:38:39.607Z","s","maker"
"29.00000","1.60000000","2024-05-23T17:38:39.499Z","s","maker"
"29.00000","2.30000000","2024-05-23T17:38:39.407Z","s","maker"
"29.00000","8.08115070","2024-05-23T17:38:35.768Z","s","maker"
"29.14000","2.14950467","2024-05-23T17:38:29.648Z","s","maker"
"29.00000","0.92000000","2024-05-23T17:38:26.406Z","s","maker"
"29.00000","4.00000000","2024-05-23T17:38:26.284Z","s","maker"
"29.00000","8.00000000","2024-05-23T17:38:26.173Z","s","maker"
"29.00000","10.25548794","2024-05-23T17:38:25.932Z","s","maker"
"29.00000","10.00000000","2024-05-23T17:38:25.880Z","s","maker"
"29.15000","4.72744755","2024-05-23T17:38:25.788Z","s","maker"
"29.15000","4.66524033","2024-05-23T17:38:25.619Z","s","maker"
"29.10000","2.20295589","2024-05-23T17:38:21.708Z","b","maker"
"29.36000","11.91868796","2024-05-23T17:38:19.211Z","b","maker"
"29.32000","6.80346757","2024-05-23T17:38:11.403Z","b","maker"
"29.30000","5.10290865","2024-05-23T17:38:11.076Z","s","maker"
"29.35000","1.27768313","2024-05-23T17:38:02.559Z","b","maker"
"29.00000","5.00000000","2024-05-23T17:38:00.225Z","s","maker"
"29.00000","1.10000000","2024-05-23T17:37:59.525Z","s","maker"
"29.00000","7.00000000","2024-05-23T17:37:59.074Z","s","maker"
"29.00000","5.00000000","2024-05-23T17:37:58.984Z","s","maker"
"29.00000","11.00000000","2024-05-23T17:37:58.942Z","s","maker"
"29.00000","0.94000000","2024-05-23T17:37:58.843Z","s","maker"
"29.00000","0.87000000","2024-05-23T17:37:58.827Z","s","maker"
"29.00000","7.00000000","2024-05-23T17:37:58.770Z","s","maker"
"29.00000","2.10000000","2024-05-23T17:37:58.738Z","s","maker"
"29.00000","2.30000000","2024-05-23T17:37:58.717Z","s","maker"
"29.00000","3.60000000","2024-05-23T17:37:58.674Z","s","maker"
"29.00000","9.00000000","2024-05-23T17:37:58.583Z","s","maker"
"29.00000","6.00000000","2024-05-23T17:37:58.480Z","s","maker"
"29.00000","2.50000000","2024-05-23T17:37:58.416Z","s","maker"
"29.00000","2.70000000","2024-05-23T17:37:58.410Z","s","maker"
"29.00000","5.00000000","2024-05-23T17:37:57.974Z","s","maker"
"29.00000","6.00000000","2024-05-23T17:37:57.872Z","s","maker"
"29.00000","15.00000000","2024-05-23T17:37:57.846Z","s","maker"
"29.00000","16.00000000","2024-05-23T17:37:57.832Z","s","maker"
"29.00000","2.10000000","2024-05-23T17:37:57.601Z","s","maker"
"29.00000","5.00000000","2024-05-23T17:37:57.570Z","s","maker"
"29.00000","5.00000000","2024-05-23T17:37:57.211Z","s","maker"
"29.00000","7.00000000","2024-05-23T17:37:56.716Z","s","maker"
"29.00000","1.40000000","2024-05-23T17:37:56.303Z","s","maker"
"29.00000","9.00000000","2024-05-23T17:37:56.101Z","s","maker"
"29.00000","11.00000000","2024-05-23T17:37:55.880Z","s","maker"
"29.00000","10.00000000","2024-05-23T17:37:55.785Z","s","maker"
"29.09000","1.70118538","2024-05-23T17:37:55.562Z","s","maker"
"29.07000","0.63098591","2024-05-23T17:37:55.562Z","s","maker"
"29.00000","1.66782871","2024-05-23T17:37:55.562Z","s","maker"
"29.09000","2.30000000","2024-05-23T17:37:55.437Z","s","maker"
"29.09000","4.00000000","2024-05-23T17:37:55.416Z","s","maker"
"29.19000","4.00000000","2024-05-23T17:37:55.117Z","s","maker"
"29.19000","5.10738671","2024-05-23T17:37:33.418Z","b","maker"
"29.00000","4.00000000","2024-05-23T17:37:32.502Z","s","maker"
"29.00000","4.00000000","2024-05-23T17:37:32.175Z","s","maker"
"29.00000","0.94000000","2024-05-23T17:37:31.421Z","s","maker"
"29.00000","0.94000000","2024-05-23T17:37:31.323Z","s","maker"
"29.00000","5.14138817","2024-05-23T17:37:31.074Z","s","maker"
"29.00000","4.00000000","2024-05-23T17:37:30.215Z","s","maker"
"29.00000","14.00000000","2024-05-23T17:37:27.417Z","s","maker"
"29.00000","12.00000000","2024-05-23T17:37:27.281Z","s","maker"
"29.00000","12.20229748","2024-05-23T17:37:27.170Z","s","maker"
"29.00000","23.92604087","2024-05-23T17:37:27.159Z","s","maker"
"29.00000","23.76280731","2024-05-23T17:37:27.159Z","s","maker"
"29.01000","22.17109557","2024-05-23T17:37:26.952Z","s","maker"
"29.00000","9.82890443","2024-05-23T17:37:26.952Z","s","maker"
"29.32000","1.24310330","2024-05-23T17:37:26.937Z","s","maker"
"29.01000","8.75689670","2024-05-23T17:37:26.937Z","s","maker"
"29.31000","14.56184698","2024-05-23T17:37:17.583Z","s","maker"
"29.67000","22.68376859","2024-05-23T17:37:12.186Z","b","maker"
"29.68000","36.31623141","2024-05-23T17:37:12.186Z","b","maker"
"29.31000","1.11799593","2024-05-23T17:37:07.173Z","s","maker"
"29.31000","1.00000000","2024-05-23T17:37:07.067Z","s","maker"
"29.31000","7.00000000","2024-05-23T17:37:06.860Z","s","maker"
"29.31000","10.00000000","2024-05-23T17:37:06.810Z","s","maker"
"29.50000","0.39152542","2024-05-23T17:37:06.488Z","s","maker"
"29.57000","3.00000000","2024-05-23T17:37:06.308Z","s","maker"
"29.57000","3.00000000","2024-05-23T17:37:06.294Z","s","maker"
"30.05000","24.51494316","2024-05-23T17:36:51.222Z","s","maker"
"30.05000","28.56840792","2024-05-23T17:36:51.222Z","s","maker"
"30.05000","15.60000000","2024-05-23T17:36:50.990Z","s","maker"
"30.05000","15.60000000","2024-05-23T17:36:50.990Z","s","maker"
"30.05000","15.60000000","2024-05-23T17:36:50.976Z","s","maker"
"29.81000","7.95000000","2024-05-23T17:36:50.724Z","s","maker"
"29.81000","1.36422969","2024-05-23T17:36:50.724Z","s","maker"
"29.81000","15.60000000","2024-05-23T17:36:50.710Z","s","maker"
"30.35000","16.50000000","2024-05-23T17:36:43.864Z","s","maker"
"30.35000","16.50000000","2024-05-23T17:36:43.864Z","s","maker"
"30.35000","3.45000000","2024-05-23T17:36:43.864Z","s","maker"
"30.35000","10.85208817","2024-05-23T17:36:43.864Z","s","maker"
"30.35000","16.50000000","2024-05-23T17:36:43.850Z","s","maker"
"30.35000","7.18372755","2024-05-23T17:36:42.980Z","b","maker"
"30.35000","5.18709864","2024-05-23T17:36:42.960Z","b","maker"
"30.35000","5.18880774","2024-05-23T17:36:42.953Z","b","maker"
"30.35000","38.40000000","2024-05-23T17:36:42.913Z","b","maker"
"30.35000","5.18880774","2024-05-23T17:36:42.896Z","b","maker"
"30.35000","9.78506844","2024-05-23T17:36:42.868Z","b","maker"
"30.25000","1.23966942","2024-05-23T17:36:42.356Z","b","maker"
"30.17000","0.84431411","2024-05-23T17:36:10.865Z","b","maker"
"30.26000","2.60442075","2024-05-23T17:36:02.170Z","s","maker"
"30.26000","5.58341837","2024-05-23T17:36:02.167Z","s","maker"
"30.64000","24.66230085","2024-05-23T17:35:57.677Z","s","maker"
"30.61000","5.58341836","2024-05-23T17:35:54.155Z","b","maker"
"30.80000","17.17129368","2024-05-23T17:35:37.434Z","s","maker"
"30.80000","18.00000000","2024-05-23T17:35:37.351Z","s","maker"
"30.80000","27.45000000","2024-05-23T17:35:37.332Z","s","maker"
"30.81000","24.88906144","2024-05-23T17:35:37.299Z","s","maker"
"30.95000","1.57299589","2024-05-23T17:35:31.080Z","s","maker"
"30.78000","5.11299723","2024-05-23T17:35:29.195Z","b","maker"
"30.78000","5.11133771","2024-05-23T17:35:29.188Z","b","maker"
"30.77000","16.44513930","2024-05-23T17:35:29.183Z","b","maker"
"30.77000","5.11465784","2024-05-23T17:35:29.175Z","b","maker"
"30.77000","34.65000000","2024-05-23T17:35:29.170Z","b","maker"
"30.77000","5.11299723","2024-05-23T17:35:29.164Z","b","maker"
"30.77000","5.11133771","2024-05-23T17:35:29.156Z","b","maker"
"30.77000","5.10802189","2024-05-23T17:35:29.148Z","b","maker"
"30.77000","5.10471037","2024-05-23T17:35:29.142Z","b","maker"
"30.77000","6.60000000","2024-05-23T17:35:29.128Z","b","maker"
"30.74000","5.58341836","2024-05-23T17:35:29.114Z","b","maker"
"30.75000","5.58341836","2024-05-23T17:35:29.101Z","b","maker"
"30.74000","23.89131579","2024-05-23T17:35:15.139Z","s","maker"
"31.11000","1.24009000","2024-05-23T17:35:13.137Z","b","maker"
"30.80000","5.58341836","2024-05-23T17:35:05.661Z","b","maker"
"30.78000","5.58062678","2024-05-23T17:35:05.645Z","s","maker"
"30.60000","18.74691739","2024-05-23T17:35:05.080Z","s","maker"
"30.57000","6.00000000","2024-05-23T17:35:04.802Z","b","maker"
"30.40000","5.02510278","2024-05-23T17:34:40.372Z","s","maker"
"30.50000","1.00235963","2024-05-23T17:34:39.033Z","s","maker"
"30.50000","23.70000000","2024-05-23T17:34:38.895Z","s","maker"
"30.68000","24.39309151","2024-05-23T17:34:38.186Z","s","maker"
"30.83000","4.84446952","2024-05-23T17:34:36.946Z","s","maker"
"31.41000","24.35648772","2024-05-23T17:34:26.452Z","s","maker"
"31.41000","24.35648772","2024-05-23T17:34:26.283Z","b","maker"
"31.94000","6.45000000","2024-05-23T17:34:20.835Z","b","maker"
"32.06000","1.45356181","2024-05-23T17:34:19.053Z","s","maker"
"32.06000","3.47616767","2024-05-23T17:34:18.946Z","s","maker"
"34.24000","0.96385000","2024-05-23T17:34:17.342Z","b","maker"
"32.87000","1.67243804","2024-05-23T17:34:16.725Z","s","maker"
"32.87000","1.17128080","2024-05-23T17:34:16.725Z","s","maker"
"32.87000","1.36984976","2024-05-23T17:34:16.724Z","s","maker"
"33.86000","13.05000000","2024-05-23T17:34:11.797Z","s","maker"
"33.86000","20.10000000","2024-05-23T17:34:11.797Z","s","maker"
"33.86000","14.53999553","2024-05-23T17:34:11.797Z","s","maker"