"price","volume","timestamp","type"
"0.1573","25107","2024-06-14T02:11:50.897786Z","ask"
"0.1574","54946.9","2024-06-14T02:11:50.897786Z","ask"
"0.1575","126520.5","2024-06-14T02:11:50.897786Z","ask"
"0.1576","106222.5","2024-06-14T02:11:50.897786Z","ask"
"0.1577","18951.1","2024-06-14T02:11:50.897786Z","ask"
"0.1578","64253.4","2024-06-14T02:11:50.897786Z","ask"
"0.1579","66273.9","2024-06-14T02:11:50.897786Z","ask"
"0.158","14134.2","2024-06-14T02:11:50.897786Z","ask"
"0.1581","167.2","2024-06-14T02:11:50.897786Z","ask"
"0.1582","94798.3","2024-06-14T02:11:50.897786Z","ask"
"0.1583","147617.7","2024-06-14T02:11:50.897786Z","ask"
"0.1584","16024.6","2024-06-14T02:11:50.897786Z","ask"
"0.1585","78.6","2024-06-14T02:11:50.897786Z","ask"
"0.1588","19218.6","2024-06-14T02:11:50.897786Z","ask"
"0.1589","8747.4","2024-06-14T02:11:50.897786Z","ask"
"0.159","18.9","2024-06-14T02:11:50.897786Z","ask"
"0.1593","1.2","2024-06-14T02:11:50.897786Z","ask"
"0.1594","109.8","2024-06-14T02:11:50.897786Z","ask"
"0.1598","18.8","2024-06-14T02:11:50.897786Z","ask"
"0.1603","186.4","2024-06-14T02:11:50.897786Z","ask"
"0.1606","113.8","2024-06-14T02:11:50.897786Z","ask"
"0.1612","15","2024-06-14T02:11:50.897786Z","ask"
"0.1614","43.6","2024-06-14T02:11:50.897786Z","ask"
"0.1619","25","2024-06-14T02:11:50.897786Z","ask"
"0.1621","606","2024-06-14T02:11:50.897786Z","ask"
"0.1622","284.7","2024-06-14T02:11:50.897786Z","ask"
"0.1623","400.2","2024-06-14T02:11:50.897786Z","ask"
"0.1629","22.1","2024-06-14T02:11:50.897786Z","ask"
"0.163","40.5","2024-06-14T02:11:50.897786Z","ask"
"0.1631","47.1","2024-06-14T02:11:50.897786Z","ask"
"0.1632","22.1","2024-06-14T02:11:50.897786Z","ask"
"0.1633","312.7","2024-06-14T02:11:50.897786Z","ask"
"0.1634","47.1","2024-06-14T02:11:50.897786Z","ask"
"0.1635","61.1","2024-06-14T02:11:50.897786Z","ask"
"0.1636","69.2","2024-06-14T02:11:50.897786Z","ask"
"0.1637","21.9","2024-06-14T02:11:50.897786Z","ask"
"0.1638","21.9","2024-06-14T02:11:50.897786Z","ask"
"0.1639","40.2","2024-06-14T02:11:50.897786Z","ask"
"0.164","23.9","2024-06-14T02:11:50.897786Z","ask"
"0.1641","46.9","2024-06-14T02:11:50.897786Z","ask"
"0.1642","21.9","2024-06-14T02:11:50.897786Z","ask"
"0.1643","941.1","2024-06-14T02:11:50.897786Z","ask"
"0.1644","469.6","2024-06-14T02:11:50.897786Z","ask"
"0.1645","10046.8","2024-06-14T02:11:50.897786Z","ask"
"0.1646","46.8","2024-06-14T02:11:50.897786Z","ask"
"0.1647","40","2024-06-14T02:11:50.897786Z","ask"
"0.1648","21.8","2024-06-14T02:11:50.897786Z","ask"
"0.1649","21.9","2024-06-14T02:11:50.897786Z","ask"
"0.165","21.9","2024-06-14T02:11:50.897786Z","ask"
"0.1651","100046.9","2024-06-14T02:11:50.897786Z","ask"
"0.1652","166.7","2024-06-14T02:11:50.897786Z","ask"
"0.1653","10333.9","2024-06-14T02:11:50.897786Z","ask"
"0.1654","21.8","2024-06-14T02:11:50.897786Z","ask"
"0.1655","66.9","2024-06-14T02:11:50.897786Z","ask"
"0.1656","46.8","2024-06-14T02:11:50.897786Z","ask"
"0.1657","21.8","2024-06-14T02:11:50.897786Z","ask"
"0.1658","21.7","2024-06-14T02:11:50.897786Z","ask"
"0.1659","21.6","2024-06-14T02:11:50.897786Z","ask"
"0.166","21.6","2024-06-14T02:11:50.897786Z","ask"
"0.1661","311.4","2024-06-14T02:11:50.897786Z","ask"
"0.1662","453.8","2024-06-14T02:11:50.897786Z","ask"
"0.1663","152.6","2024-06-14T02:11:50.897786Z","ask"
"0.1664","21.6","2024-06-14T02:11:50.897786Z","ask"
"0.1665","21.6","2024-06-14T02:11:50.897786Z","ask"
"0.1666","21.6","2024-06-14T02:11:50.897786Z","ask"
"0.1667","285.4","2024-06-14T02:11:50.897786Z","ask"
"0.1668","21.5","2024-06-14T02:11:50.897786Z","ask"
"0.1669","21.5","2024-06-14T02:11:50.897786Z","ask"
"0.167","1705.4","2024-06-14T02:11:50.897786Z","ask"
"0.1671","39.5","2024-06-14T02:11:50.897786Z","ask"
"0.1672","305.3","2024-06-14T02:11:50.897786Z","ask"
"0.1673","83.2","2024-06-14T02:11:50.897786Z","ask"
"0.1674","21.5","2024-06-14T02:11:50.897786Z","ask"
"0.1675","21.4","2024-06-14T02:11:50.897786Z","ask"
"0.1676","21.4","2024-06-14T02:11:50.897786Z","ask"
"0.1677","21.4","2024-06-14T02:11:50.897786Z","ask"
"0.1678","21.4","2024-06-14T02:11:50.897786Z","ask"
"0.1679","45.5","2024-06-14T02:11:50.897786Z","ask"
"0.168","5145","2024-06-14T02:11:50.897786Z","ask"
"0.1681","21.4","2024-06-14T02:11:50.897786Z","ask"
"0.1682","407.5","2024-06-14T02:11:50.897786Z","ask"
"0.1683","21.3","2024-06-14T02:11:50.897786Z","ask"
"0.1684","60.2","2024-06-14T02:11:50.897786Z","ask"
"0.1685","38.3","2024-06-14T02:11:50.897786Z","ask"
"0.1686","21.3","2024-06-14T02:11:50.897786Z","ask"
"0.1687","39.1","2024-06-14T02:11:50.897786Z","ask"
"0.1688","21.3","2024-06-14T02:11:50.897786Z","ask"
"0.1689","21.3","2024-06-14T02:11:50.897786Z","ask"
"0.169","46.3","2024-06-14T02:11:50.897786Z","ask"
"0.1691","21.2","2024-06-14T02:11:50.897786Z","ask"
"0.1692","21.2","2024-06-14T02:11:50.897786Z","ask"
"0.1693","21.2","2024-06-14T02:11:50.897786Z","ask"
"0.1694","21.2","2024-06-14T02:11:50.897786Z","ask"
"0.1695","21.2","2024-06-14T02:11:50.897786Z","ask"
"0.1696","38.9","2024-06-14T02:11:50.897786Z","ask"
"0.1697","21.2","2024-06-14T02:11:50.897786Z","ask"
"0.1698","21.2","2024-06-14T02:11:50.897786Z","ask"
"0.1699","151.9","2024-06-14T02:11:50.897786Z","ask"
"0.17","21763.6","2024-06-14T02:11:50.897786Z","ask"
"0.1701","9909.4","2024-06-14T02:11:50.897786Z","ask"
"0.1702","21.1","2024-06-14T02:11:50.897786Z","ask"
"0.1703","164.4","2024-06-14T02:11:50.897786Z","ask"
"0.1704","393.8","2024-06-14T02:11:50.897786Z","ask"
"0.1705","46.1","2024-06-14T02:11:50.897786Z","ask"
"0.1706","50","2024-06-14T02:11:50.897786Z","ask"
"0.1707","38.4","2024-06-14T02:11:50.897786Z","ask"
"0.1709","25","2024-06-14T02:11:50.897786Z","ask"
"0.171","59","2024-06-14T02:11:50.897786Z","ask"
"0.1712","441.5","2024-06-14T02:11:50.897786Z","ask"
"0.1713","377.5","2024-06-14T02:11:50.897786Z","ask"
"0.1715","2","2024-06-14T02:11:50.897786Z","ask"
"0.1716","337.4","2024-06-14T02:11:50.897786Z","ask"
"0.1717","25","2024-06-14T02:11:50.897786Z","ask"
"0.172","91.4","2024-06-14T02:11:50.897786Z","ask"
"0.1721","291.2","2024-06-14T02:11:50.897786Z","ask"
"0.1722","17.4","2024-06-14T02:11:50.897786Z","ask"
"0.1728","128.1","2024-06-14T02:11:50.897786Z","ask"
"0.173","19.3","2024-06-14T02:11:50.897786Z","ask"
"0.1731","918.8","2024-06-14T02:11:50.897786Z","ask"
"0.1732","25","2024-06-14T02:11:50.897786Z","ask"
"0.1733","155.8","2024-06-14T02:11:50.897786Z","ask"
"0.1734","125","2024-06-14T02:11:50.897786Z","ask"
"0.1735","85324.8","2024-06-14T02:11:50.897786Z","ask"
"0.1736","215081.6","2024-06-14T02:11:50.897786Z","ask"
"0.1737","175","2024-06-14T02:11:50.897786Z","ask"
"0.1738","25","2024-06-14T02:11:50.897786Z","ask"
"0.1739","92.3","2024-06-14T02:11:50.897786Z","ask"
"0.174","4155","2024-06-14T02:11:50.897786Z","ask"
"0.1742","53.2","2024-06-14T02:11:50.897786Z","ask"
"0.1744","240.2","2024-06-14T02:11:50.897786Z","ask"
"0.1745","342.1","2024-06-14T02:11:50.897786Z","ask"
"0.1746","1160","2024-06-14T02:11:50.897786Z","ask"
"0.1747","79","2024-06-14T02:11:50.897786Z","ask"
"0.1748","147.8","2024-06-14T02:11:50.897786Z","ask"
"0.1749","25","2024-06-14T02:11:50.897786Z","ask"
"0.175","259.3","2024-06-14T02:11:50.897786Z","ask"
"0.1751","25","2024-06-14T02:11:50.897786Z","ask"
"0.1752","50","2024-06-14T02:11:50.897786Z","ask"
"0.1754","189.6","2024-06-14T02:11:50.897786Z","ask"
"0.1755","75","2024-06-14T02:11:50.897786Z","ask"
"0.1756","284.9","2024-06-14T02:11:50.897786Z","ask"
"0.1758","25","2024-06-14T02:11:50.897786Z","ask"
"0.176","137.9","2024-06-14T02:11:50.897786Z","ask"
"0.1761","125","2024-06-14T02:11:50.897786Z","ask"
"0.1762","226.2","2024-06-14T02:11:50.897786Z","ask"
"0.1763","100","2024-06-14T02:11:50.897786Z","ask"
"0.1764","100","2024-06-14T02:11:50.897786Z","ask"
"0.1765","384.2","2024-06-14T02:11:50.897786Z","ask"
"0.1766","100","2024-06-14T02:11:50.897786Z","ask"
"0.1767","175","2024-06-14T02:11:50.897786Z","ask"
"0.1768","291.4","2024-06-14T02:11:50.897786Z","ask"
"0.1769","19802.9","2024-06-14T02:11:50.897786Z","ask"
"0.177","100","2024-06-14T02:11:50.897786Z","ask"
"0.1771","188.8","2024-06-14T02:11:50.897786Z","ask"
"0.1772","200","2024-06-14T02:11:50.897786Z","ask"
"0.1773","116.9","2024-06-14T02:11:50.897786Z","ask"
"0.1774","3224.4","2024-06-14T02:11:50.897786Z","ask"
"0.1775","1877","2024-06-14T02:11:50.897786Z","ask"
"0.1776","198.5","2024-06-14T02:11:50.897786Z","ask"
"0.1777","100","2024-06-14T02:11:50.897786Z","ask"
"0.1778","100","2024-06-14T02:11:50.897786Z","ask"
"0.1779","100","2024-06-14T02:11:50.897786Z","ask"
"0.178","222.9","2024-06-14T02:11:50.897786Z","ask"
"0.1781","290.1","2024-06-14T02:11:50.897786Z","ask"
"0.1782","154.3","2024-06-14T02:11:50.897786Z","ask"
"0.1783","100","2024-06-14T02:11:50.897786Z","ask"
"0.1784","100","2024-06-14T02:11:50.897786Z","ask"
"0.1785","100","2024-06-14T02:11:50.897786Z","ask"
"0.1786","100","2024-06-14T02:11:50.897786Z","ask"
"0.1787","726.3","2024-06-14T02:11:50.897786Z","ask"
"0.1788","324.4","2024-06-14T02:11:50.897786Z","ask"
"0.1789","331.6","2024-06-14T02:11:50.897786Z","ask"
"0.179","102","2024-06-14T02:11:50.897786Z","ask"
"0.1791","221.7","2024-06-14T02:11:50.897786Z","ask"
"0.1792","100","2024-06-14T02:11:50.897786Z","ask"
"0.1793","100","2024-06-14T02:11:50.897786Z","ask"
"0.1794","363.7","2024-06-14T02:11:50.897786Z","ask"
"0.1795","262","2024-06-14T02:11:50.897786Z","ask"
"0.1796","213.5","2024-06-14T02:11:50.897786Z","ask"
"0.1797","300","2024-06-14T02:11:50.897786Z","ask"
"0.1798","187.5","2024-06-14T02:11:50.897786Z","ask"
"0.1799","1747.3","2024-06-14T02:11:50.897786Z","ask"
"0.18","2968.2","2024-06-14T02:11:50.897786Z","ask"
"0.1801","128.1","2024-06-14T02:11:50.897786Z","ask"
"0.1802","100","2024-06-14T02:11:50.897786Z","ask"
"0.1803","100","2024-06-14T02:11:50.897786Z","ask"
"0.1804","100","2024-06-14T02:11:50.897786Z","ask"
"0.1805","560.1","2024-06-14T02:11:50.897786Z","ask"
"0.1806","109.5","2024-06-14T02:11:50.897786Z","ask"
"0.1807","524.4","2024-06-14T02:11:50.897786Z","ask"
"0.1808","196.7","2024-06-14T02:11:50.897786Z","ask"
"0.1809","116.6","2024-06-14T02:11:50.897786Z","ask"
"0.181","100","2024-06-14T02:11:50.897786Z","ask"
"0.1811","100","2024-06-14T02:11:50.897786Z","ask"
"0.1812","100","2024-06-14T02:11:50.897786Z","ask"
"0.1813","667.9","2024-06-14T02:11:50.897786Z","ask"
"0.1814","303.6","2024-06-14T02:11:50.897786Z","ask"
"0.1815","100","2024-06-14T02:11:50.897786Z","ask"
"0.1816","186.6","2024-06-14T02:11:50.897786Z","ask"
"0.1817","100","2024-06-14T02:11:50.897786Z","ask"
"0.1818","116.5","2024-06-14T02:11:50.897786Z","ask"
"0.1819","359.3","2024-06-14T02:11:50.897786Z","ask"
"0.182","3914","2024-06-14T02:11:50.897786Z","ask"
"0.1821","100","2024-06-14T02:11:50.897786Z","ask"
"0.1822","4750.2","2024-06-14T02:11:50.897786Z","ask"
"0.1823","136.6","2024-06-14T02:11:50.897786Z","ask"
"0.1824","100","2024-06-14T02:11:50.897786Z","ask"
"0.1825","2011.1","2024-06-14T02:11:50.897786Z","ask"
"0.1826","166.7","2024-06-14T02:11:50.897786Z","ask"
"0.1827","116.4","2024-06-14T02:11:50.897786Z","ask"
"0.1828","100","2024-06-14T02:11:50.897786Z","ask"
"0.1829","100","2024-06-14T02:11:50.897786Z","ask"
"0.183","433","2024-06-14T02:11:50.897786Z","ask"
"0.1831","233.3","2024-06-14T02:11:50.897786Z","ask"
"0.1832","100","2024-06-14T02:11:50.897786Z","ask"
"0.1833","100","2024-06-14T02:11:50.897786Z","ask"
"0.1834","370.4","2024-06-14T02:11:50.897786Z","ask"
"0.1835","204.4","2024-06-14T02:11:50.897786Z","ask"
"0.1836","228.9","2024-06-14T02:11:50.897786Z","ask"
"0.1837","100","2024-06-14T02:11:50.897786Z","ask"
"0.1838","935.8","2024-06-14T02:11:50.897786Z","ask"
"0.1839","100","2024-06-14T02:11:50.897786Z","ask"
"0.184","659.7","2024-06-14T02:11:50.897786Z","ask"
"0.1841","196.1","2024-06-14T02:11:50.897786Z","ask"
"0.1842","263.4","2024-06-14T02:11:50.897786Z","ask"
"0.1843","185.3","2024-06-14T02:11:50.897786Z","ask"
"0.1844","192.2","2024-06-14T02:11:50.897786Z","ask"
"0.1845","2421.1","2024-06-14T02:11:50.897786Z","ask"
"0.1846","10240.1","2024-06-14T02:11:50.897786Z","ask"
"0.1847","289","2024-06-14T02:11:50.897786Z","ask"
"0.1848","100","2024-06-14T02:11:50.897786Z","ask"
"0.1849","100","2024-06-14T02:11:50.897786Z","ask"
"0.185","1973.7","2024-06-14T02:11:50.897786Z","ask"
"0.1851","122.9","2024-06-14T02:11:50.897786Z","ask"
"0.1852","464.8","2024-06-14T02:11:50.897786Z","ask"
"0.1853","100","2024-06-14T02:11:50.897786Z","ask"
"0.1854","3099.9","2024-06-14T02:11:50.897786Z","ask"
"0.1855","100","2024-06-14T02:11:50.897786Z","ask"
"0.1856","100","2024-06-14T02:11:50.897786Z","ask"
"0.1857","100","2024-06-14T02:11:50.897786Z","ask"
"0.1858","100","2024-06-14T02:11:50.897786Z","ask"
"0.1859","100","2024-06-14T02:11:50.897786Z","ask"
"0.186","100","2024-06-14T02:11:50.897786Z","ask"
"0.1861","184.5","2024-06-14T02:11:50.897786Z","ask"
"0.1862","100","2024-06-14T02:11:50.897786Z","ask"
"0.1863","369.3","2024-06-14T02:11:50.897786Z","ask"
"0.1864","175","2024-06-14T02:11:50.897786Z","ask"
"0.1865","102","2024-06-14T02:11:50.897786Z","ask"
"0.1866","776.7","2024-06-14T02:11:50.897786Z","ask"
"0.1867","100","2024-06-14T02:11:50.897786Z","ask"
"0.1868","100","2024-06-14T02:11:50.897786Z","ask"
"0.1869","225","2024-06-14T02:11:50.897786Z","ask"
"0.187","552.3","2024-06-14T02:11:50.897786Z","ask"
"0.1871","184","2024-06-14T02:11:50.897786Z","ask"
"0.1872","212.6","2024-06-14T02:11:50.897786Z","ask"
"0.1873","100","2024-06-14T02:11:50.897786Z","ask"
"0.1874","298","2024-06-14T02:11:50.897786Z","ask"
"0.1875","2068.3","2024-06-14T02:11:50.897786Z","ask"
"0.1876","390.1","2024-06-14T02:11:50.897786Z","ask"
"0.1877","164.8","2024-06-14T02:11:50.897786Z","ask"
"0.1878","16102","2024-06-14T02:11:50.897786Z","ask"
"0.1879","100","2024-06-14T02:11:50.897786Z","ask"
"0.188","14341.8","2024-06-14T02:11:50.897786Z","ask"
"0.1881","199.9","2024-06-14T02:11:50.897786Z","ask"
"0.1882","372.5","2024-06-14T02:11:50.897786Z","ask"
"0.1883","2415.9","2024-06-14T02:11:50.897786Z","ask"
"0.1884","100","2024-06-14T02:11:50.897786Z","ask"
"0.1885","100","2024-06-14T02:11:50.897786Z","ask"
"0.1886","100","2024-06-14T02:11:50.897786Z","ask"
"0.1887","100","2024-06-14T02:11:50.897786Z","ask"
"0.1888","8378.1","2024-06-14T02:11:50.897786Z","ask"
"0.1889","183.2","2024-06-14T02:11:50.897786Z","ask"
"0.189","3653.4","2024-06-14T02:11:50.897786Z","ask"
"0.1891","100","2024-06-14T02:11:50.897786Z","ask"
"0.1892","115.9","2024-06-14T02:11:50.897786Z","ask"
"0.1893","100","2024-06-14T02:11:50.897786Z","ask"
"0.1894","643.6","2024-06-14T02:11:50.897786Z","ask"
"0.1895","227","2024-06-14T02:11:50.897786Z","ask"
"0.1896","100","2024-06-14T02:11:50.897786Z","ask"
"0.1897","100","2024-06-14T02:11:50.897786Z","ask"
"0.1898","100","2024-06-14T02:11:50.897786Z","ask"
"0.1899","450.7","2024-06-14T02:11:50.897786Z","ask"
"0.19","370647.4","2024-06-14T02:11:50.897786Z","ask"
"0.1901","293.8","2024-06-14T02:11:50.897786Z","ask"
"0.1902","100","2024-06-14T02:11:50.897786Z","ask"
"0.1903","100","2024-06-14T02:11:50.897786Z","ask"
"0.1904","100","2024-06-14T02:11:50.897786Z","ask"
"0.1905","100","2024-06-14T02:11:50.897786Z","ask"
"0.1906","100","2024-06-14T02:11:50.897786Z","ask"
"0.1907","212.6","2024-06-14T02:11:50.897786Z","ask"
"0.1908","182.4","2024-06-14T02:11:50.897786Z","ask"
"0.1909","191.6","2024-06-14T02:11:50.897786Z","ask"
"0.191","102","2024-06-14T02:11:50.897786Z","ask"
"0.1911","115.7","2024-06-14T02:11:50.897786Z","ask"
"0.1912","100","2024-06-14T02:11:50.897786Z","ask"
"0.1913","100","2024-06-14T02:11:50.897786Z","ask"
"0.1914","100","2024-06-14T02:11:50.897786Z","ask"
"0.1915","276.8","2024-06-14T02:11:50.897786Z","ask"
"0.1916","100","2024-06-14T02:11:50.897786Z","ask"
"0.1917","182","2024-06-14T02:11:50.897786Z","ask"
"0.1918","100","2024-06-14T02:11:50.897786Z","ask"
"0.1919","100","2024-06-14T02:11:50.897786Z","ask"
"0.192","115.6","2024-06-14T02:11:50.897786Z","ask"
"0.1921","100","2024-06-14T02:11:50.897786Z","ask"
"0.1922","912.8","2024-06-14T02:11:50.897786Z","ask"
"0.1923","100","2024-06-14T02:11:50.897786Z","ask"
"0.1924","100","2024-06-14T02:11:50.897786Z","ask"
"0.1925","3285","2024-06-14T02:11:50.897786Z","ask"
"0.1926","762.4","2024-06-14T02:11:50.897786Z","ask"
"0.1927","279.1","2024-06-14T02:11:50.897786Z","ask"
"0.1928","163.1","2024-06-14T02:11:50.897786Z","ask"
"0.1929","403.6","2024-06-14T02:11:50.897786Z","ask"
"0.193","7838.2","2024-06-14T02:11:50.897786Z","ask"
"0.1931","100","2024-06-14T02:11:50.897786Z","ask"
"0.1932","100","2024-06-14T02:11:50.897786Z","ask"
"0.1933","124.5","2024-06-14T02:11:50.897786Z","ask"
"0.1934","100","2024-06-14T02:11:50.897786Z","ask"
"0.1935","200","2024-06-14T02:11:50.897786Z","ask"
"0.1936","281.2","2024-06-14T02:11:50.897786Z","ask"
"0.1937","233.8","2024-06-14T02:11:50.897786Z","ask"
"0.1938","14330.1","2024-06-14T02:11:50.897786Z","ask"
"0.1939","215.5","2024-06-14T02:11:50.897786Z","ask"
"0.194","102","2024-06-14T02:11:50.897786Z","ask"
"0.1941","100","2024-06-14T02:11:50.897786Z","ask"
"0.1942","942.9","2024-06-14T02:11:50.897786Z","ask"
"0.1943","362.6","2024-06-14T02:11:50.897786Z","ask"
"0.1944","134.4","2024-06-14T02:11:50.897786Z","ask"
"0.1945","260.4","2024-06-14T02:11:50.897786Z","ask"
"0.1946","495.7","2024-06-14T02:11:50.897786Z","ask"
"0.1947","200","2024-06-14T02:11:50.897786Z","ask"
"0.1948","322","2024-06-14T02:11:50.897786Z","ask"
"0.1949","215.9","2024-06-14T02:11:50.897786Z","ask"
"0.195","100723.7","2024-06-14T02:11:50.897786Z","ask"
"0.1951","275","2024-06-14T02:11:50.897786Z","ask"
"0.1952","100","2024-06-14T02:11:50.897786Z","ask"
"0.1953","100","2024-06-14T02:11:50.897786Z","ask"
"0.1954","361.4","2024-06-14T02:11:50.897786Z","ask"
"0.1955","449.7","2024-06-14T02:11:50.897786Z","ask"
"0.1956","890.6","2024-06-14T02:11:50.897786Z","ask"
"0.1957","273","2024-06-14T02:11:50.897786Z","ask"
"0.1958","133.5","2024-06-14T02:11:50.897786Z","ask"
"0.1959","115.3","2024-06-14T02:11:50.897786Z","ask"
"0.196","738.2","2024-06-14T02:11:50.897786Z","ask"
"0.1961","125","2024-06-14T02:11:50.897786Z","ask"
"0.1962","100","2024-06-14T02:11:50.897786Z","ask"
"0.1963","100","2024-06-14T02:11:50.897786Z","ask"
"0.1964","100","2024-06-14T02:11:50.897786Z","ask"
"0.1965","2918.1","2024-06-14T02:11:50.897786Z","ask"
"0.1966","180","2024-06-14T02:11:50.897786Z","ask"
"0.1967","139","2024-06-14T02:11:50.897786Z","ask"
"0.1968","133.9","2024-06-14T02:11:50.897786Z","ask"
"0.1969","239.1","2024-06-14T02:11:50.897786Z","ask"
"0.197","1851.9","2024-06-14T02:11:50.897786Z","ask"
"0.1971","271.7","2024-06-14T02:11:50.897786Z","ask"
"0.1972","100","2024-06-14T02:11:50.897786Z","ask"
"0.1973","200","2024-06-14T02:11:50.897786Z","ask"
"0.1974","375.8","2024-06-14T02:11:50.897786Z","ask"
"0.1975","2075","2024-06-14T02:11:50.897786Z","ask"
"0.1976","919.7","2024-06-14T02:11:50.897786Z","ask"
"0.1977","437.3","2024-06-14T02:11:50.897786Z","ask"
"0.1978","202.1","2024-06-14T02:11:50.897786Z","ask"
"0.1979","681.8","2024-06-14T02:11:50.897786Z","ask"
"0.198","5170.6","2024-06-14T02:11:50.897786Z","ask"
"0.1981","401.2","2024-06-14T02:11:50.897786Z","ask"
"0.1982","100","2024-06-14T02:11:50.897786Z","ask"
"0.1983","12710.2","2024-06-14T02:11:50.897786Z","ask"
"0.1984","604.7","2024-06-14T02:11:50.897786Z","ask"
"0.1985","221.2","2024-06-14T02:11:50.897786Z","ask"
"0.1986","270.5","2024-06-14T02:11:50.897786Z","ask"
"0.1987","100","2024-06-14T02:11:50.897786Z","ask"
"0.1988","142.7","2024-06-14T02:11:50.897786Z","ask"
"0.1989","100","2024-06-14T02:11:50.897786Z","ask"
"0.199","35605.7","2024-06-14T02:11:50.897786Z","ask"
"0.1991","100","2024-06-14T02:11:50.897786Z","ask"
"0.1992","5363.1","2024-06-14T02:11:50.897786Z","ask"
"0.1993","385","2024-06-14T02:11:50.897786Z","ask"
"0.1994","555","2024-06-14T02:11:50.897786Z","ask"
"0.1995","3178.1","2024-06-14T02:11:50.897786Z","ask"
"0.1996","250","2024-06-14T02:11:50.897786Z","ask"
"0.1997","5383.3","2024-06-14T02:11:50.897786Z","ask"
"0.1998","506.8","2024-06-14T02:11:50.897786Z","ask"
"0.1999","100","2024-06-14T02:11:50.897786Z","ask"
"0.2","409113.2","2024-06-14T02:11:50.897786Z","ask"
"0.2001","1029.4","2024-06-14T02:11:50.897786Z","ask"
"0.2005","111.7","2024-06-14T02:11:50.897786Z","ask"
"0.2008","2744.8","2024-06-14T02:11:50.897786Z","ask"
"0.2009","764.8","2024-06-14T02:11:50.897786Z","ask"
"0.201","13291","2024-06-14T02:11:50.897786Z","ask"
"0.2011","100","2024-06-14T02:11:50.897786Z","ask"
"0.2012","100","2024-06-14T02:11:50.897786Z","ask"
"0.2013","185.4","2024-06-14T02:11:50.897786Z","ask"
"0.2014","3198.6","2024-06-14T02:11:50.897786Z","ask"
"0.2015","848","2024-06-14T02:11:50.897786Z","ask"
"0.2016","100","2024-06-14T02:11:50.897786Z","ask"
"0.2017","131.2","2024-06-14T02:11:50.897786Z","ask"
"0.2018","1315.7","2024-06-14T02:11:50.897786Z","ask"
"0.2019","100","2024-06-14T02:11:50.897786Z","ask"
"0.202","402.6","2024-06-14T02:11:50.897786Z","ask"
"0.2021","283.6","2024-06-14T02:11:50.897786Z","ask"
"0.2022","100","2024-06-14T02:11:50.897786Z","ask"
"0.2023","100","2024-06-14T02:11:50.897786Z","ask"
"0.2024","100","2024-06-14T02:11:50.897786Z","ask"
"0.2025","7316.8","2024-06-14T02:11:50.897786Z","ask"
"0.2026","177.6","2024-06-14T02:11:50.897786Z","ask"
"0.2027","75983.5","2024-06-14T02:11:50.897786Z","ask"
"0.2028","114.8","2024-06-14T02:11:50.897786Z","ask"
"0.2029","591.9","2024-06-14T02:11:50.897786Z","ask"
"0.203","161.9","2024-06-14T02:11:50.897786Z","ask"
"0.2031","167.6","2024-06-14T02:11:50.897786Z","ask"
"0.2032","762.3","2024-06-14T02:11:50.897786Z","ask"
"0.2033","100","2024-06-14T02:11:50.897786Z","ask"
"0.2034","100","2024-06-14T02:11:50.897786Z","ask"
"0.2035","2320.9","2024-06-14T02:11:50.897786Z","ask"
"0.2036","210","2024-06-14T02:11:50.897786Z","ask"
"0.2037","7504.7","2024-06-14T02:11:50.897786Z","ask"
"0.2038","114.7","2024-06-14T02:11:50.897786Z","ask"
"0.2039","126.2","2024-06-14T02:11:50.897786Z","ask"
"0.204","2728.8","2024-06-14T02:11:50.897786Z","ask"
"0.2041","100","2024-06-14T02:11:50.897786Z","ask"
"0.2042","100","2024-06-14T02:11:50.897786Z","ask"
"0.2043","399.3","2024-06-14T02:11:50.897786Z","ask"
"0.2044","265.6","2024-06-14T02:11:50.897786Z","ask"
"0.2045","117","2024-06-14T02:11:50.897786Z","ask"
"0.2046","176.8","2024-06-14T02:11:50.897786Z","ask"
"0.2047","100","2024-06-14T02:11:50.897786Z","ask"
"0.2048","214.6","2024-06-14T02:11:50.897786Z","ask"
"0.2049","200","2024-06-14T02:11:50.897786Z","ask"
"0.205","111843.9","2024-06-14T02:11:50.897786Z","ask"
"0.2051","100","2024-06-14T02:11:50.897786Z","ask"
"0.2052","195","2024-06-14T02:11:50.897786Z","ask"
"0.2053","100","2024-06-14T02:11:50.897786Z","ask"
"0.2054","1805.8","2024-06-14T02:11:50.897786Z","ask"
"0.2055","13000","2024-06-14T02:11:50.897786Z","ask"
"0.2056","6466.1","2024-06-14T02:11:50.897786Z","ask"
"0.2059","664.6","2024-06-14T02:11:50.897786Z","ask"
"0.206","366","2024-06-14T02:11:50.897786Z","ask"
"0.2064","495","2024-06-14T02:11:50.897786Z","ask"
"0.2066","372","2024-06-14T02:11:50.897786Z","ask"
"0.2067","498.2","2024-06-14T02:11:50.897786Z","ask"
"0.2068","618","2024-06-14T02:11:50.897786Z","ask"
"0.2069","4331.7","2024-06-14T02:11:50.897786Z","ask"
"0.2074","163.2","2024-06-14T02:11:50.897786Z","ask"
"0.2075","2","2024-06-14T02:11:50.897786Z","ask"
"0.2076","464.2","2024-06-14T02:11:50.897786Z","ask"
"0.208","903.7","2024-06-14T02:11:50.897786Z","ask"
"0.2083","87.4","2024-06-14T02:11:50.897786Z","ask"
"0.2086","1711","2024-06-14T02:11:50.897786Z","ask"
"0.2087","7687","2024-06-14T02:11:50.897786Z","ask"
"0.2088","375","2024-06-14T02:11:50.897786Z","ask"
"0.2089","454.8","2024-06-14T02:11:50.897786Z","ask"
"0.209","40481.4","2024-06-14T02:11:50.897786Z","ask"
"0.2092","10.3","2024-06-14T02:11:50.897786Z","ask"
"0.2096","504.6","2024-06-14T02:11:50.897786Z","ask"
"0.2097","74.9","2024-06-14T02:11:50.897786Z","ask"
"0.2098","504.9","2024-06-14T02:11:50.897786Z","ask"
"0.21","182984.3","2024-06-14T02:11:50.897786Z","ask"
"0.2102","97.6","2024-06-14T02:11:50.897786Z","ask"
"0.2104","160.9","2024-06-14T02:11:50.897786Z","ask"
"0.2105","2","2024-06-14T02:11:50.897786Z","ask"
"0.2107","598.8","2024-06-14T02:11:50.897786Z","ask"
"0.2108","74.6","2024-06-14T02:11:50.897786Z","ask"
"0.211","2621.8","2024-06-14T02:11:50.897786Z","ask"
"0.2111","20.1","2024-06-14T02:11:50.897786Z","ask"
"0.2112","3368.7","2024-06-14T02:11:50.897786Z","ask"
"0.2118","189.4","2024-06-14T02:11:50.897786Z","ask"
"0.2119","159.7","2024-06-14T02:11:50.897786Z","ask"
"0.212","2","2024-06-14T02:11:50.897786Z","ask"
"0.2121","38.7","2024-06-14T02:11:50.897786Z","ask"
"0.2123","25","2024-06-14T02:11:50.897786Z","ask"
"0.2125","6560","2024-06-14T02:11:50.897786Z","ask"
"0.2126","552.7","2024-06-14T02:11:50.897786Z","ask"
"0.2127","88.3","2024-06-14T02:11:50.897786Z","ask"
"0.2128","483.8","2024-06-14T02:11:50.897786Z","ask"
"0.2129","27661.7","2024-06-14T02:11:50.897786Z","ask"
"0.2132","21.7","2024-06-14T02:11:50.897786Z","ask"
"0.2135","160.6","2024-06-14T02:11:50.897786Z","ask"
"0.2136","286.3","2024-06-14T02:11:50.897786Z","ask"
"0.2137","16904.5","2024-06-14T02:11:50.897786Z","ask"
"0.2139","73.5","2024-06-14T02:11:50.897786Z","ask"
"0.214","63495.3","2024-06-14T02:11:50.897786Z","ask"
"0.2142","29.7","2024-06-14T02:11:50.897786Z","ask"
"0.2145","277.6","2024-06-14T02:11:50.897786Z","ask"
"0.215","40074.9","2024-06-14T02:11:50.897786Z","ask"
"0.2155","98.9","2024-06-14T02:11:50.897786Z","ask"
"0.2159","476.9","2024-06-14T02:11:50.897786Z","ask"
"0.216","72.8","2024-06-14T02:11:50.897786Z","ask"
"0.2162","34","2024-06-14T02:11:50.897786Z","ask"
"0.2165","2","2024-06-14T02:11:50.897786Z","ask"
"0.2166","157.4","2024-06-14T02:11:50.897786Z","ask"
"0.2169","4858.5","2024-06-14T02:11:50.897786Z","ask"
"0.217","112.5","2024-06-14T02:11:50.897786Z","ask"
"0.2171","72.4","2024-06-14T02:11:50.897786Z","ask"
"0.2175","50","2024-06-14T02:11:50.897786Z","ask"
"0.2177","669.7","2024-06-14T02:11:50.897786Z","ask"
"0.218","108.2","2024-06-14T02:11:50.897786Z","ask"
"0.2182","227.3","2024-06-14T02:11:50.897786Z","ask"
"0.219","3.6","2024-06-14T02:11:50.897786Z","ask"
"0.2191","560","2024-06-14T02:11:50.897786Z","ask"
"0.2193","71.7","2024-06-14T02:11:50.897786Z","ask"
"0.2195","2","2024-06-14T02:11:50.897786Z","ask"
"0.2197","154","2024-06-14T02:11:50.897786Z","ask"
"0.2199","297.4","2024-06-14T02:11:50.897786Z","ask"
"0.22","168163.5","2024-06-14T02:11:50.897786Z","ask"
"0.2204","71.3","2024-06-14T02:11:50.897786Z","ask"
"0.2209","9244.1","2024-06-14T02:11:50.897786Z","ask"
"0.221","57","2024-06-14T02:11:50.897786Z","ask"
"0.2213","153","2024-06-14T02:11:50.897786Z","ask"
"0.2215","71","2024-06-14T02:11:50.897786Z","ask"
"0.222","7337.6","2024-06-14T02:11:50.897786Z","ask"
"0.2222","463.3","2024-06-14T02:11:50.897786Z","ask"
"0.2224","109.8","2024-06-14T02:11:50.897786Z","ask"
"0.2225","57","2024-06-14T02:11:50.897786Z","ask"
"0.2226","70.6","2024-06-14T02:11:50.897786Z","ask"
"0.223","1651.9","2024-06-14T02:11:50.897786Z","ask"
"0.2235","2792.4","2024-06-14T02:11:50.897786Z","ask"
"0.2237","63729.6","2024-06-14T02:11:50.897786Z","ask"
"0.224","2872.4","2024-06-14T02:11:50.897786Z","ask"
"0.2246","150.7","2024-06-14T02:11:50.897786Z","ask"
"0.2248","79.5","2024-06-14T02:11:50.897786Z","ask"
"0.225","34718.6","2024-06-14T02:11:50.897786Z","ask"
"0.2255","508.6","2024-06-14T02:11:50.897786Z","ask"
"0.226","132.6","2024-06-14T02:11:50.897786Z","ask"
"0.2262","149.6","2024-06-14T02:11:50.897786Z","ask"
"0.2264","9.6","2024-06-14T02:11:50.897786Z","ask"
"0.227","223.1","2024-06-14T02:11:50.897786Z","ask"
"0.2271","69.2","2024-06-14T02:11:50.897786Z","ask"
"0.2273","1033.1","2024-06-14T02:11:50.897786Z","ask"
"0.2278","255.7","2024-06-14T02:11:50.897786Z","ask"
"0.2282","646.2","2024-06-14T02:11:50.897786Z","ask"
"0.2285","2","2024-06-14T02:11:50.897786Z","ask"
"0.2288","450.1","2024-06-14T02:11:50.897786Z","ask"
"0.2291","82","2024-06-14T02:11:50.897786Z","ask"
"0.2293","68.6","2024-06-14T02:11:50.897786Z","ask"
"0.2295","147.5","2024-06-14T02:11:50.897786Z","ask"
"0.23","227316","2024-06-14T02:11:50.897786Z","ask"
"0.2304","68.2","2024-06-14T02:11:50.897786Z","ask"
"0.2312","146.4","2024-06-14T02:11:50.897786Z","ask"
"0.2315","1002","2024-06-14T02:11:50.897786Z","ask"
"0.2316","67.9","2024-06-14T02:11:50.897786Z","ask"
"0.232","10","2024-06-14T02:11:50.897786Z","ask"
"0.2322","443.5","2024-06-14T02:11:50.897786Z","ask"
"0.2325","27","2024-06-14T02:11:50.897786Z","ask"
"0.2327","67.5","2024-06-14T02:11:50.897786Z","ask"
"0.2328","145.4","2024-06-14T02:11:50.897786Z","ask"
"0.233","2","2024-06-14T02:11:50.897786Z","ask"
"0.2333","262","2024-06-14T02:11:50.897786Z","ask"
"0.2334","104.6","2024-06-14T02:11:50.897786Z","ask"
"0.2335","50","2024-06-14T02:11:50.897786Z","ask"
"0.2336","4528","2024-06-14T02:11:50.897786Z","ask"
"0.234","11041.7","2024-06-14T02:11:50.897786Z","ask"
"0.2345","146.4","2024-06-14T02:11:50.897786Z","ask"
"0.2348","2080.1","2024-06-14T02:11:50.897786Z","ask"
"0.235","2513.5","2024-06-14T02:11:50.897786Z","ask"
"0.2351","66.9","2024-06-14T02:11:50.897786Z","ask"
"0.2353","8523.1","2024-06-14T02:11:50.897786Z","ask"
"0.2355","437.2","2024-06-14T02:11:50.897786Z","ask"
"0.2359","259.2","2024-06-14T02:11:50.897786Z","ask"
"0.236","4263.6","2024-06-14T02:11:50.897786Z","ask"
"0.2362","143.3","2024-06-14T02:11:50.897786Z","ask"
"0.2363","66.5","2024-06-14T02:11:50.897786Z","ask"
"0.2365","4532.8","2024-06-14T02:11:50.897786Z","ask"
"0.2366","670","2024-06-14T02:11:50.897786Z","ask"
"0.237","17.9","2024-06-14T02:11:50.897786Z","ask"
"0.2373","2356.6","2024-06-14T02:11:50.897786Z","ask"
"0.2374","66.2","2024-06-14T02:11:50.897786Z","ask"
"0.2375","2","2024-06-14T02:11:50.897786Z","ask"
"0.238","142.3","2024-06-14T02:11:50.897786Z","ask"
"0.2384","71.6","2024-06-14T02:11:50.897786Z","ask"
"0.2385","256.3","2024-06-14T02:11:50.897786Z","ask"
"0.2386","65.9","2024-06-14T02:11:50.897786Z","ask"
"0.2389","8290.3","2024-06-14T02:11:50.897786Z","ask"
"0.239","432.8","2024-06-14T02:11:50.897786Z","ask"
"0.2392","102","2024-06-14T02:11:50.897786Z","ask"
"0.2397","141.2","2024-06-14T02:11:50.897786Z","ask"
"0.2398","65.5","2024-06-14T02:11:50.897786Z","ask"
"0.24","66102.1","2024-06-14T02:11:50.897786Z","ask"
"0.2405","2","2024-06-14T02:11:50.897786Z","ask"
"0.2406","78.1","2024-06-14T02:11:50.897786Z","ask"
"0.2409","65.2","2024-06-14T02:11:50.897786Z","ask"
"0.2412","253.5","2024-06-14T02:11:50.897786Z","ask"
"0.2414","140.2","2024-06-14T02:11:50.897786Z","ask"
"0.2416","5013.3","2024-06-14T02:11:50.897786Z","ask"
"0.242","12","2024-06-14T02:11:50.897786Z","ask"
"0.2422","64.9","2024-06-14T02:11:50.897786Z","ask"
"0.2424","6712.5","2024-06-14T02:11:50.897786Z","ask"
"0.2425","424.6","2024-06-14T02:11:50.897786Z","ask"
"0.243","10000","2024-06-14T02:11:50.897786Z","ask"
"0.2432","139.2","2024-06-14T02:11:50.897786Z","ask"
"0.2434","64.6","2024-06-14T02:11:50.897786Z","ask"
"0.2435","52","2024-06-14T02:11:50.897786Z","ask"
"0.2438","250.7","2024-06-14T02:11:50.897786Z","ask"
"0.2446","1543.3","2024-06-14T02:11:50.897786Z","ask"
"0.2449","445.9","2024-06-14T02:11:50.897786Z","ask"
"0.245","325.8","2024-06-14T02:11:50.897786Z","ask"
"0.2457","2708.1","2024-06-14T02:11:50.897786Z","ask"
"0.2458","63.9","2024-06-14T02:11:50.897786Z","ask"
"0.246","300","2024-06-14T02:11:50.897786Z","ask"
"0.2461","418.4","2024-06-14T02:11:50.897786Z","ask"
"0.2464","7.5","2024-06-14T02:11:50.897786Z","ask"
"0.2465","2","2024-06-14T02:11:50.897786Z","ask"
"0.2466","249869.1","2024-06-14T02:11:50.897786Z","ask"
"0.2467","137.2","2024-06-14T02:11:50.897786Z","ask"
"0.247","83.6","2024-06-14T02:11:50.897786Z","ask"
"0.2475","53.2","2024-06-14T02:11:50.897786Z","ask"
"0.2479","87.1","2024-06-14T02:11:50.897786Z","ask"
"0.248","2546.7","2024-06-14T02:11:50.897786Z","ask"
"0.2482","63.3","2024-06-14T02:11:50.897786Z","ask"
"0.2485","136.2","2024-06-14T02:11:50.897786Z","ask"
"0.2487","1209.3","2024-06-14T02:11:50.897786Z","ask"
"0.2489","63.6","2024-06-14T02:11:50.897786Z","ask"
"0.249","12772.7","2024-06-14T02:11:50.897786Z","ask"
"0.2493","245.2","2024-06-14T02:11:50.897786Z","ask"
"0.2495","2","2024-06-14T02:11:50.897786Z","ask"
"0.2496","655","2024-06-14T02:11:50.897786Z","ask"
"0.2497","412.4","2024-06-14T02:11:50.897786Z","ask"
"0.2498","2500","2024-06-14T02:11:50.897786Z","ask"
"0.2499","85","2024-06-14T02:11:50.897786Z","ask"
"0.25","510809.5","2024-06-14T02:11:50.897786Z","ask"
"0.2503","135.2","2024-06-14T02:11:50.897786Z","ask"
"0.2508","62.7","2024-06-14T02:11:50.897786Z","ask"
"0.2509","4382.3","2024-06-14T02:11:50.897786Z","ask"
"0.251","2","2024-06-14T02:11:50.897786Z","ask"
"0.2511","97.2","2024-06-14T02:11:50.897786Z","ask"
"0.2513","50","2024-06-14T02:11:50.897786Z","ask"
"0.2514","280.7","2024-06-14T02:11:50.897786Z","ask"
"0.252","62.4","2024-06-14T02:11:50.897786Z","ask"
"0.2521","242.5","2024-06-14T02:11:50.897786Z","ask"
"0.2522","135.2","2024-06-14T02:11:50.897786Z","ask"
"0.2525","2","2024-06-14T02:11:50.897786Z","ask"
"0.2527","74.4","2024-06-14T02:11:50.897786Z","ask"
"0.253","10","2024-06-14T02:11:50.897786Z","ask"
"0.2533","942.3","2024-06-14T02:11:50.897786Z","ask"
"0.2535","50","2024-06-14T02:11:50.897786Z","ask"
"0.254","9537.3","2024-06-14T02:11:50.897786Z","ask"
"0.2545","61.8","2024-06-14T02:11:50.897786Z","ask"
"0.2547","2303.4","2024-06-14T02:11:50.897786Z","ask"
"0.2548","239.9","2024-06-14T02:11:50.897786Z","ask"
"0.255","1300","2024-06-14T02:11:50.897786Z","ask"
"0.2555","2","2024-06-14T02:11:50.897786Z","ask"
"0.2558","192.8","2024-06-14T02:11:50.897786Z","ask"
"0.256","11571","2024-06-14T02:11:50.897786Z","ask"
"0.2563","299.6","2024-06-14T02:11:50.897786Z","ask"
"0.2566","48.4","2024-06-14T02:11:50.897786Z","ask"
"0.257","463.7","2024-06-14T02:11:50.897786Z","ask"
"0.2572","94.9","2024-06-14T02:11:50.897786Z","ask"
"0.2574","501.2","2024-06-14T02:11:50.897786Z","ask"
"0.2577","443.4","2024-06-14T02:11:50.897786Z","ask"
"0.2579","198.3","2024-06-14T02:11:50.897786Z","ask"
"0.2584","60.8","2024-06-14T02:11:50.897786Z","ask"
"0.2585","2","2024-06-14T02:11:50.897786Z","ask"
"0.2586","13038.3","2024-06-14T02:11:50.897786Z","ask"
"0.259","98411.6","2024-06-14T02:11:50.897786Z","ask"
"0.2595","143.6","2024-06-14T02:11:50.897786Z","ask"
"0.2596","2466.9","2024-06-14T02:11:50.897786Z","ask"
"0.2598","3591.8","2024-06-14T02:11:50.897786Z","ask"
"0.2599","75","2024-06-14T02:11:50.897786Z","ask"
"0.26","292154.3","2024-06-14T02:11:50.897786Z","ask"
"0.2605","234.7","2024-06-14T02:11:50.897786Z","ask"
"0.2608","394.8","2024-06-14T02:11:50.897786Z","ask"
"0.2609","60.2","2024-06-14T02:11:50.897786Z","ask"
"0.2614","565.8","2024-06-14T02:11:50.897786Z","ask"
"0.2615","502","2024-06-14T02:11:50.897786Z","ask"
"0.2616","2306.1","2024-06-14T02:11:50.897786Z","ask"
"0.262","7426.2","2024-06-14T02:11:50.897786Z","ask"
"0.2622","59.9","2024-06-14T02:11:50.897786Z","ask"
"0.2625","1884198.2","2024-06-14T02:11:50.897786Z","ask"
"0.2627","1144.9","2024-06-14T02:11:50.897786Z","ask"
"0.263","2","2024-06-14T02:11:50.897786Z","ask"
"0.2631","26.5","2024-06-14T02:11:50.897786Z","ask"
"0.2633","1178.6","2024-06-14T02:11:50.897786Z","ask"
"0.2635","434.2","2024-06-14T02:11:50.897786Z","ask"
"0.2643","2500","2024-06-14T02:11:50.897786Z","ask"
"0.2645","2","2024-06-14T02:11:50.897786Z","ask"
"0.2646","389.2","2024-06-14T02:11:50.897786Z","ask"
"0.2648","59.3","2024-06-14T02:11:50.897786Z","ask"
"0.2649","100","2024-06-14T02:11:50.897786Z","ask"
"0.265","24892.3","2024-06-14T02:11:50.897786Z","ask"
"0.2652","754.1","2024-06-14T02:11:50.897786Z","ask"
"0.2653","127.6","2024-06-14T02:11:50.897786Z","ask"
"0.2655","70.8","2024-06-14T02:11:50.897786Z","ask"
"0.266","2","2024-06-14T02:11:50.897786Z","ask"
"0.2661","15.9","2024-06-14T02:11:50.897786Z","ask"
"0.2662","59.1","2024-06-14T02:11:50.897786Z","ask"
"0.2672","376.2","2024-06-14T02:11:50.897786Z","ask"
"0.2675","60.8","2024-06-14T02:11:50.897786Z","ask"
"0.2679","15","2024-06-14T02:11:50.897786Z","ask"
"0.268","18675.4","2024-06-14T02:11:50.897786Z","ask"
"0.2681","172.4","2024-06-14T02:11:50.897786Z","ask"
"0.2682","11.9","2024-06-14T02:11:50.897786Z","ask"
"0.2685","383.5","2024-06-14T02:11:50.897786Z","ask"
"0.2688","58.5","2024-06-14T02:11:50.897786Z","ask"
"0.2689","37337.4","2024-06-14T02:11:50.897786Z","ask"
"0.269","1058.1","2024-06-14T02:11:50.897786Z","ask"
"0.2691","454.8","2024-06-14T02:11:50.897786Z","ask"
"0.2693","227","2024-06-14T02:11:50.897786Z","ask"
"0.2699","90","2024-06-14T02:11:50.897786Z","ask"
"0.27","222268.7","2024-06-14T02:11:50.897786Z","ask"
"0.2701","58.2","2024-06-14T02:11:50.897786Z","ask"
"0.2705","2","2024-06-14T02:11:50.897786Z","ask"
"0.2708","622.3","2024-06-14T02:11:50.897786Z","ask"
"0.2711","124.9","2024-06-14T02:11:50.897786Z","ask"
"0.2714","75.9","2024-06-14T02:11:50.897786Z","ask"
"0.2715","57.9","2024-06-14T02:11:50.897786Z","ask"
"0.2719","25.9","2024-06-14T02:11:50.897786Z","ask"
"0.272","102","2024-06-14T02:11:50.897786Z","ask"
"0.2721","76.6","2024-06-14T02:11:50.897786Z","ask"
"0.2722","10.6","2024-06-14T02:11:50.897786Z","ask"
"0.2724","3102.6","2024-06-14T02:11:50.897786Z","ask"
"0.2728","22.1","2024-06-14T02:11:50.897786Z","ask"
"0.2729","282.3","2024-06-14T02:11:50.897786Z","ask"
"0.273","480.7","2024-06-14T02:11:50.897786Z","ask"
"0.2731","142.2","2024-06-14T02:11:50.897786Z","ask"
"0.2732","7.6","2024-06-14T02:11:50.897786Z","ask"
"0.2735","2","2024-06-14T02:11:50.897786Z","ask"
"0.2739","3001","2024-06-14T02:11:50.897786Z","ask"
"0.2742","57.3","2024-06-14T02:11:50.897786Z","ask"
"0.2745","1171.7","2024-06-14T02:11:50.897786Z","ask"
"0.2746","25","2024-06-14T02:11:50.897786Z","ask"
"0.2747","750","2024-06-14T02:11:50.897786Z","ask"
"0.2748","182","2024-06-14T02:11:50.897786Z","ask"
"0.2749","8.7","2024-06-14T02:11:50.897786Z","ask"
"0.275","10407.4","2024-06-14T02:11:50.897786Z","ask"
"0.2751","75.8","2024-06-14T02:11:50.897786Z","ask"
"0.2753","222.1","2024-06-14T02:11:50.897786Z","ask"
"0.2756","57","2024-06-14T02:11:50.897786Z","ask"
"0.276","2275.8","2024-06-14T02:11:50.897786Z","ask"
"0.2764","372.6","2024-06-14T02:11:50.897786Z","ask"
"0.2765","2","2024-06-14T02:11:50.897786Z","ask"
"0.2769","56.8","2024-06-14T02:11:50.897786Z","ask"
"0.277","122.2","2024-06-14T02:11:50.897786Z","ask"
"0.2776","23.6","2024-06-14T02:11:50.897786Z","ask"
"0.2777","67.7","2024-06-14T02:11:50.897786Z","ask"
"0.2778","861.2","2024-06-14T02:11:50.897786Z","ask"
"0.2779","2032.5","2024-06-14T02:11:50.897786Z","ask"
"0.278","12","2024-06-14T02:11:50.897786Z","ask"
"0.2781","1478.9","2024-06-14T02:11:50.897786Z","ask"
"0.2783","56.5","2024-06-14T02:11:50.897786Z","ask"
"0.2785","219.5","2024-06-14T02:11:50.897786Z","ask"
"0.279","225","2024-06-14T02:11:50.897786Z","ask"
"0.2791","25.7","2024-06-14T02:11:50.897786Z","ask"
"0.2792","50","2024-06-14T02:11:50.897786Z","ask"
"0.2795","29837","2024-06-14T02:11:50.897786Z","ask"
"0.2797","56.2","2024-06-14T02:11:50.897786Z","ask"
"0.2798","1000","2024-06-14T02:11:50.897786Z","ask"
"0.2799","1527.1","2024-06-14T02:11:50.897786Z","ask"
"0.28","213139.4","2024-06-14T02:11:50.897786Z","ask"
"0.2804","1188.3","2024-06-14T02:11:50.897786Z","ask"
"0.2807","1873.1","2024-06-14T02:11:50.897786Z","ask"
"0.281","1446.9","2024-06-14T02:11:50.897786Z","ask"
"0.2811","176.4","2024-06-14T02:11:50.897786Z","ask"
"0.2815","50","2024-06-14T02:11:50.897786Z","ask"
"0.2816","217.1","2024-06-14T02:11:50.897786Z","ask"
"0.2819","35.2","2024-06-14T02:11:50.897786Z","ask"
"0.282","7538","2024-06-14T02:11:50.897786Z","ask"
"0.2825","2","2024-06-14T02:11:50.897786Z","ask"
"0.283","50","2024-06-14T02:11:50.897786Z","ask"
"0.2831","119.6","2024-06-14T02:11:50.897786Z","ask"
"0.2834","7708.2","2024-06-14T02:11:50.897786Z","ask"
"0.2835","182.2","2024-06-14T02:11:50.897786Z","ask"
"0.284","343.7","2024-06-14T02:11:50.897786Z","ask"
"0.2844","362","2024-06-14T02:11:50.897786Z","ask"
"0.2847","50","2024-06-14T02:11:50.897786Z","ask"
"0.2848","214.7","2024-06-14T02:11:50.897786Z","ask"
"0.285","2200.9","2024-06-14T02:11:50.897786Z","ask"
"0.2852","118.7","2024-06-14T02:11:50.897786Z","ask"
"0.2853","183667.8","2024-06-14T02:11:50.897786Z","ask"
"0.2855","522","2024-06-14T02:11:50.897786Z","ask"
"0.2858","16","2024-06-14T02:11:50.897786Z","ask"
"0.2859","65.7","2024-06-14T02:11:50.897786Z","ask"
"0.286","1007.6","2024-06-14T02:11:50.897786Z","ask"
"0.287","2","2024-06-14T02:11:50.897786Z","ask"
"0.2872","117.8","2024-06-14T02:11:50.897786Z","ask"
"0.2875","2990.2","2024-06-14T02:11:50.897786Z","ask"
"0.2879","16542.6","2024-06-14T02:11:50.897786Z","ask"
"0.288","345","2024-06-14T02:11:50.897786Z","ask"
"0.2881","212.2","2024-06-14T02:11:50.897786Z","ask"
"0.2885","2","2024-06-14T02:11:50.897786Z","ask"
"0.2886","356.8","2024-06-14T02:11:50.897786Z","ask"
"0.2888","33","2024-06-14T02:11:50.897786Z","ask"
"0.2889","34.7","2024-06-14T02:11:50.897786Z","ask"
"0.289","173.5","2024-06-14T02:11:50.897786Z","ask"
"0.2893","117","2024-06-14T02:11:50.897786Z","ask"
"0.2895","50","2024-06-14T02:11:50.897786Z","ask"
"0.2896","53.4","2024-06-14T02:11:50.897786Z","ask"
"0.2899","268.8","2024-06-14T02:11:50.897786Z","ask"
"0.29","189094","2024-06-14T02:11:50.897786Z","ask"
"0.2905","3456.9","2024-06-14T02:11:50.897786Z","ask"
"0.2909","100","2024-06-14T02:11:50.897786Z","ask"
"0.291","39079.9","2024-06-14T02:11:50.897786Z","ask"
"0.2913","209.9","2024-06-14T02:11:50.897786Z","ask"
"0.2914","116.2","2024-06-14T02:11:50.897786Z","ask"
"0.2915","2","2024-06-14T02:11:50.897786Z","ask"
"0.2917","7.1","2024-06-14T02:11:50.897786Z","ask"
"0.292","20145.1","2024-06-14T02:11:50.897786Z","ask"
"0.2921","1279.6","2024-06-14T02:11:50.897786Z","ask"
"0.2924","7.3","2024-06-14T02:11:50.897786Z","ask"
"0.2925","500.2","2024-06-14T02:11:50.897786Z","ask"
"0.2927","1588.7","2024-06-14T02:11:50.897786Z","ask"
"0.2928","351.6","2024-06-14T02:11:50.897786Z","ask"
"0.2929","1000","2024-06-14T02:11:50.897786Z","ask"
"0.293","4353.8","2024-06-14T02:11:50.897786Z","ask"
"0.2933","409.1","2024-06-14T02:11:50.897786Z","ask"
"0.2934","900.2","2024-06-14T02:11:50.897786Z","ask"
"0.2936","915.3","2024-06-14T02:11:50.897786Z","ask"
"0.2939","1146.5","2024-06-14T02:11:50.897786Z","ask"
"0.294","6656.5","2024-06-14T02:11:50.897786Z","ask"
"0.2942","1000","2024-06-14T02:11:50.897786Z","ask"
"0.2944","300","2024-06-14T02:11:50.897786Z","ask"
"0.2945","207","2024-06-14T02:11:50.897786Z","ask"
"0.2946","207.5","2024-06-14T02:11:50.897786Z","ask"
"0.2948","1000","2024-06-14T02:11:50.897786Z","ask"
"0.295","110910.5","2024-06-14T02:11:50.897786Z","ask"
"0.2953","98.3","2024-06-14T02:11:50.897786Z","ask"
"0.2955","250","2024-06-14T02:11:50.897786Z","ask"
"0.2957","114.5","2024-06-14T02:11:50.897786Z","ask"
"0.296","12","2024-06-14T02:11:50.897786Z","ask"
"0.2961","1688.5","2024-06-14T02:11:50.897786Z","ask"
"0.2964","857.6","2024-06-14T02:11:50.897786Z","ask"
"0.2969","150","2024-06-14T02:11:50.897786Z","ask"
"0.297","2339.5","2024-06-14T02:11:50.897786Z","ask"
"0.2971","346.6","2024-06-14T02:11:50.897786Z","ask"
"0.2974","81446.5","2024-06-14T02:11:50.897786Z","ask"
"0.2975","2","2024-06-14T02:11:50.897786Z","ask"
"0.2976","500","2024-06-14T02:11:50.897786Z","ask"
"0.2978","113.6","2024-06-14T02:11:50.897786Z","ask"
"0.2979","212.1","2024-06-14T02:11:50.897786Z","ask"
"0.298","574.4","2024-06-14T02:11:50.897786Z","ask"
"0.2985","50","2024-06-14T02:11:50.897786Z","ask"
"0.2987","520.3","2024-06-14T02:11:50.897786Z","ask"
"0.2989","500","2024-06-14T02:11:50.897786Z","ask"
"0.299","1555.8","2024-06-14T02:11:50.897786Z","ask"
"0.2991","61.3","2024-06-14T02:11:50.897786Z","ask"
"0.2998","50","2024-06-14T02:11:50.897786Z","ask"
"0.2999","3577.4","2024-06-14T02:11:50.897786Z","ask"
"0.3","247895.9","2024-06-14T02:11:50.897786Z","ask"
"0.3001","16","2024-06-14T02:11:50.897786Z","ask"
"0.3003","62.6","2024-06-14T02:11:50.897786Z","ask"
"0.3005","2","2024-06-14T02:11:50.897786Z","ask"
"0.3006","193.5","2024-06-14T02:11:50.897786Z","ask"
"0.3013","602.8","2024-06-14T02:11:50.897786Z","ask"
"0.3014","341.6","2024-06-14T02:11:50.897786Z","ask"
"0.3015","829.1","2024-06-14T02:11:50.897786Z","ask"
"0.3018","15","2024-06-14T02:11:50.897786Z","ask"
"0.302","1302","2024-06-14T02:11:50.897786Z","ask"
"0.3021","112","2024-06-14T02:11:50.897786Z","ask"
"0.3026","49.8","2024-06-14T02:11:50.897786Z","ask"
"0.303","1198.4","2024-06-14T02:11:50.897786Z","ask"
"0.3032","833.6","2024-06-14T02:11:50.897786Z","ask"
"0.3035","2","2024-06-14T02:11:50.897786Z","ask"
"0.304","3351.1","2024-06-14T02:11:50.897786Z","ask"
"0.3042","111.2","2024-06-14T02:11:50.897786Z","ask"
"0.3047","200.7","2024-06-14T02:11:50.897786Z","ask"
"0.305","15955.6","2024-06-14T02:11:50.897786Z","ask"
"0.3054","2068.9","2024-06-14T02:11:50.897786Z","ask"
"0.3058","6893.3","2024-06-14T02:11:50.897786Z","ask"
"0.3062","552.5","2024-06-14T02:11:50.897786Z","ask"
"0.3064","110.5","2024-06-14T02:11:50.897786Z","ask"
"0.3065","252","2024-06-14T02:11:50.897786Z","ask"
"0.3066","1062.3","2024-06-14T02:11:50.897786Z","ask"
"0.3071","405","2024-06-14T02:11:50.897786Z","ask"
"0.3078","61","2024-06-14T02:11:50.897786Z","ask"
"0.308","695.4","2024-06-14T02:11:50.897786Z","ask"
"0.3081","198.4","2024-06-14T02:11:50.897786Z","ask"
"0.3085","50","2024-06-14T02:11:50.897786Z","ask"
"0.3086","109.7","2024-06-14T02:11:50.897786Z","ask"
"0.309","6563.2","2024-06-14T02:11:50.897786Z","ask"
"0.3095","18","2024-06-14T02:11:50.897786Z","ask"
"0.3097","250","2024-06-14T02:11:50.897786Z","ask"
"0.31","488279.6","2024-06-14T02:11:50.897786Z","ask"
"0.3103","331.8","2024-06-14T02:11:50.897786Z","ask"
"0.3108","283.6","2024-06-14T02:11:50.897786Z","ask"
"0.311","1102","2024-06-14T02:11:50.897786Z","ask"
"0.3111","680","2024-06-14T02:11:50.897786Z","ask"
"0.3112","10","2024-06-14T02:11:50.897786Z","ask"
"0.3116","196.2","2024-06-14T02:11:50.897786Z","ask"
"0.312","1747.9","2024-06-14T02:11:50.897786Z","ask"
"0.3122","561.7","2024-06-14T02:11:50.897786Z","ask"
"0.3125","2","2024-06-14T02:11:50.897786Z","ask"
"0.3129","1498.8","2024-06-14T02:11:50.897786Z","ask"
"0.313","108.1","2024-06-14T02:11:50.897786Z","ask"
"0.3135","8.8","2024-06-14T02:11:50.897786Z","ask"
"0.314","28200.1","2024-06-14T02:11:50.897786Z","ask"
"0.3141","75.8","2024-06-14T02:11:50.897786Z","ask"
"0.3144","400","2024-06-14T02:11:50.897786Z","ask"
"0.3148","352.1","2024-06-14T02:11:50.897786Z","ask"
"0.315","12543.8","2024-06-14T02:11:50.897786Z","ask"
"0.3151","194","2024-06-14T02:11:50.897786Z","ask"
"0.3152","107.4","2024-06-14T02:11:50.897786Z","ask"
"0.3153","405","2024-06-14T02:11:50.897786Z","ask"
"0.3154","59.6","2024-06-14T02:11:50.897786Z","ask"
"0.3155","2","2024-06-14T02:11:50.897786Z","ask"
"0.3159","6350","2024-06-14T02:11:50.897786Z","ask"
"0.316","631.5","2024-06-14T02:11:50.897786Z","ask"
"0.317","9","2024-06-14T02:11:50.897786Z","ask"
"0.3173","34.8","2024-06-14T02:11:50.897786Z","ask"
"0.3174","106.6","2024-06-14T02:11:50.897786Z","ask"
"0.3176","1375.5","2024-06-14T02:11:50.897786Z","ask"
"0.3177","562.4","2024-06-14T02:11:50.897786Z","ask"
"0.3184","534.4","2024-06-14T02:11:50.897786Z","ask"
"0.3185","282.7","2024-06-14T02:11:50.897786Z","ask"
"0.3186","191.9","2024-06-14T02:11:50.897786Z","ask"
"0.3189","12439.4","2024-06-14T02:11:50.897786Z","ask"
"0.319","7182.9","2024-06-14T02:11:50.897786Z","ask"
"0.3193","436.3","2024-06-14T02:11:50.897786Z","ask"
"0.3194","338.4","2024-06-14T02:11:50.897786Z","ask"
"0.3195","50","2024-06-14T02:11:50.897786Z","ask"
"0.3197","105.9","2024-06-14T02:11:50.897786Z","ask"
"0.32","616204.6","2024-06-14T02:11:50.897786Z","ask"
"0.3201","567.4","2024-06-14T02:11:50.897786Z","ask"
"0.3205","141","2024-06-14T02:11:50.897786Z","ask"
"0.3209","490.8","2024-06-14T02:11:50.897786Z","ask"
"0.321","1513","2024-06-14T02:11:50.897786Z","ask"
"0.3215","2","2024-06-14T02:11:50.897786Z","ask"
"0.3218","499.5","2024-06-14T02:11:50.897786Z","ask"
"0.3219","160.6","2024-06-14T02:11:50.897786Z","ask"
"0.322","207","2024-06-14T02:11:50.897786Z","ask"
"0.3222","238","2024-06-14T02:11:50.897786Z","ask"
"0.3225","324.2","2024-06-14T02:11:50.897786Z","ask"
"0.323","5848","2024-06-14T02:11:50.897786Z","ask"
"0.3233","251.5","2024-06-14T02:11:50.897786Z","ask"
"0.3234","76.6","2024-06-14T02:11:50.897786Z","ask"
"0.324","5055.8","2024-06-14T02:11:50.897786Z","ask"
"0.3243","104.4","2024-06-14T02:11:50.897786Z","ask"
"0.3245","2","2024-06-14T02:11:50.897786Z","ask"
"0.3248","334.6","2024-06-14T02:11:50.897786Z","ask"
"0.3249","1922.9","2024-06-14T02:11:50.897786Z","ask"
"0.325","64123.8","2024-06-14T02:11:50.897786Z","ask"
"0.3253","14.1","2024-06-14T02:11:50.897786Z","ask"
"0.3255","40.6","2024-06-14T02:11:50.897786Z","ask"
"0.3259","187.6","2024-06-14T02:11:50.897786Z","ask"
"0.326","1481.8","2024-06-14T02:11:50.897786Z","ask"
"0.3262","620.1","2024-06-14T02:11:50.897786Z","ask"
"0.3266","103.6","2024-06-14T02:11:50.897786Z","ask"
"0.327","130","2024-06-14T02:11:50.897786Z","ask"
"0.3271","200","2024-06-14T02:11:50.897786Z","ask"
"0.3273","272.5","2024-06-14T02:11:50.897786Z","ask"
"0.3275","28.1","2024-06-14T02:11:50.897786Z","ask"
"0.3277","668.2","2024-06-14T02:11:50.897786Z","ask"
"0.328","2023.1","2024-06-14T02:11:50.897786Z","ask"
"0.3283","1000","2024-06-14T02:11:50.897786Z","ask"
"0.3287","313.2","2024-06-14T02:11:50.897786Z","ask"
"0.329","3825.7","2024-06-14T02:11:50.897786Z","ask"
"0.3292","4003","2024-06-14T02:11:50.897786Z","ask"
"0.3294","224","2024-06-14T02:11:50.897786Z","ask"
"0.3295","223.7","2024-06-14T02:11:50.897786Z","ask"
"0.3296","930.8","2024-06-14T02:11:50.897786Z","ask"
"0.3297","189","2024-06-14T02:11:50.897786Z","ask"
"0.3299","4985.3","2024-06-14T02:11:50.897786Z","ask"
"0.33","244611.8","2024-06-14T02:11:50.897786Z","ask"
"0.3305","1419.2","2024-06-14T02:11:50.897786Z","ask"
"0.3308","50.8","2024-06-14T02:11:50.897786Z","ask"
"0.331","30.4","2024-06-14T02:11:50.897786Z","ask"
"0.3311","36.7","2024-06-14T02:11:50.897786Z","ask"
"0.3312","5","2024-06-14T02:11:50.897786Z","ask"
"0.3314","2268.7","2024-06-14T02:11:50.897786Z","ask"
"0.3315","50","2024-06-14T02:11:50.897786Z","ask"
"0.3316","20868.7","2024-06-14T02:11:50.897786Z","ask"
"0.332","1206.8","2024-06-14T02:11:50.897786Z","ask"
"0.3327","301.3","2024-06-14T02:11:50.897786Z","ask"
"0.3328","592","2024-06-14T02:11:50.897786Z","ask"
"0.333","7030.7","2024-06-14T02:11:50.897786Z","ask"
"0.3332","1488.4","2024-06-14T02:11:50.897786Z","ask"
"0.3333","1760","2024-06-14T02:11:50.897786Z","ask"
"0.3335","2","2024-06-14T02:11:50.897786Z","ask"
"0.3336","308.7","2024-06-14T02:11:50.897786Z","ask"
"0.334","1489","2024-06-14T02:11:50.897786Z","ask"
"0.3341","68","2024-06-14T02:11:50.897786Z","ask"
"0.3344","139.2","2024-06-14T02:11:50.897786Z","ask"
"0.3345","1246.5","2024-06-14T02:11:50.897786Z","ask"
"0.335","33365.7","2024-06-14T02:11:50.897786Z","ask"
"0.3355","37.2","2024-06-14T02:11:50.897786Z","ask"
"0.3361","10.4","2024-06-14T02:11:50.897786Z","ask"
"0.3365","2","2024-06-14T02:11:50.897786Z","ask"
"0.3366","2925.6","2024-06-14T02:11:50.897786Z","ask"
"0.3367","30","2024-06-14T02:11:50.897786Z","ask"
"0.3368","334.6","2024-06-14T02:11:50.897786Z","ask"
"0.3369","769","2024-06-14T02:11:50.897786Z","ask"
"0.337","10631.4","2024-06-14T02:11:50.897786Z","ask"
"0.3371","14.9","2024-06-14T02:11:50.897786Z","ask"
"0.3374","2500","2024-06-14T02:11:50.897786Z","ask"
"0.3375","100","2024-06-14T02:11:50.897786Z","ask"
"0.3376","100","2024-06-14T02:11:50.897786Z","ask"
"0.338","352","2024-06-14T02:11:50.897786Z","ask"
"0.3384","304.3","2024-06-14T02:11:50.897786Z","ask"
"0.3388","5","2024-06-14T02:11:50.897786Z","ask"
"0.339","7675.5","2024-06-14T02:11:50.897786Z","ask"
"0.3394","1572.2","2024-06-14T02:11:50.897786Z","ask"
"0.3395","2","2024-06-14T02:11:50.897786Z","ask"
"0.3396","31302.9","2024-06-14T02:11:50.897786Z","ask"
"0.3397","55.3","2024-06-14T02:11:50.897786Z","ask"
"0.3398","648","2024-06-14T02:11:50.897786Z","ask"
"0.3399","8.7","2024-06-14T02:11:50.897786Z","ask"
"0.34","137228.7","2024-06-14T02:11:50.897786Z","ask"
"0.3404","100","2024-06-14T02:11:50.897786Z","ask"
"0.3406","36801.8","2024-06-14T02:11:50.897786Z","ask"
"0.3407","388.2","2024-06-14T02:11:50.897786Z","ask"
"0.3408","350.2","2024-06-14T02:11:50.897786Z","ask"
"0.341","632.7","2024-06-14T02:11:50.897786Z","ask"
"0.3417","102.7","2024-06-14T02:11:50.897786Z","ask"
"0.3425","2","2024-06-14T02:11:50.897786Z","ask"
"0.3426","279","2024-06-14T02:11:50.897786Z","ask"
"0.343","1750","2024-06-14T02:11:50.897786Z","ask"
"0.3434","588.9","2024-06-14T02:11:50.897786Z","ask"
"0.344","2","2024-06-14T02:11:50.897786Z","ask"
"0.3443","19","2024-06-14T02:11:50.897786Z","ask"
"0.3444","433","2024-06-14T02:11:50.897786Z","ask"
"0.3445","50","2024-06-14T02:11:50.897786Z","ask"
"0.3447","58.4","2024-06-14T02:11:50.897786Z","ask"
"0.3449","289.8","2024-06-14T02:11:50.897786Z","ask"
"0.345","197.8","2024-06-14T02:11:50.897786Z","ask"
"0.3455","654.5","2024-06-14T02:11:50.897786Z","ask"
"0.3459","17.3","2024-06-14T02:11:50.897786Z","ask"
"0.346","276.4","2024-06-14T02:11:50.897786Z","ask"
"0.3466","20.1","2024-06-14T02:11:50.897786Z","ask"
"0.3467","6369.4","2024-06-14T02:11:50.897786Z","ask"
"0.3469","17","2024-06-14T02:11:50.897786Z","ask"
"0.347","2408","2024-06-14T02:11:50.897786Z","ask"
"0.3475","26.7","2024-06-14T02:11:50.897786Z","ask"
"0.3476","150","2024-06-14T02:11:50.897786Z","ask"
"0.3478","43.3","2024-06-14T02:11:50.897786Z","ask"
"0.348","157.7","2024-06-14T02:11:50.897786Z","ask"
"0.3481","57.4","2024-06-14T02:11:50.897786Z","ask"
"0.3482","54","2024-06-14T02:11:50.897786Z","ask"
"0.3484","14.5","2024-06-14T02:11:50.897786Z","ask"
"0.3485","2","2024-06-14T02:11:50.897786Z","ask"
"0.3489","1574.6","2024-06-14T02:11:50.897786Z","ask"
"0.349","2926.4","2024-06-14T02:11:50.897786Z","ask"
"0.3498","20025","2024-06-14T02:11:50.897786Z","ask"
"0.3499","23","2024-06-14T02:11:50.897786Z","ask"
"0.35","5498945.9","2024-06-14T02:11:50.897786Z","ask"
"0.3501","2069.9","2024-06-14T02:11:50.897786Z","ask"
"0.3506","472.8","2024-06-14T02:11:50.897786Z","ask"
"0.351","285.1","2024-06-14T02:11:50.897786Z","ask"
"0.3512","750.5","2024-06-14T02:11:50.897786Z","ask"
"0.3515","9869.5","2024-06-14T02:11:50.897786Z","ask"
"0.352","42.9","2024-06-14T02:11:50.897786Z","ask"
"0.3525","3014","2024-06-14T02:11:50.897786Z","ask"
"0.3529","205","2024-06-14T02:11:50.897786Z","ask"
"0.3535","54432.8","2024-06-14T02:11:50.897786Z","ask"
"0.354","1028.5","2024-06-14T02:11:50.897786Z","ask"
"0.3547","8369.5","2024-06-14T02:11:50.897786Z","ask"
"0.355","2278.7","2024-06-14T02:11:50.897786Z","ask"
"0.3555","33","2024-06-14T02:11:50.897786Z","ask"
"0.356","4152.5","2024-06-14T02:11:50.897786Z","ask"
"0.3569","52.6","2024-06-14T02:11:50.897786Z","ask"
"0.3577","28","2024-06-14T02:11:50.897786Z","ask"
"0.3584","140.5","2024-06-14T02:11:50.897786Z","ask"
"0.3585","50","2024-06-14T02:11:50.897786Z","ask"
"0.3588","1000","2024-06-14T02:11:50.897786Z","ask"
"0.359","363.2","2024-06-14T02:11:50.897786Z","ask"
"0.36","523116.8","2024-06-14T02:11:50.897786Z","ask"
"0.3601","14","2024-06-14T02:11:50.897786Z","ask"
"0.3603","9","2024-06-14T02:11:50.897786Z","ask"
"0.3604","100","2024-06-14T02:11:50.897786Z","ask"
"0.3613","5584.4","2024-06-14T02:11:50.897786Z","ask"
"0.3618","2000","2024-06-14T02:11:50.897786Z","ask"
"0.362","1000","2024-06-14T02:11:50.897786Z","ask"
"0.3625","300","2024-06-14T02:11:50.897786Z","ask"
"0.3627","1895","2024-06-14T02:11:50.897786Z","ask"
"0.363","2326.4","2024-06-14T02:11:50.897786Z","ask"
"0.364","1654.2","2024-06-14T02:11:50.897786Z","ask"
"0.365","14357.7","2024-06-14T02:11:50.897786Z","ask"
"0.3657","51.4","2024-06-14T02:11:50.897786Z","ask"
"0.3665","414.2","2024-06-14T02:11:50.897786Z","ask"
"0.3666","33","2024-06-14T02:11:50.897786Z","ask"
"0.3673","2739.6","2024-06-14T02:11:50.897786Z","ask"
"0.368","100","2024-06-14T02:11:50.897786Z","ask"
"0.3688","1359.2","2024-06-14T02:11:50.897786Z","ask"
"0.369","34881.2","2024-06-14T02:11:50.897786Z","ask"
"0.37","24645.5","2024-06-14T02:11:50.897786Z","ask"
"0.3711","1000","2024-06-14T02:11:50.897786Z","ask"
"0.372","48914.6","2024-06-14T02:11:50.897786Z","ask"
"0.3722","13.5","2024-06-14T02:11:50.897786Z","ask"
"0.3723","3000","2024-06-14T02:11:50.897786Z","ask"
"0.3727","987.2","2024-06-14T02:11:50.897786Z","ask"
"0.3728","650","2024-06-14T02:11:50.897786Z","ask"
"0.3735","50","2024-06-14T02:11:50.897786Z","ask"
"0.3739","5000","2024-06-14T02:11:50.897786Z","ask"
"0.374","576.1","2024-06-14T02:11:50.897786Z","ask"
"0.3742","500","2024-06-14T02:11:50.897786Z","ask"
"0.3744","994.2","2024-06-14T02:11:50.897786Z","ask"
"0.3747","172","2024-06-14T02:11:50.897786Z","ask"
"0.3748","50.1","2024-06-14T02:11:50.897786Z","ask"
"0.3749","200","2024-06-14T02:11:50.897786Z","ask"
"0.375","1911","2024-06-14T02:11:50.897786Z","ask"
"0.3759","128.3","2024-06-14T02:11:50.897786Z","ask"
"0.3768","11.2","2024-06-14T02:11:50.897786Z","ask"
"0.377","2750","2024-06-14T02:11:50.897786Z","ask"
"0.3774","61.1","2024-06-14T02:11:50.897786Z","ask"
"0.3776","132.3","2024-06-14T02:11:50.897786Z","ask"
"0.3777","33","2024-06-14T02:11:50.897786Z","ask"
"0.379","1307.8","2024-06-14T02:11:50.897786Z","ask"
"0.3792","143.3","2024-06-14T02:11:50.897786Z","ask"
"0.38","43937.8","2024-06-14T02:11:50.897786Z","ask"
"0.3802","34.8","2024-06-14T02:11:50.897786Z","ask"
"0.3804","100","2024-06-14T02:11:50.897786Z","ask"
"0.3808","5516.9","2024-06-14T02:11:50.897786Z","ask"
"0.3825","1000","2024-06-14T02:11:50.897786Z","ask"
"0.3834","6348.7","2024-06-14T02:11:50.897786Z","ask"
"0.3838","1000","2024-06-14T02:11:50.897786Z","ask"
"0.3841","48.9","2024-06-14T02:11:50.897786Z","ask"
"0.3842","5","2024-06-14T02:11:50.897786Z","ask"
"0.3844","655","2024-06-14T02:11:50.897786Z","ask"
"0.3847","13.1","2024-06-14T02:11:50.897786Z","ask"
"0.385","7009.5","2024-06-14T02:11:50.897786Z","ask"
"0.3852","5690.4","2024-06-14T02:11:50.897786Z","ask"
"0.3855","9671.7","2024-06-14T02:11:50.897786Z","ask"
"0.3858","87.7","2024-06-14T02:11:50.897786Z","ask"
"0.3863","11.6","2024-06-14T02:11:50.897786Z","ask"
"0.3864","12867","2024-06-14T02:11:50.897786Z","ask"
"0.388","49072.3","2024-06-14T02:11:50.897786Z","ask"
"0.3885","50","2024-06-14T02:11:50.897786Z","ask"
"0.3887","3200","2024-06-14T02:11:50.897786Z","ask"
"0.3888","33","2024-06-14T02:11:50.897786Z","ask"
"0.389","426","2024-06-14T02:11:50.897786Z","ask"
"0.3894","1500","2024-06-14T02:11:50.897786Z","ask"
"0.39","228362.8","2024-06-14T02:11:50.897786Z","ask"
"0.391","261","2024-06-14T02:11:50.897786Z","ask"
"0.3912","100000","2024-06-14T02:11:50.897786Z","ask"
"0.3915","129","2024-06-14T02:11:50.897786Z","ask"
"0.3918","798.4","2024-06-14T02:11:50.897786Z","ask"
"0.392","114.1","2024-06-14T02:11:50.897786Z","ask"
"0.3926","200000","2024-06-14T02:11:50.897786Z","ask"
"0.393","135","2024-06-14T02:11:50.897786Z","ask"
"0.3933","51.2","2024-06-14T02:11:50.897786Z","ask"
"0.3937","47.7","2024-06-14T02:11:50.897786Z","ask"
"0.3939","57000","2024-06-14T02:11:50.897786Z","ask"
"0.394","300","2024-06-14T02:11:50.897786Z","ask"
"0.3942","4822.8","2024-06-14T02:11:50.897786Z","ask"
"0.3944","500","2024-06-14T02:11:50.897786Z","ask"
"0.3946","513.3","2024-06-14T02:11:50.897786Z","ask"
"0.395","458.8","2024-06-14T02:11:50.897786Z","ask"
"0.396","3879.2","2024-06-14T02:11:50.897786Z","ask"
"0.3962","5.9","2024-06-14T02:11:50.897786Z","ask"
"0.3965","1197.2","2024-06-14T02:11:50.897786Z","ask"
"0.3967","278.7","2024-06-14T02:11:50.897786Z","ask"
"0.3969","84","2024-06-14T02:11:50.897786Z","ask"
"0.397","755.7","2024-06-14T02:11:50.897786Z","ask"
"0.3976","12.7","2024-06-14T02:11:50.897786Z","ask"
"0.398","154.5","2024-06-14T02:11:50.897786Z","ask"
"0.3984","636","2024-06-14T02:11:50.897786Z","ask"
"0.3989","1418.6","2024-06-14T02:11:50.897786Z","ask"
"0.399","229.1","2024-06-14T02:11:50.897786Z","ask"
"0.3992","250.5","2024-06-14T02:11:50.897786Z","ask"
"0.3997","18234.5","2024-06-14T02:11:50.897786Z","ask"
"0.3998","1000","2024-06-14T02:11:50.897786Z","ask"
"0.3999","533","2024-06-14T02:11:50.897786Z","ask"
"0.4","1097238.8","2024-06-14T02:11:50.897786Z","ask"
"0.4019","1363.3","2024-06-14T02:11:50.897786Z","ask"
"0.4022","160.2","2024-06-14T02:11:50.897786Z","ask"
"0.4025","2000","2024-06-14T02:11:50.897786Z","ask"
"0.403","250","2024-06-14T02:11:50.897786Z","ask"
"0.4035","46.6","2024-06-14T02:11:50.897786Z","ask"
"0.404","666","2024-06-14T02:11:50.897786Z","ask"
"0.4042","12.5","2024-06-14T02:11:50.897786Z","ask"
"0.4047","2267.3","2024-06-14T02:11:50.897786Z","ask"
"0.405","20.8","2024-06-14T02:11:50.897786Z","ask"
"0.4052","689.7","2024-06-14T02:11:50.897786Z","ask"
"0.4056","1014.2","2024-06-14T02:11:50.897786Z","ask"
"0.4062","244.7","2024-06-14T02:11:50.897786Z","ask"
"0.4076","34.6","2024-06-14T02:11:50.897786Z","ask"
"0.4085","50","2024-06-14T02:11:50.897786Z","ask"
"0.4091","8642.8","2024-06-14T02:11:50.897786Z","ask"
"0.41","26032.8","2024-06-14T02:11:50.897786Z","ask"
"0.411","1231.9","2024-06-14T02:11:50.897786Z","ask"
"0.4111","33","2024-06-14T02:11:50.897786Z","ask"
"0.413","240","2024-06-14T02:11:50.897786Z","ask"
"0.4137","45.4","2024-06-14T02:11:50.897786Z","ask"
"0.4144","1500","2024-06-14T02:11:50.897786Z","ask"
"0.4145","1059.7","2024-06-14T02:11:50.897786Z","ask"
"0.415","3057.5","2024-06-14T02:11:50.897786Z","ask"
"0.418","960.8","2024-06-14T02:11:50.897786Z","ask"
"0.4183","48.1","2024-06-14T02:11:50.897786Z","ask"
"0.4186","11","2024-06-14T02:11:50.897786Z","ask"
"0.419","24","2024-06-14T02:11:50.897786Z","ask"
"0.4195","119.1","2024-06-14T02:11:50.897786Z","ask"
"0.4196","40.5","2024-06-14T02:11:50.897786Z","ask"
"0.4197","477.8","2024-06-14T02:11:50.897786Z","ask"
"0.42","73472.4","2024-06-14T02:11:50.897786Z","ask"
"0.4207","59.6","2024-06-14T02:11:50.897786Z","ask"
"0.4213","1231.6","2024-06-14T02:11:50.897786Z","ask"
"0.4214","200","2024-06-14T02:11:50.897786Z","ask"
"0.4222","33","2024-06-14T02:11:50.897786Z","ask"
"0.4227","1233.2","2024-06-14T02:11:50.897786Z","ask"
"0.4232","6.2","2024-06-14T02:11:50.897786Z","ask"
"0.4239","44.3","2024-06-14T02:11:50.897786Z","ask"
"0.4247","65.4","2024-06-14T02:11:50.897786Z","ask"
"0.4248","811.9","2024-06-14T02:11:50.897786Z","ask"
"0.425","25.3","2024-06-14T02:11:50.897786Z","ask"
"0.426","250","2024-06-14T02:11:50.897786Z","ask"
"0.428","175","2024-06-14T02:11:50.897786Z","ask"
"0.4285","50","2024-06-14T02:11:50.897786Z","ask"
"0.429","750","2024-06-14T02:11:50.897786Z","ask"
"0.4292","500","2024-06-14T02:11:50.897786Z","ask"
"0.4294","3063.8","2024-06-14T02:11:50.897786Z","ask"
"0.4295","5310.4","2024-06-14T02:11:50.897786Z","ask"
"0.43","51822.9","2024-06-14T02:11:50.897786Z","ask"
"0.4315","92.5","2024-06-14T02:11:50.897786Z","ask"
"0.432","12439.4","2024-06-14T02:11:50.897786Z","ask"
"0.433","462.3","2024-06-14T02:11:50.897786Z","ask"
"0.4331","53.4","2024-06-14T02:11:50.897786Z","ask"
"0.4333","33","2024-06-14T02:11:50.897786Z","ask"
"0.434","2012.8","2024-06-14T02:11:50.897786Z","ask"
"0.4345","4368.9","2024-06-14T02:11:50.897786Z","ask"
"0.435","1200","2024-06-14T02:11:50.897786Z","ask"
"0.439","23.1","2024-06-14T02:11:50.897786Z","ask"
"0.4391","11.5","2024-06-14T02:11:50.897786Z","ask"
"0.4397","914","2024-06-14T02:11:50.897786Z","ask"
"0.4399","937.4","2024-06-14T02:11:50.897786Z","ask"
"0.44","76512","2024-06-14T02:11:50.897786Z","ask"
"0.4402","2275.2","2024-06-14T02:11:50.897786Z","ask"
"0.4404","100","2024-06-14T02:11:50.897786Z","ask"
"0.4406","90.8","2024-06-14T02:11:50.897786Z","ask"
"0.441","1136.7","2024-06-14T02:11:50.897786Z","ask"
"0.4412","2600","2024-06-14T02:11:50.897786Z","ask"
"0.442","150","2024-06-14T02:11:50.897786Z","ask"
"0.444","100075","2024-06-14T02:11:50.897786Z","ask"
"0.4444","21567","2024-06-14T02:11:50.897786Z","ask"
"0.4447","3199.9","2024-06-14T02:11:50.897786Z","ask"
"0.445","709.3","2024-06-14T02:11:50.897786Z","ask"
"0.4451","414.2","2024-06-14T02:11:50.897786Z","ask"
"0.4454","42.2","2024-06-14T02:11:50.897786Z","ask"
"0.4459","12962.2","2024-06-14T02:11:50.897786Z","ask"
"0.446","25","2024-06-14T02:11:50.897786Z","ask"
"0.4461","15","2024-06-14T02:11:50.897786Z","ask"
"0.4472","500","2024-06-14T02:11:50.897786Z","ask"
"0.4476","200","2024-06-14T02:11:50.897786Z","ask"
"0.4477","8506.1","2024-06-14T02:11:50.897786Z","ask"
"0.4485","50","2024-06-14T02:11:50.897786Z","ask"
"0.4489","1500","2024-06-14T02:11:50.897786Z","ask"
"0.449","739.1","2024-06-14T02:11:50.897786Z","ask"
"0.45","185131.3","2024-06-14T02:11:50.897786Z","ask"
"0.452","654.4","2024-06-14T02:11:50.897786Z","ask"
"0.4527","200","2024-06-14T02:11:50.897786Z","ask"
"0.453","268","2024-06-14T02:11:50.897786Z","ask"
"0.4533","3355.2","2024-06-14T02:11:50.897786Z","ask"
"0.4537","572.4","2024-06-14T02:11:50.897786Z","ask"
"0.4539","11.1","2024-06-14T02:11:50.897786Z","ask"
"0.455","5726.4","2024-06-14T02:11:50.897786Z","ask"
"0.4555","33","2024-06-14T02:11:50.897786Z","ask"
"0.456","5","2024-06-14T02:11:50.897786Z","ask"
"0.4564","41.2","2024-06-14T02:11:50.897786Z","ask"
"0.457","200","2024-06-14T02:11:50.897786Z","ask"
"0.4575","350","2024-06-14T02:11:50.897786Z","ask"
"0.4577","22177","2024-06-14T02:11:50.897786Z","ask"
"0.458","3349.8","2024-06-14T02:11:50.897786Z","ask"
"0.4585","1059.8","2024-06-14T02:11:50.897786Z","ask"
"0.459","5.1","2024-06-14T02:11:50.897786Z","ask"
"0.46","21313.2","2024-06-14T02:11:50.897786Z","ask"
"0.4601","5970.1","2024-06-14T02:11:50.897786Z","ask"
"0.4615","2178.5","2024-06-14T02:11:50.897786Z","ask"
"0.4616","5415.9","2024-06-14T02:11:50.897786Z","ask"
"0.4637","563","2024-06-14T02:11:50.897786Z","ask"
"0.4645","217.2","2024-06-14T02:11:50.897786Z","ask"
"0.465","101.1","2024-06-14T02:11:50.897786Z","ask"
"0.4656","875.9","2024-06-14T02:11:50.897786Z","ask"
"0.466","10464.7","2024-06-14T02:11:50.897786Z","ask"
"0.4661","107.2","2024-06-14T02:11:50.897786Z","ask"
"0.4666","33","2024-06-14T02:11:50.897786Z","ask"
"0.4678","40.2","2024-06-14T02:11:50.897786Z","ask"
"0.4685","50","2024-06-14T02:11:50.897786Z","ask"
"0.4692","10.7","2024-06-14T02:11:50.897786Z","ask"
"0.47","23265.9","2024-06-14T02:11:50.897786Z","ask"
"0.4732","1985.8","2024-06-14T02:11:50.897786Z","ask"
"0.4744","500","2024-06-14T02:11:50.897786Z","ask"
"0.4745","34.8","2024-06-14T02:11:50.897786Z","ask"
"0.4748","900","2024-06-14T02:11:50.897786Z","ask"
"0.475","500","2024-06-14T02:11:50.897786Z","ask"
"0.4752","200","2024-06-14T02:11:50.897786Z","ask"
"0.4756","245","2024-06-14T02:11:50.897786Z","ask"
"0.476","106.5","2024-06-14T02:11:50.897786Z","ask"
"0.4774","1000","2024-06-14T02:11:50.897786Z","ask"
"0.4777","5033","2024-06-14T02:11:50.897786Z","ask"
"0.4795","39.2","2024-06-14T02:11:50.897786Z","ask"
"0.48","48595.4","2024-06-14T02:11:50.897786Z","ask"
"0.4804","100","2024-06-14T02:11:50.897786Z","ask"
"0.481","416.1","2024-06-14T02:11:50.897786Z","ask"
"0.4812","5","2024-06-14T02:11:50.897786Z","ask"
"0.4825","105","2024-06-14T02:11:50.897786Z","ask"
"0.4847","129863.9","2024-06-14T02:11:50.897786Z","ask"
"0.4849","10.4","2024-06-14T02:11:50.897786Z","ask"
"0.486","210","2024-06-14T02:11:50.897786Z","ask"
"0.4862","31","2024-06-14T02:11:50.897786Z","ask"
"0.4877","20000","2024-06-14T02:11:50.897786Z","ask"
"0.4883","428.7","2024-06-14T02:11:50.897786Z","ask"
"0.4885","50","2024-06-14T02:11:50.897786Z","ask"
"0.4888","2081.8","2024-06-14T02:11:50.897786Z","ask"
"0.4889","900","2024-06-14T02:11:50.897786Z","ask"
"0.4895","1686.6","2024-06-14T02:11:50.897786Z","ask"
"0.4896","900.5","2024-06-14T02:11:50.897786Z","ask"
"0.49","93400.7","2024-06-14T02:11:50.897786Z","ask"
"0.4901","82.1","2024-06-14T02:11:50.897786Z","ask"
"0.4904","100","2024-06-14T02:11:50.897786Z","ask"
"0.4915","38.2","2024-06-14T02:11:50.897786Z","ask"
"0.4939","302.5","2024-06-14T02:11:50.897786Z","ask"
"0.4944","500","2024-06-14T02:11:50.897786Z","ask"
"0.4948","568","2024-06-14T02:11:50.897786Z","ask"
"0.4949","500","2024-06-14T02:11:50.897786Z","ask"
"0.495","5509","2024-06-14T02:11:50.897786Z","ask"
"0.4951","26.7","2024-06-14T02:11:50.897786Z","ask"
"0.4975","499","2024-06-14T02:11:50.897786Z","ask"
"0.498","100.4","2024-06-14T02:11:50.897786Z","ask"
"0.4999","102.1","2024-06-14T02:11:50.897786Z","ask"
"0.5","530450.9","2024-06-14T02:11:50.897786Z","ask"
"0.5012","10.1","2024-06-14T02:11:50.897786Z","ask"
"0.5035","200","2024-06-14T02:11:50.897786Z","ask"
"0.5036","37.3","2024-06-14T02:11:50.897786Z","ask"
"0.5085","50","2024-06-14T02:11:50.897786Z","ask"
"0.5089","9533.3","2024-06-14T02:11:50.897786Z","ask"
"0.5094","1177.8","2024-06-14T02:11:50.897786Z","ask"
"0.51","15782.9","2024-06-14T02:11:50.897786Z","ask"
"0.5111","33","2024-06-14T02:11:50.897786Z","ask"
"0.512","49.1","2024-06-14T02:11:50.897786Z","ask"
"0.513","251.3","2024-06-14T02:11:50.897786Z","ask"
"0.5133","15927.5","2024-06-14T02:11:50.897786Z","ask"
"0.5155","1944.8","2024-06-14T02:11:50.897786Z","ask"
"0.5161","107.5","2024-06-14T02:11:50.897786Z","ask"
"0.5179","96.5","2024-06-14T02:11:50.897786Z","ask"
"0.5181","9.7","2024-06-14T02:11:50.897786Z","ask"
"0.52","271032.1","2024-06-14T02:11:50.897786Z","ask"
"0.5204","100","2024-06-14T02:11:50.897786Z","ask"
"0.5216","150","2024-06-14T02:11:50.897786Z","ask"
"0.522","195","2024-06-14T02:11:50.897786Z","ask"
"0.5222","33","2024-06-14T02:11:50.897786Z","ask"
"0.5238","414.2","2024-06-14T02:11:50.897786Z","ask"
"0.524","122","2024-06-14T02:11:50.897786Z","ask"
"0.5244","500","2024-06-14T02:11:50.897786Z","ask"
"0.525","160","2024-06-14T02:11:50.897786Z","ask"
"0.528","379.8","2024-06-14T02:11:50.897786Z","ask"
"0.53","10390.9","2024-06-14T02:11:50.897786Z","ask"
"0.5333","33","2024-06-14T02:11:50.897786Z","ask"
"0.534","374.8","2024-06-14T02:11:50.897786Z","ask"
"0.5345","400","2024-06-14T02:11:50.897786Z","ask"
"0.5355","9.4","2024-06-14T02:11:50.897786Z","ask"
"0.5399","10","2024-06-14T02:11:50.897786Z","ask"
"0.54","14085.7","2024-06-14T02:11:50.897786Z","ask"
"0.541","3137.6","2024-06-14T02:11:50.897786Z","ask"
"0.5418","1300","2024-06-14T02:11:50.897786Z","ask"
"0.542","317","2024-06-14T02:11:50.897786Z","ask"
"0.544","185","2024-06-14T02:11:50.897786Z","ask"
"0.547","119.6","2024-06-14T02:11:50.897786Z","ask"
"0.5478","75.7","2024-06-14T02:11:50.897786Z","ask"
"0.548","529.6","2024-06-14T02:11:50.897786Z","ask"
"0.5487","20080","2024-06-14T02:11:50.897786Z","ask"
"0.55","69335.3","2024-06-14T02:11:50.897786Z","ask"
"0.5515","234","2024-06-14T02:11:50.897786Z","ask"
"0.5517","605","2024-06-14T02:11:50.897786Z","ask"
"0.5534","9.1","2024-06-14T02:11:50.897786Z","ask"
"0.554","1816","2024-06-14T02:11:50.897786Z","ask"
"0.5555","5","2024-06-14T02:11:50.897786Z","ask"
"0.56","2995.5","2024-06-14T02:11:50.897786Z","ask"
"0.5633","46","2024-06-14T02:11:50.897786Z","ask"
"0.565","89","2024-06-14T02:11:50.897786Z","ask"
"0.5665","30","2024-06-14T02:11:50.897786Z","ask"
"0.567","5.5","2024-06-14T02:11:50.897786Z","ask"
"0.5695","265","2024-06-14T02:11:50.897786Z","ask"
"0.5699","1024.8","2024-06-14T02:11:50.897786Z","ask"
"0.572","8.8","2024-06-14T02:11:50.897786Z","ask"
"0.5755","86.8","2024-06-14T02:11:50.897786Z","ask"
"0.578","500","2024-06-14T02:11:50.897786Z","ask"
"0.5782","2725.1","2024-06-14T02:11:50.897786Z","ask"
"0.579","5356.5","2024-06-14T02:11:50.897786Z","ask"
"0.58","44752.1","2024-06-14T02:11:50.897786Z","ask"
"0.5872","700","2024-06-14T02:11:50.897786Z","ask"
"0.588","256","2024-06-14T02:11:50.897786Z","ask"
"0.5893","4278.1","2024-06-14T02:11:50.897786Z","ask"
"0.5894","1543","2024-06-14T02:11:50.897786Z","ask"
"0.5898","500","2024-06-14T02:11:50.897786Z","ask"
"0.59","3234.1","2024-06-14T02:11:50.897786Z","ask"
"0.5912","8.5","2024-06-14T02:11:50.897786Z","ask"
"0.5916","395.2","2024-06-14T02:11:50.897786Z","ask"
"0.593","337.6","2024-06-14T02:11:50.897786Z","ask"
"0.5949","200","2024-06-14T02:11:50.897786Z","ask"
"0.595","450","2024-06-14T02:11:50.897786Z","ask"
"0.5985","3988.1","2024-06-14T02:11:50.897786Z","ask"
"0.5987","13.4","2024-06-14T02:11:50.897786Z","ask"
"0.5989","6674.4","2024-06-14T02:11:50.897786Z","ask"
"0.6","107386.7","2024-06-14T02:11:50.897786Z","ask"
"0.6012","48.5","2024-06-14T02:11:50.897786Z","ask"
"0.6025","414.2","2024-06-14T02:11:50.897786Z","ask"
"0.6035","1000","2024-06-14T02:11:50.897786Z","ask"
"0.6048","50","2024-06-14T02:11:50.897786Z","ask"
"0.605","6","2024-06-14T02:11:50.897786Z","ask"
"0.6053","53","2024-06-14T02:11:50.897786Z","ask"
"0.6085","26408.9","2024-06-14T02:11:50.897786Z","ask"
"0.61","6888.5","2024-06-14T02:11:50.897786Z","ask"
"0.611","8.3","2024-06-14T02:11:50.897786Z","ask"
"0.6138","200","2024-06-14T02:11:50.897786Z","ask"
"0.614","38.3","2024-06-14T02:11:50.897786Z","ask"
"0.618","24292","2024-06-14T02:11:50.897786Z","ask"
"0.62","29411.8","2024-06-14T02:11:50.897786Z","ask"
"0.625","170","2024-06-14T02:11:50.897786Z","ask"
"0.63","151308.5","2024-06-14T02:11:50.897786Z","ask"
"0.6317","8","2024-06-14T02:11:50.897786Z","ask"
"0.6342","30","2024-06-14T02:11:50.897786Z","ask"
"0.6394","78.1","2024-06-14T02:11:50.897786Z","ask"
"0.64","9476.8","2024-06-14T02:11:50.897786Z","ask"
"0.6432","1588.4","2024-06-14T02:11:50.897786Z","ask"
"0.6471","400","2024-06-14T02:11:50.897786Z","ask"
"0.6489","1232.4","2024-06-14T02:11:50.897786Z","ask"
"0.649","893.7","2024-06-14T02:11:50.897786Z","ask"
"0.65","94669.9","2024-06-14T02:11:50.897786Z","ask"
"0.653","7.7","2024-06-14T02:11:50.897786Z","ask"
"0.654","109","2024-06-14T02:11:50.897786Z","ask"
"0.6542","37.3","2024-06-14T02:11:50.897786Z","ask"
"0.6574","4888.3","2024-06-14T02:11:50.897786Z","ask"
"0.658","456.3","2024-06-14T02:11:50.897786Z","ask"
"0.6585","2000","2024-06-14T02:11:50.897786Z","ask"
"0.659","1012","2024-06-14T02:11:50.897786Z","ask"
"0.66","225996.5","2024-06-14T02:11:50.897786Z","ask"
"0.6603","30","2024-06-14T02:11:50.897786Z","ask"
"0.662","7237.9","2024-06-14T02:11:50.897786Z","ask"
"0.6631","34.6","2024-06-14T02:11:50.897786Z","ask"
"0.6636","11235.8","2024-06-14T02:11:50.897786Z","ask"
"0.6653","9808","2024-06-14T02:11:50.897786Z","ask"
"0.666","433.8","2024-06-14T02:11:50.897786Z","ask"
"0.6663","5563.4","2024-06-14T02:11:50.897786Z","ask"
"0.6666","12246.6","2024-06-14T02:11:50.897786Z","ask"
"0.6669","6592.5","2024-06-14T02:11:50.897786Z","ask"
"0.667","2982.1","2024-06-14T02:11:50.897786Z","ask"
"0.668","15.2","2024-06-14T02:11:50.897786Z","ask"
"0.669","338.3","2024-06-14T02:11:50.897786Z","ask"
"0.67","14586.6","2024-06-14T02:11:50.897786Z","ask"
"0.6731","91.8","2024-06-14T02:11:50.897786Z","ask"
"0.6734","38","2024-06-14T02:11:50.897786Z","ask"
"0.6735","1500","2024-06-14T02:11:50.897786Z","ask"
"0.6747","1372.5","2024-06-14T02:11:50.897786Z","ask"
"0.6748","7.5","2024-06-14T02:11:50.897786Z","ask"
"0.675","2697.6","2024-06-14T02:11:50.897786Z","ask"
"0.6753","21","2024-06-14T02:11:50.897786Z","ask"
"0.6766","233","2024-06-14T02:11:50.897786Z","ask"
"0.68","377146.1","2024-06-14T02:11:50.897786Z","ask"
"0.6805","10971.6","2024-06-14T02:11:50.897786Z","ask"
"0.6812","716.6","2024-06-14T02:11:50.897786Z","ask"
"0.683","15055.2","2024-06-14T02:11:50.897786Z","ask"
"0.687","18","2024-06-14T02:11:50.897786Z","ask"
"0.688","300","2024-06-14T02:11:50.897786Z","ask"
"0.6887","1861.5","2024-06-14T02:11:50.897786Z","ask"
"0.6894","2000","2024-06-14T02:11:50.897786Z","ask"
"0.6899","4311.4","2024-06-14T02:11:50.897786Z","ask"
"0.69","42168.3","2024-06-14T02:11:50.897786Z","ask"
"0.6914","982.5","2024-06-14T02:11:50.897786Z","ask"
"0.6919","26.5","2024-06-14T02:11:50.897786Z","ask"
"0.6936","2267.3","2024-06-14T02:11:50.897786Z","ask"
"0.6945","4320","2024-06-14T02:11:50.897786Z","ask"
"0.6949","2129","2024-06-14T02:11:50.897786Z","ask"
"0.695","7305","2024-06-14T02:11:50.897786Z","ask"
"0.6964","133.3","2024-06-14T02:11:50.897786Z","ask"
"0.6969","1426.3","2024-06-14T02:11:50.897786Z","ask"
"0.6971","500","2024-06-14T02:11:50.897786Z","ask"
"0.698","120","2024-06-14T02:11:50.897786Z","ask"
"0.6987","1000","2024-06-14T02:11:50.897786Z","ask"
"0.699","215.8","2024-06-14T02:11:50.897786Z","ask"
"0.7","540899.1","2024-06-14T02:11:50.897786Z","ask"
"0.7025","100","2024-06-14T02:11:50.897786Z","ask"
"0.705","5","2024-06-14T02:11:50.897786Z","ask"
"0.71","54701.7","2024-06-14T02:11:50.897786Z","ask"
"0.7105","70.3","2024-06-14T02:11:50.897786Z","ask"
"0.7148","9034","2024-06-14T02:11:50.897786Z","ask"
"0.715","6","2024-06-14T02:11:50.897786Z","ask"
"0.7166","403.2","2024-06-14T02:11:50.897786Z","ask"
"0.7177","2059","2024-06-14T02:11:50.897786Z","ask"
"0.7188","1047.6","2024-06-14T02:11:50.897786Z","ask"
"0.72","31943","2024-06-14T02:11:50.897786Z","ask"
"0.7225","1128.8","2024-06-14T02:11:50.897786Z","ask"
"0.7233","6958","2024-06-14T02:11:50.897786Z","ask"
"0.725","7096.2","2024-06-14T02:11:50.897786Z","ask"
"0.73","23879.5","2024-06-14T02:11:50.897786Z","ask"
"0.731","410.7","2024-06-14T02:11:50.897786Z","ask"
"0.7325","305.7","2024-06-14T02:11:50.897786Z","ask"
"0.7331","100","2024-06-14T02:11:50.897786Z","ask"
"0.738","3253.6","2024-06-14T02:11:50.897786Z","ask"
"0.739","20","2024-06-14T02:11:50.897786Z","ask"
"0.74","152886.6","2024-06-14T02:11:50.897786Z","ask"
"0.7421","3200","2024-06-14T02:11:50.897786Z","ask"
"0.7423","5032.9","2024-06-14T02:11:50.897786Z","ask"
"0.7434","102.8","2024-06-14T02:11:50.897786Z","ask"
"0.7471","300","2024-06-14T02:11:50.897786Z","ask"
"0.7487","341","2024-06-14T02:11:50.897786Z","ask"
"0.7489","2000","2024-06-14T02:11:50.897786Z","ask"
"0.749","27","2024-06-14T02:11:50.897786Z","ask"
"0.7498","395.8","2024-06-14T02:11:50.897786Z","ask"
"0.75","194699","2024-06-14T02:11:50.897786Z","ask"
"0.7529","8530.1","2024-06-14T02:11:50.897786Z","ask"
"0.7533","2700","2024-06-14T02:11:50.897786Z","ask"
"0.754","750","2024-06-14T02:11:50.897786Z","ask"
"0.7562","1324.4","2024-06-14T02:11:50.897786Z","ask"
"0.7573","5393","2024-06-14T02:11:50.897786Z","ask"
"0.7598","414.2","2024-06-14T02:11:50.897786Z","ask"
"0.76","6520.6","2024-06-14T02:11:50.897786Z","ask"
"0.7623","13805.1","2024-06-14T02:11:50.897786Z","ask"
"0.7654","123.7","2024-06-14T02:11:50.897786Z","ask"
"0.7681","0.1","2024-06-14T02:11:50.897786Z","ask"
"0.77","4394.2","2024-06-14T02:11:50.897786Z","ask"
"0.775","5","2024-06-14T02:11:50.897786Z","ask"
"0.7775","13002","2024-06-14T02:11:50.897786Z","ask"
"0.7777","6384.5","2024-06-14T02:11:50.897786Z","ask"
"0.78","7192.9","2024-06-14T02:11:50.897786Z","ask"
"0.7827","10971.6","2024-06-14T02:11:50.897786Z","ask"
"0.7841","6402.3","2024-06-14T02:11:50.897786Z","ask"
"0.7889","1500","2024-06-14T02:11:50.897786Z","ask"
"0.7894","563.3","2024-06-14T02:11:50.897786Z","ask"
"0.79","7003.9","2024-06-14T02:11:50.897786Z","ask"
"0.7922","500","2024-06-14T02:11:50.897786Z","ask"
"0.795","1662.2","2024-06-14T02:11:50.897786Z","ask"
"0.798","3537","2024-06-14T02:11:50.897786Z","ask"
"0.8","176500.3","2024-06-14T02:11:50.897786Z","ask"
"0.8006","62.8","2024-06-14T02:11:50.897786Z","ask"
"0.805","125","2024-06-14T02:11:50.897786Z","ask"
"0.81","188625.8","2024-06-14T02:11:50.897786Z","ask"
"0.8131","150","2024-06-14T02:11:50.897786Z","ask"
"0.8141","563","2024-06-14T02:11:50.897786Z","ask"
"0.8163","64.8","2024-06-14T02:11:50.897786Z","ask"
"0.82","28555.1","2024-06-14T02:11:50.897786Z","ask"
"0.8264","123101.1","2024-06-14T02:11:50.897786Z","ask"
"0.83","7390.8","2024-06-14T02:11:50.897786Z","ask"
"0.8309","105","2024-06-14T02:11:50.897786Z","ask"
"0.8324","1808.5","2024-06-14T02:11:50.897786Z","ask"
"0.836","38.3","2024-06-14T02:11:50.897786Z","ask"
"0.8371","101924.1","2024-06-14T02:11:50.897786Z","ask"
"0.8385","414.2","2024-06-14T02:11:50.897786Z","ask"
"0.84","4000","2024-06-14T02:11:50.897786Z","ask"
"0.8422","1618.4","2024-06-14T02:11:50.897786Z","ask"
"0.845","25","2024-06-14T02:11:50.897786Z","ask"
"0.846","37341.5","2024-06-14T02:11:50.897786Z","ask"
"0.8473","16500","2024-06-14T02:11:50.897786Z","ask"
"0.8479","26.3","2024-06-14T02:11:50.897786Z","ask"
"0.8483","6697","2024-06-14T02:11:50.897786Z","ask"
"0.85","20270.5","2024-06-14T02:11:50.897786Z","ask"
"0.86","3933.1","2024-06-14T02:11:50.897786Z","ask"
"0.8627","1","2024-06-14T02:11:50.897786Z","ask"
"0.8644","6010.4","2024-06-14T02:11:50.897786Z","ask"
"0.868","23.3","2024-06-14T02:11:50.897786Z","ask"
"0.87","9695.8","2024-06-14T02:11:50.897786Z","ask"
"0.873","1414.8","2024-06-14T02:11:50.897786Z","ask"
"0.8739","17","2024-06-14T02:11:50.897786Z","ask"
"0.874","6","2024-06-14T02:11:50.897786Z","ask"
"0.875","6","2024-06-14T02:11:50.897786Z","ask"
"0.8771","57","2024-06-14T02:11:50.897786Z","ask"
"0.88","69854.5","2024-06-14T02:11:50.897786Z","ask"
"0.884","201","2024-06-14T02:11:50.897786Z","ask"
"0.887","300","2024-06-14T02:11:50.897786Z","ask"
"0.8888","5","2024-06-14T02:11:50.897786Z","ask"
"0.889","150","2024-06-14T02:11:50.897786Z","ask"
"0.8891","73.3","2024-06-14T02:11:50.897786Z","ask"
"0.8894","4016","2024-06-14T02:11:50.897786Z","ask"
"0.8896","100","2024-06-14T02:11:50.897786Z","ask"
"0.89","16160.7","2024-06-14T02:11:50.897786Z","ask"
"0.8922","129.8","2024-06-14T02:11:50.897786Z","ask"
"0.894","79.2","2024-06-14T02:11:50.897786Z","ask"
"0.9","63760.8","2024-06-14T02:11:50.897786Z","ask"
"0.9092","62.1","2024-06-14T02:11:50.897786Z","ask"
"0.91","4009.5","2024-06-14T02:11:50.897786Z","ask"
"0.915","274.8","2024-06-14T02:11:50.897786Z","ask"
"0.9172","414.2","2024-06-14T02:11:50.897786Z","ask"
"0.9188","1308.8","2024-06-14T02:11:50.897786Z","ask"
"0.92","22582.1","2024-06-14T02:11:50.897786Z","ask"
"0.9214","43","2024-06-14T02:11:50.897786Z","ask"
"0.9232","2708","2024-06-14T02:11:50.897786Z","ask"
"0.9244","108.6","2024-06-14T02:11:50.897786Z","ask"
"0.9267","300","2024-06-14T02:11:50.897786Z","ask"
"0.93","205257.8","2024-06-14T02:11:50.897786Z","ask"
"0.9331","30","2024-06-14T02:11:50.897786Z","ask"
"0.9333","1093.8","2024-06-14T02:11:50.897786Z","ask"
"0.9338","1452","2024-06-14T02:11:50.897786Z","ask"
"0.9356","9035","2024-06-14T02:11:50.897786Z","ask"
"0.9389","1368","2024-06-14T02:11:50.897786Z","ask"
"0.94","12094.6","2024-06-14T02:11:50.897786Z","ask"
"0.942","4650","2024-06-14T02:11:50.897786Z","ask"
"0.9444","1298","2024-06-14T02:11:50.897786Z","ask"
"0.945","350","2024-06-14T02:11:50.897786Z","ask"
"0.9463","9348.6","2024-06-14T02:11:50.897786Z","ask"
"0.9489","1350","2024-06-14T02:11:50.897786Z","ask"
"0.949","1100","2024-06-14T02:11:50.897786Z","ask"
"0.9498","1000","2024-06-14T02:11:50.897786Z","ask"
"0.95","554677.9","2024-06-14T02:11:50.897786Z","ask"
"0.954","6442.7","2024-06-14T02:11:50.897786Z","ask"
"0.9542","7953.1","2024-06-14T02:11:50.897786Z","ask"
"0.9557","9808.8","2024-06-14T02:11:50.897786Z","ask"
"0.956","7807.9","2024-06-14T02:11:50.897786Z","ask"
"0.9573","100","2024-06-14T02:11:50.897786Z","ask"
"0.9578","7987","2024-06-14T02:11:50.897786Z","ask"
"0.96","11711.9","2024-06-14T02:11:50.897786Z","ask"
"0.963","14.6","2024-06-14T02:11:50.897786Z","ask"
"0.9636","7641.5","2024-06-14T02:11:50.897786Z","ask"
"0.9667","451.2","2024-06-14T02:11:50.897786Z","ask"
"0.9683","11.3","2024-06-14T02:11:50.897786Z","ask"
"0.9685","206.6","2024-06-14T02:11:50.897786Z","ask"
"0.9686","10958","2024-06-14T02:11:50.897786Z","ask"
"0.97","7499.4","2024-06-14T02:11:50.897786Z","ask"
"0.9718","0.1","2024-06-14T02:11:50.897786Z","ask"
"0.974","457","2024-06-14T02:11:50.897786Z","ask"
"0.9741","648.9","2024-06-14T02:11:50.897786Z","ask"
"0.9746","51.3","2024-06-14T02:11:50.897786Z","ask"
"0.9748","262","2024-06-14T02:11:50.897786Z","ask"
"0.975","5000","2024-06-14T02:11:50.897786Z","ask"
"0.977","9752.4","2024-06-14T02:11:50.897786Z","ask"
"0.98","195382.5","2024-06-14T02:11:50.897786Z","ask"
"0.982","10","2024-06-14T02:11:50.897786Z","ask"
"0.983","708","2024-06-14T02:11:50.897786Z","ask"
"0.9833","26566.4","2024-06-14T02:11:50.897786Z","ask"
"0.984","33829.8","2024-06-14T02:11:50.897786Z","ask"
"0.985","1250","2024-06-14T02:11:50.897786Z","ask"
"0.986","1143.8","2024-06-14T02:11:50.897786Z","ask"
"0.987","50","2024-06-14T02:11:50.897786Z","ask"
"0.988","3227.4","2024-06-14T02:11:50.897786Z","ask"
"0.9889","395.5","2024-06-14T02:11:50.897786Z","ask"
"0.989","326.8","2024-06-14T02:11:50.897786Z","ask"
"0.99","160481","2024-06-14T02:11:50.897786Z","ask"
"0.991","5000","2024-06-14T02:11:50.897786Z","ask"
"0.9913","2500","2024-06-14T02:11:50.897786Z","ask"
"0.993","1837.8","2024-06-14T02:11:50.897786Z","ask"
"0.995","4075.3","2024-06-14T02:11:50.897786Z","ask"
"0.9959","414.2","2024-06-14T02:11:50.897786Z","ask"
"0.9999","5","2024-06-14T02:11:50.897786Z","ask"
"1","1411047.9","2024-06-14T02:11:50.897786Z","ask"
"1.0009","457","2024-06-14T02:11:50.897786Z","ask"
"1.0041","25.2","2024-06-14T02:11:50.897786Z","ask"
"1.0053","2.6","2024-06-14T02:11:50.897786Z","ask"
"1.0061","1","2024-06-14T02:11:50.897786Z","ask"
"1.007","100","2024-06-14T02:11:50.897786Z","ask"
"1.01","10107.1","2024-06-14T02:11:50.897786Z","ask"
"1.0196","10112.2","2024-06-14T02:11:50.897786Z","ask"
"1.02","2170.4","2024-06-14T02:11:50.897786Z","ask"
"1.0205","107.4","2024-06-14T02:11:50.897786Z","ask"
"1.021","291.9","2024-06-14T02:11:50.897786Z","ask"
"1.022","10","2024-06-14T02:11:50.897786Z","ask"
"1.0221","100","2024-06-14T02:11:50.897786Z","ask"
"1.0229","56.6","2024-06-14T02:11:50.897786Z","ask"
"1.0243","58.5","2024-06-14T02:11:50.897786Z","ask"
"1.025","457","2024-06-14T02:11:50.897786Z","ask"
"1.0272","55.9","2024-06-14T02:11:50.897786Z","ask"
"1.03","457","2024-06-14T02:11:50.897786Z","ask"
"1.039","2500","2024-06-14T02:11:50.897786Z","ask"
"1.04","30.7","2024-06-14T02:11:50.897786Z","ask"
"1.05","12188.8","2024-06-14T02:11:50.897786Z","ask"
"1.052","19064.7","2024-06-14T02:11:50.897786Z","ask"
"1.058","38.3","2024-06-14T02:11:50.897786Z","ask"
"1.06","683","2024-06-14T02:11:50.897786Z","ask"
"1.0601","150","2024-06-14T02:11:50.897786Z","ask"
"1.0634","475.6","2024-06-14T02:11:50.897786Z","ask"
"1.066","939.5","2024-06-14T02:11:50.897786Z","ask"
"1.07","2212","2024-06-14T02:11:50.897786Z","ask"
"1.0746","414.7","2024-06-14T02:11:50.897786Z","ask"
"1.08","150955.3","2024-06-14T02:11:50.897786Z","ask"
"1.0804","10959.3","2024-06-14T02:11:50.897786Z","ask"
"1.0829","46.2","2024-06-14T02:11:50.897786Z","ask"
"1.087","268.2","2024-06-14T02:11:50.897786Z","ask"
"1.09","2000","2024-06-14T02:11:50.897786Z","ask"
"1.0932","150","2024-06-14T02:11:50.897786Z","ask"
"1.1","29348.5","2024-06-14T02:11:50.897786Z","ask"
"1.1009","913.4","2024-06-14T02:11:50.897786Z","ask"
"1.1082","1010.4","2024-06-14T02:11:50.897786Z","ask"
"1.11","4663","2024-06-14T02:11:50.897786Z","ask"
"1.1103","52.6","2024-06-14T02:11:50.897786Z","ask"
"1.1111","5","2024-06-14T02:11:50.897786Z","ask"
"1.1126","1660.4","2024-06-14T02:11:50.897786Z","ask"
"1.12","12132.1","2024-06-14T02:11:50.897786Z","ask"
"1.1207","235.8","2024-06-14T02:11:50.897786Z","ask"
"1.122","150","2024-06-14T02:11:50.897786Z","ask"
"1.1233","1402","2024-06-14T02:11:50.897786Z","ask"
"1.1299","491.4","2024-06-14T02:11:50.897786Z","ask"
"1.13","8630.9","2024-06-14T02:11:50.897786Z","ask"
"1.14","130","2024-06-14T02:11:50.897786Z","ask"
"1.144","2368.5","2024-06-14T02:11:50.897786Z","ask"
"1.15","15171.7","2024-06-14T02:11:50.897786Z","ask"
"1.1587","52.2","2024-06-14T02:11:50.897786Z","ask"
"1.16","890","2024-06-14T02:11:50.897786Z","ask"
"1.17","6332.8","2024-06-14T02:11:50.897786Z","ask"
"1.1709","3000","2024-06-14T02:11:50.897786Z","ask"
"1.178","117","2024-06-14T02:11:50.897786Z","ask"
"1.18","71419.2","2024-06-14T02:11:50.897786Z","ask"
"1.1875","466.4","2024-06-14T02:11:50.897786Z","ask"
"1.189","200","2024-06-14T02:11:50.897786Z","ask"
"1.19","14870.8","2024-06-14T02:11:50.897786Z","ask"
"1.1911","1146.9","2024-06-14T02:11:50.897786Z","ask"
"1.1931","0.2","2024-06-14T02:11:50.897786Z","ask"
"1.1939","0.1","2024-06-14T02:11:50.897786Z","ask"
"1.1941","0.1","2024-06-14T02:11:50.897786Z","ask"
"1.1946","411.7","2024-06-14T02:11:50.897786Z","ask"
"1.1947","0.1","2024-06-14T02:11:50.897786Z","ask"
"1.1949","0.1","2024-06-14T02:11:50.897786Z","ask"
"1.1951","0.1","2024-06-14T02:11:50.897786Z","ask"
"1.1953","0.1","2024-06-14T02:11:50.897786Z","ask"
"1.1957","0.1","2024-06-14T02:11:50.897786Z","ask"
"1.1959","0.1","2024-06-14T02:11:50.897786Z","ask"
"1.196","838.6","2024-06-14T02:11:50.897786Z","ask"
"1.1969","0.1","2024-06-14T02:11:50.897786Z","ask"
"1.1999","1921","2024-06-14T02:11:50.897786Z","ask"
"1.2","91001.2","2024-06-14T02:11:50.897786Z","ask"
"1.2032","41.5","2024-06-14T02:11:50.897786Z","ask"
"1.21","4887.5","2024-06-14T02:11:50.897786Z","ask"
"1.22","3413","2024-06-14T02:11:50.897786Z","ask"
"1.2222","5","2024-06-14T02:11:50.897786Z","ask"
"1.224","714.7","2024-06-14T02:11:50.897786Z","ask"
"1.23","42164.7","2024-06-14T02:11:50.897786Z","ask"
"1.2345","123","2024-06-14T02:11:50.897786Z","ask"
"1.239","1000","2024-06-14T02:11:50.897786Z","ask"
"1.2391","1005","2024-06-14T02:11:50.897786Z","ask"
"1.24","275540","2024-06-14T02:11:50.897786Z","ask"
"1.247","9348.5","2024-06-14T02:11:50.897786Z","ask"
"1.2478","100","2024-06-14T02:11:50.897786Z","ask"
"1.248","200","2024-06-14T02:11:50.897786Z","ask"
"1.25","59642.9","2024-06-14T02:11:50.897786Z","ask"
"1.2572","800","2024-06-14T02:11:50.897786Z","ask"
"1.26","2498.8","2024-06-14T02:11:50.897786Z","ask"
"1.2641","170.3","2024-06-14T02:11:50.897786Z","ask"
"1.27","17194.2","2024-06-14T02:11:50.897786Z","ask"
"1.2777","4784.7","2024-06-14T02:11:50.897786Z","ask"
"1.279","1000","2024-06-14T02:11:50.897786Z","ask"
"1.28","5466.7","2024-06-14T02:11:50.897786Z","ask"
"1.283","255","2024-06-14T02:11:50.897786Z","ask"
"1.2834","1080","2024-06-14T02:11:50.897786Z","ask"
"1.285","39.3","2024-06-14T02:11:50.897786Z","ask"
"1.2884","100","2024-06-14T02:11:50.897786Z","ask"
"1.29","56185","2024-06-14T02:11:50.897786Z","ask"
"1.2929","516.4","2024-06-14T02:11:50.897786Z","ask"
"1.294","150","2024-06-14T02:11:50.897786Z","ask"
"1.295","6490","2024-06-14T02:11:50.897786Z","ask"
"1.3","42152.1","2024-06-14T02:11:50.897786Z","ask"
"1.3074","9101","2024-06-14T02:11:50.897786Z","ask"
"1.309","1500","2024-06-14T02:11:50.897786Z","ask"
"1.31","2975.7","2024-06-14T02:11:50.897786Z","ask"
"1.312","455","2024-06-14T02:11:50.897786Z","ask"
"1.32","8900","2024-06-14T02:11:50.897786Z","ask"
"1.3291","10353.8","2024-06-14T02:11:50.897786Z","ask"
"1.33","96.1","2024-06-14T02:11:50.897786Z","ask"
"1.3333","5","2024-06-14T02:11:50.897786Z","ask"
"1.3369","37.5","2024-06-14T02:11:50.897786Z","ask"
"1.34","3872.8","2024-06-14T02:11:50.897786Z","ask"
"1.3462","191.4","2024-06-14T02:11:50.897786Z","ask"
"1.3476","43.7","2024-06-14T02:11:50.897786Z","ask"
"1.348","100","2024-06-14T02:11:50.897786Z","ask"
"1.35","18207.2","2024-06-14T02:11:50.897786Z","ask"
"1.36","37","2024-06-14T02:11:50.897786Z","ask"
"1.366","86.8","2024-06-14T02:11:50.897786Z","ask"
"1.369","500","2024-06-14T02:11:50.897786Z","ask"
"1.3698","191.1","2024-06-14T02:11:50.897786Z","ask"
"1.37","15132.6","2024-06-14T02:11:50.897786Z","ask"
"1.373","1000","2024-06-14T02:11:50.897786Z","ask"
"1.377","1500","2024-06-14T02:11:50.897786Z","ask"
"1.3799","2528.2","2024-06-14T02:11:50.897786Z","ask"
"1.38","47203.5","2024-06-14T02:11:50.897786Z","ask"
"1.389","250","2024-06-14T02:11:50.897786Z","ask"
"1.3899","189.2","2024-06-14T02:11:50.897786Z","ask"
"1.39","425","2024-06-14T02:11:50.897786Z","ask"
"1.4","68897.5","2024-06-14T02:11:50.897786Z","ask"
"1.4027","1146.9","2024-06-14T02:11:50.897786Z","ask"
"1.41","2110.8","2024-06-14T02:11:50.897786Z","ask"
"1.4162","9328.3","2024-06-14T02:11:50.897786Z","ask"
"1.42","20356.1","2024-06-14T02:11:50.897786Z","ask"
"1.4296","19.9","2024-06-14T02:11:50.897786Z","ask"
"1.43","2219.8","2024-06-14T02:11:50.897786Z","ask"
"1.434","1313.8","2024-06-14T02:11:50.897786Z","ask"
"1.44","18244.1","2024-06-14T02:11:50.897786Z","ask"
"1.4443","8210","2024-06-14T02:11:50.897786Z","ask"
"1.4444","5","2024-06-14T02:11:50.897786Z","ask"
"1.448","150","2024-06-14T02:11:50.897786Z","ask"
"1.45","340212.5","2024-06-14T02:11:50.897786Z","ask"
"1.452","2482","2024-06-14T02:11:50.897786Z","ask"
"1.4537","1012","2024-06-14T02:11:50.897786Z","ask"
"1.455","174","2024-06-14T02:11:50.897786Z","ask"
"1.4592","19.9","2024-06-14T02:11:50.897786Z","ask"
"1.47","33.9","2024-06-14T02:11:50.897786Z","ask"
"1.473","156","2024-06-14T02:11:50.897786Z","ask"
"1.48","5286.4","2024-06-14T02:11:50.897786Z","ask"
"1.485","5371","2024-06-14T02:11:50.897786Z","ask"
"1.4854","33.7","2024-06-14T02:11:50.897786Z","ask"
"1.4888","19.9","2024-06-14T02:11:50.897786Z","ask"
"1.489","500","2024-06-14T02:11:50.897786Z","ask"
"1.4893","5094","2024-06-14T02:11:50.897786Z","ask"
"1.49","12441.6","2024-06-14T02:11:50.897786Z","ask"
"1.4972","6.5","2024-06-14T02:11:50.897786Z","ask"
"1.5","388736.5","2024-06-14T02:11:50.897786Z","ask"
"1.502","38.3","2024-06-14T02:11:50.897786Z","ask"
"1.507","1","2024-06-14T02:11:50.897786Z","ask"
"1.51","8446.8","2024-06-14T02:11:50.897786Z","ask"
"1.5185","19.9","2024-06-14T02:11:50.897786Z","ask"
"1.52","1643.6","2024-06-14T02:11:50.897786Z","ask"
"1.525","5","2024-06-14T02:11:50.897786Z","ask"
"1.5266","338.4","2024-06-14T02:11:50.897786Z","ask"
"1.5269","4933.8","2024-06-14T02:11:50.897786Z","ask"
"1.53","551.8","2024-06-14T02:11:50.897786Z","ask"
"1.539","1500","2024-06-14T02:11:50.897786Z","ask"
"1.54","17058.1","2024-06-14T02:11:50.897786Z","ask"
"1.541","513.2","2024-06-14T02:11:50.897786Z","ask"
"1.5481","19.9","2024-06-14T02:11:50.897786Z","ask"
"1.5484","1000","2024-06-14T02:11:50.897786Z","ask"
"1.55","120888.2","2024-06-14T02:11:50.897786Z","ask"
"1.555","5","2024-06-14T02:11:50.897786Z","ask"
"1.5555","93","2024-06-14T02:11:50.897786Z","ask"
"1.56","111.4","2024-06-14T02:11:50.897786Z","ask"
"1.57","2225","2024-06-14T02:11:50.897786Z","ask"
"1.572","50","2024-06-14T02:11:50.897786Z","ask"
"1.573","37.8","2024-06-14T02:11:50.897786Z","ask"
"1.5777","19.9","2024-06-14T02:11:50.897786Z","ask"
"1.58","600","2024-06-14T02:11:50.897786Z","ask"
"1.5821","22.3","2024-06-14T02:11:50.897786Z","ask"
"1.585","5","2024-06-14T02:11:50.897786Z","ask"
"1.59","15639.7","2024-06-14T02:11:50.897786Z","ask"
"1.594","80","2024-06-14T02:11:50.897786Z","ask"
"1.5951","8190.9","2024-06-14T02:11:50.897786Z","ask"
"1.5999","1000","2024-06-14T02:11:50.897786Z","ask"
"1.6","73768.2","2024-06-14T02:11:50.897786Z","ask"
"1.6049","416.1","2024-06-14T02:11:50.897786Z","ask"
"1.606","2000","2024-06-14T02:11:50.897786Z","ask"
"1.6071","35.8","2024-06-14T02:11:50.897786Z","ask"
"1.6073","19.9","2024-06-14T02:11:50.897786Z","ask"
"1.61","10227.4","2024-06-14T02:11:50.897786Z","ask"
"1.6143","1146.9","2024-06-14T02:11:50.897786Z","ask"
"1.616","2515.9","2024-06-14T02:11:50.897786Z","ask"
"1.6168","1685.1","2024-06-14T02:11:50.897786Z","ask"
"1.62","17340.7","2024-06-14T02:11:50.897786Z","ask"
"1.6229","4473.6","2024-06-14T02:11:50.897786Z","ask"
"1.63","91","2024-06-14T02:11:50.897786Z","ask"
"1.635","5","2024-06-14T02:11:50.897786Z","ask"
"1.6369","19.9","2024-06-14T02:11:50.897786Z","ask"
"1.64","1754.8","2024-06-14T02:11:50.897786Z","ask"
"1.65","54053.1","2024-06-14T02:11:50.897786Z","ask"
"1.6505","30.3","2024-06-14T02:11:50.897786Z","ask"
"1.6523","100","2024-06-14T02:11:50.897786Z","ask"
"1.6555","3211.8","2024-06-14T02:11:50.897786Z","ask"
"1.657","1886.9","2024-06-14T02:11:50.897786Z","ask"
"1.66","27656.1","2024-06-14T02:11:50.897786Z","ask"
"1.6665","19.9","2024-06-14T02:11:50.897786Z","ask"
"1.6666","5","2024-06-14T02:11:50.897786Z","ask"
"1.67","2168.3","2024-06-14T02:11:50.897786Z","ask"
"1.68","8203.3","2024-06-14T02:11:50.897786Z","ask"
"1.685","535","2024-06-14T02:11:50.897786Z","ask"
"1.6875","500","2024-06-14T02:11:50.897786Z","ask"
"1.6888","3620.7","2024-06-14T02:11:50.897786Z","ask"
"1.689","1620","2024-06-14T02:11:50.897786Z","ask"
"1.69","1958","2024-06-14T02:11:50.897786Z","ask"
"1.6962","19.9","2024-06-14T02:11:50.897786Z","ask"
"1.6969","1164.6","2024-06-14T02:11:50.897786Z","ask"
"1.698","1500","2024-06-14T02:11:50.897786Z","ask"
"1.6999","1000","2024-06-14T02:11:50.897786Z","ask"
"1.7","26441.4","2024-06-14T02:11:50.897786Z","ask"
"1.7044","20000","2024-06-14T02:11:50.897786Z","ask"
"1.71","494","2024-06-14T02:11:50.897786Z","ask"
"1.7109","24.7","2024-06-14T02:11:50.897786Z","ask"
"1.715","131.6","2024-06-14T02:11:50.897786Z","ask"
"1.719","1173","2024-06-14T02:11:50.897786Z","ask"
"1.72","20995.4","2024-06-14T02:11:50.897786Z","ask"
"1.7229","5964.8","2024-06-14T02:11:50.897786Z","ask"
"1.724","38.3","2024-06-14T02:11:50.897786Z","ask"
"1.7245","904.3","2024-06-14T02:11:50.897786Z","ask"
"1.7258","19.9","2024-06-14T02:11:50.897786Z","ask"
"1.73","3703.3","2024-06-14T02:11:50.897786Z","ask"
"1.735","5","2024-06-14T02:11:50.897786Z","ask"
"1.7384","100","2024-06-14T02:11:50.897786Z","ask"
"1.74","9909.3","2024-06-14T02:11:50.897786Z","ask"
"1.742","511.8","2024-06-14T02:11:50.897786Z","ask"
"1.745","1000","2024-06-14T02:11:50.897786Z","ask"
"1.7475","75","2024-06-14T02:11:50.897786Z","ask"
"1.748","140","2024-06-14T02:11:50.897786Z","ask"
"1.7488","200","2024-06-14T02:11:50.897786Z","ask"
"1.749","1500","2024-06-14T02:11:50.897786Z","ask"
"1.75","42371.5","2024-06-14T02:11:50.897786Z","ask"
"1.7554","19.9","2024-06-14T02:11:50.897786Z","ask"
"1.7562","2267.3","2024-06-14T02:11:50.897786Z","ask"
"1.76","10208.1","2024-06-14T02:11:50.897786Z","ask"
"1.764","10","2024-06-14T02:11:50.897786Z","ask"
"1.7662","22.2","2024-06-14T02:11:50.897786Z","ask"
"1.768","3468","2024-06-14T02:11:50.897786Z","ask"
"1.77","44376.1","2024-06-14T02:11:50.897786Z","ask"
"1.772","7987.7","2024-06-14T02:11:50.897786Z","ask"
"1.7752","62973.4","2024-06-14T02:11:50.897786Z","ask"
"1.7777","5","2024-06-14T02:11:50.897786Z","ask"
"1.78","2084.6","2024-06-14T02:11:50.897786Z","ask"
"1.7846","186.1","2024-06-14T02:11:50.897786Z","ask"
"1.785","24.9","2024-06-14T02:11:50.897786Z","ask"
"1.79","70286.9","2024-06-14T02:11:50.897786Z","ask"
"1.7909","8008","2024-06-14T02:11:50.897786Z","ask"
"1.7917","431","2024-06-14T02:11:50.897786Z","ask"
"1.7919","10000","2024-06-14T02:11:50.897786Z","ask"
"1.794","100","2024-06-14T02:11:50.897786Z","ask"
"1.7969","4092.4","2024-06-14T02:11:50.897786Z","ask"
"1.7999","1000","2024-06-14T02:11:50.897786Z","ask"
"1.8","186653","2024-06-14T02:11:50.897786Z","ask"
"1.8081","1661.7","2024-06-14T02:11:50.897786Z","ask"
"1.81","78436.8","2024-06-14T02:11:50.897786Z","ask"
"1.8146","19.9","2024-06-14T02:11:50.897786Z","ask"
"1.82","7295.7","2024-06-14T02:11:50.897786Z","ask"
"1.8206","719.6","2024-06-14T02:11:50.897786Z","ask"
"1.8234","5032.8","2024-06-14T02:11:50.897786Z","ask"
"1.8259","1146.9","2024-06-14T02:11:50.897786Z","ask"
"1.83","2027.5","2024-06-14T02:11:50.897786Z","ask"
"1.8315","1496.5","2024-06-14T02:11:50.897786Z","ask"
"1.8338","27.3","2024-06-14T02:11:50.897786Z","ask"
"1.835","5","2024-06-14T02:11:50.897786Z","ask"
"1.84","2542.2","2024-06-14T02:11:50.897786Z","ask"
"1.8418","2321.5","2024-06-14T02:11:50.897786Z","ask"
"1.8442","19.9","2024-06-14T02:11:50.897786Z","ask"
"1.8464","1354","2024-06-14T02:11:50.897786Z","ask"
"1.8489","54.3","2024-06-14T02:11:50.897786Z","ask"
"1.85","30601.6","2024-06-14T02:11:50.897786Z","ask"
"1.855","500","2024-06-14T02:11:50.897786Z","ask"
"1.8596","54.1","2024-06-14T02:11:50.897786Z","ask"
"1.86","3546.7","2024-06-14T02:11:50.897786Z","ask"
"1.87","7234.8","2024-06-14T02:11:50.897786Z","ask"
"1.8738","19.9","2024-06-14T02:11:50.897786Z","ask"
"1.8793","696.9","2024-06-14T02:11:50.897786Z","ask"
"1.88","16244.2","2024-06-14T02:11:50.897786Z","ask"
"1.8832","1","2024-06-14T02:11:50.897786Z","ask"
"1.885","5","2024-06-14T02:11:50.897786Z","ask"
"1.8886","10000","2024-06-14T02:11:50.897786Z","ask"
"1.8888","5","2024-06-14T02:11:50.897786Z","ask"
"1.889","250","2024-06-14T02:11:50.897786Z","ask"
"1.89","65944","2024-06-14T02:11:50.897786Z","ask"
"1.895","78.1","2024-06-14T02:11:50.897786Z","ask"
"1.8999","1000","2024-06-14T02:11:50.897786Z","ask"
"1.9","30415","2024-06-14T02:11:50.897786Z","ask"
"1.9035","19.9","2024-06-14T02:11:50.897786Z","ask"
"1.91","5525.2","2024-06-14T02:11:50.897786Z","ask"
"1.9112","140","2024-06-14T02:11:50.897786Z","ask"
"1.9172","4094.5","2024-06-14T02:11:50.897786Z","ask"
"1.921","17500","2024-06-14T02:11:50.897786Z","ask"
"1.93","18706.1","2024-06-14T02:11:50.897786Z","ask"
"1.9309","958.8","2024-06-14T02:11:50.897786Z","ask"
