"price","volume","time","side","orderType"
"0.187900","1222.22702029","2024-05-21T01:10:15.222Z","s","l"
"0.187900","634.57173306","2024-05-21T01:10:15.235Z","s","l"
"0.187790","650.00000000","2024-05-21T01:15:47.970Z","s","l"
"0.187770","2586.35939000","2024-05-21T01:15:47.970Z","s","l"
"0.187470","664.04530772","2024-05-21T01:18:53.015Z","s","l"
"0.186760","80.35027978","2024-05-21T01:22:21.042Z","s","l"
"0.186760","80.35027978","2024-05-21T01:22:21.042Z","s","l"
"0.186750","67.08219233","2024-05-21T01:22:21.042Z","s","l"
"0.186430","63.66015863","2024-05-21T01:23:40.136Z","s","l"
"0.186350","755.09838045","2024-05-21T01:24:46.012Z","s","l"
"0.186350","318.15088170","2024-05-21T01:24:46.015Z","s","l"
"0.186190","372.96030936","2024-05-21T01:25:15.733Z","s","l"
"0.186050","964.52566515","2024-05-21T01:25:15.733Z","s","m"
"0.185970","130.22500485","2024-05-21T01:25:15.733Z","s","m"
"0.186500","1125.31016482","2024-05-21T01:27:08.556Z","b","l"
"0.186530","4410.14332966","2024-05-21T01:27:08.556Z","b","l"
"0.186550","190.83143552","2024-05-21T01:27:08.556Z","b","l"
"0.186480","86.09572300","2024-05-21T01:27:17.621Z","b","m"
"0.185700","161.55088853","2024-05-21T01:28:03.340Z","s","l"
"0.186940","127.04300000","2024-05-21T01:34:09.092Z","s","l"
"0.186950","500.00000000","2024-05-21T01:34:10.265Z","b","l"
"0.187050","94.17643100","2024-05-21T01:34:32.181Z","b","m"
"0.187290","205.50000000","2024-05-21T01:34:59.814Z","s","m"
"0.187390","118.05221800","2024-05-21T01:35:17.473Z","b","m"
"0.188190","48.23311000","2024-05-21T01:47:37.268Z","b","l"
"0.188070","1662.08003460","2024-05-21T01:52:05.306Z","b","l"
"0.188080","3721.82050191","2024-05-21T01:52:05.306Z","b","l"
"0.188080","650.00000000","2024-05-21T01:52:05.306Z","b","l"
"0.188100","2345.17404562","2024-05-21T01:52:05.306Z","b","l"
"0.188210","1220.00000000","2024-05-21T01:52:05.364Z","b","l"
"0.188290","1202.89538966","2024-05-21T01:52:05.410Z","b","l"
"0.188330","2564.96996196","2024-05-21T01:52:05.410Z","b","l"
"0.188430","1253.39462914","2024-05-21T01:52:05.517Z","b","l"
"0.188460","372.96030936","2024-05-21T01:52:05.599Z","b","l"
"0.188550","67.00169434","2024-05-21T01:52:05.599Z","b","l"
"0.188700","650.00000000","2024-05-21T01:56:56.008Z","b","l"
"0.188710","3709.40418278","2024-05-21T01:56:56.008Z","b","l"
"0.188970","3090.92495168","2024-05-21T02:00:32.038Z","b","l"
"0.189390","5279.90457299","2024-05-21T02:04:11.011Z","s","l"
"0.189350","45.63372885","2024-05-21T02:04:11.011Z","s","l"
"0.189340","5281.23375682","2024-05-21T02:04:11.011Z","s","l"
"0.189340","1319.63971812","2024-05-21T02:04:11.011Z","s","l"
"0.189330","4410.14332966","2024-05-21T02:04:11.011Z","s","l"
"0.189320","16155.08885299","2024-05-21T02:04:11.011Z","s","l"
"0.189300","650.00000000","2024-05-21T02:04:11.011Z","s","l"
"0.189300","7745.77379068","2024-05-21T02:04:11.011Z","s","l"
"0.189280","7924.61457034","2024-05-21T02:04:11.011Z","s","l"
"0.189250","26668.00000000","2024-05-21T02:04:11.011Z","s","l"
"0.189240","3000.00000000","2024-05-21T02:04:11.011Z","s","l"
"0.189230","870.00000000","2024-05-21T02:04:11.011Z","s","l"
"0.189220","2653.00000000","2024-05-21T02:04:11.011Z","s","l"
"0.189210","4754.63315925","2024-05-21T02:04:11.011Z","s","l"
"0.189200","9613.20000000","2024-05-21T02:04:11.011Z","s","l"
"0.189180","7042.10721030","2024-05-21T02:04:11.011Z","s","l"
"0.189120","76.94479695","2024-05-21T02:06:00.176Z","b","l"
"0.188360","650.00000000","2024-05-21T02:13:24.311Z","s","l"
"0.188360","16155.08885299","2024-05-21T02:13:24.311Z","s","l"
"0.188350","5309.12482205","2024-05-21T02:13:24.311Z","s","l"
"0.188300","1326.88495272","2024-05-21T02:13:24.311Z","s","l"
"0.188290","7966.28076828","2024-05-21T02:13:24.311Z","s","l"
"0.188270","1230.00000000","2024-05-21T02:13:24.311Z","s","l"
"0.188260","4446.96822388","2024-05-21T02:13:24.311Z","s","l"
"0.187940","537.40555496","2024-05-21T02:22:01.811Z","s","l"
"0.187180","98.74543233","2024-05-21T02:31:35.523Z","s","m"
"0.188000","548.52000000","2024-05-21T02:37:14.187Z","s","l"
"0.188130","213.33617588","2024-05-21T03:02:23.111Z","b","m"
"0.188230","131.22297189","2024-05-21T03:04:08.373Z","b","l"
"0.188350","48.17423000","2024-05-21T03:12:35.410Z","b","l"
"0.188720","21.81250000","2024-05-21T03:34:16.704Z","s","l"
"0.188380","650.00000000","2024-05-21T03:37:59.349Z","b","l"
"0.188380","378.26521000","2024-05-21T03:37:59.349Z","b","l"
"0.188480","235.00000000","2024-05-21T03:38:38.556Z","b","m"
"0.188350","82.26995000","2024-05-21T03:40:26.466Z","b","l"
"0.187650","842.26923208","2024-05-21T03:59:45.975Z","s","l"
"0.187640","1465.93246792","2024-05-21T03:59:45.975Z","s","l"
"0.188260","4782.72668363","2024-05-21T04:03:34.337Z","b","l"
"0.188270","5167.27331637","2024-05-21T04:03:34.337Z","b","l"
"0.188490","4779.34035541","2024-05-21T04:03:51.666Z","b","l"
"0.188500","212.83933852","2024-05-21T04:03:51.666Z","b","l"
"0.188580","5541.98959550","2024-05-21T04:03:51.666Z","b","l"
"0.188580","65.83071057","2024-05-21T04:03:51.666Z","b","l"
"0.188670","104.50767013","2024-05-21T04:24:11.745Z","s","m"
"0.188660","5300.33497875","2024-05-21T04:24:11.745Z","s","m"
"0.188620","650.00000000","2024-05-21T04:24:11.745Z","s","m"
"0.188620","5301.66472272","2024-05-21T04:24:11.745Z","s","m"
"0.188600","1284.84385807","2024-05-21T04:24:11.745Z","s","m"
"0.188590","16155.08885299","2024-05-21T04:24:11.745Z","s","m"
"0.188570","10000.00000000","2024-05-21T04:24:11.745Z","s","m"
"0.188550","9613.20000000","2024-05-21T04:24:11.745Z","s","m"
"0.188540","7955.49490064","2024-05-21T04:24:11.745Z","s","m"
"0.188530","4410.14332966","2024-05-21T04:24:11.745Z","s","m"
"0.188530","2662.00000000","2024-05-21T04:24:11.745Z","s","m"
"0.188510","910.00000000","2024-05-21T04:24:11.745Z","s","m"
"0.188510","26488.00000000","2024-05-21T04:24:11.745Z","s","m"
"0.188500","1402.33612004","2024-05-21T04:24:11.745Z","s","m"
"0.188430","186.55314554","2024-05-21T04:26:07.215Z","b","l"
"0.189770","66.57036825","2024-05-21T04:40:58.564Z","b","l"
"0.189820","63.53284007","2024-05-21T04:41:04.505Z","b","l"
"0.189860","237.23378278","2024-05-21T04:41:04.515Z","b","l"
"0.190080","2476.39528762","2024-05-21T04:41:24.653Z","b","l"
"0.190250","78.76082962","2024-05-21T04:43:56.265Z","b","l"
"0.190210","1047.69044740","2024-05-21T04:44:33.456Z","s","l"
"0.188510","548.96663307","2024-05-21T05:01:55.444Z","b","m"
"0.188330","546.77076548","2024-05-21T05:02:22.838Z","s","m"
"0.187960","66.65034804","2024-05-21T05:03:28.737Z","s","l"
"0.187540","133.30202000","2024-05-21T05:03:55.412Z","b","l"
"0.187600","53.17734646","2024-05-21T05:04:22.754Z","b","l"
"0.187650","608.30771000","2024-05-21T05:07:46.337Z","s","l"
"0.188120","650.00000000","2024-05-21T05:08:25.800Z","s","l"
"0.188120","479.81594000","2024-05-21T05:08:25.800Z","s","l"
"0.188550","35.40220549","2024-05-21T05:23:56.344Z","s","l"
"0.188540","39.39544451","2024-05-21T05:23:56.344Z","s","l"
"0.188530","86.09572300","2024-05-21T05:24:07.449Z","s","m"
"0.188550","103.18674300","2024-05-21T05:25:30.231Z","s","m"
"0.188550","1004.70853500","2024-05-21T05:25:30.611Z","s","m"
"0.188840","41.21813800","2024-05-21T05:32:32.687Z","s","m"
"0.189770","66.57036825","2024-05-21T05:42:08.405Z","b","l"
"0.190110","84.64346900","2024-05-21T05:42:27.113Z","b","m"
"0.189550","5275.74092304","2024-05-21T05:48:37.359Z","b","l"
"0.189600","650.00000000","2024-05-21T05:48:37.359Z","b","l"
"0.189600","1648.98989266","2024-05-21T05:48:37.359Z","b","l"
"0.189610","5274.04895979","2024-05-21T05:48:37.359Z","b","l"
"0.189630","4410.14332966","2024-05-21T05:48:37.359Z","b","l"
"0.189640","3000.00000000","2024-05-21T05:48:37.359Z","b","l"
"0.189660","16155.08885299","2024-05-21T05:48:37.359Z","b","l"
"0.189660","910.00000000","2024-05-21T05:48:37.359Z","b","l"
"0.189670","7908.63811109","2024-05-21T05:48:37.359Z","b","l"
"0.189730","2653.00000000","2024-05-21T05:48:37.359Z","b","l"
"0.189730","5369.04689810","2024-05-21T05:48:37.359Z","b","l"
"0.189730","21160.95310190","2024-05-21T05:48:37.359Z","b","l"
"0.189740","1090.00000000","2024-05-21T05:48:37.359Z","b","l"
"0.189750","7905.42735605","2024-05-21T05:48:37.359Z","b","l"
"0.189780","2695.11569188","2024-05-21T05:48:37.359Z","b","l"
"0.189790","3326.42757085","2024-05-21T05:48:37.359Z","b","l"
"0.189790","3494.39009339","2024-05-21T05:48:37.359Z","b","l"
"0.189790","7042.10721030","2024-05-21T05:48:37.359Z","b","l"
"0.189790","12667.07512546","2024-05-21T05:48:37.359Z","b","l"
"0.189800","9613.20000000","2024-05-21T05:48:37.359Z","b","l"
"0.189820","1170.00000000","2024-05-21T05:48:37.359Z","b","l"
"0.189820","13903.48579356","2024-05-21T05:48:37.359Z","b","l"
"0.189860","10000.00000000","2024-05-21T05:48:37.359Z","b","l"
"0.189900","5504.37351363","2024-05-21T05:48:37.359Z","b","l"
"0.189940","13162.36742958","2024-05-21T05:48:37.359Z","b","l"
"0.189960","2325.50819101","2024-05-21T05:48:37.359Z","b","l"
"0.189970","4221.50135335","2024-05-21T05:48:37.359Z","b","l"
"0.189980","4150.56734672","2024-05-21T05:48:37.359Z","b","l"
"0.189990","29469.60000000","2024-05-21T05:48:37.359Z","b","l"
"0.189990","7573.62552728","2024-05-21T05:48:37.359Z","b","l"
"0.189990","14167.20000000","2024-05-21T05:48:37.359Z","b","l"
"0.190000","309.52068635","2024-05-21T05:48:37.365Z","s","l"
"0.190000","1550.00000000","2024-05-21T05:48:37.366Z","s","l"
"0.190000","5327.04689810","2024-05-21T05:48:37.366Z","s","l"
"0.190000","21202.95310190","2024-05-21T05:48:37.366Z","s","l"
"0.190000","650.00000000","2024-05-21T05:48:37.368Z","s","l"
"0.190000","650.00000000","2024-05-21T05:48:37.370Z","s","l"
"0.190000","650.00000000","2024-05-21T05:48:37.373Z","s","l"
"0.190000","650.00000000","2024-05-21T05:48:37.375Z","s","l"
"0.190000","2653.00000000","2024-05-21T05:48:37.527Z","s","l"
"0.190000","54.32836700","2024-05-21T05:48:37.615Z","s","l"
"0.190000","2576.30631154","2024-05-21T05:48:37.616Z","s","l"
"0.190000","5265.67920226","2024-05-21T05:48:38.492Z","s","l"
"0.190000","5265.26081862","2024-05-21T05:48:38.510Z","s","l"
"0.190000","5263.60710647","2024-05-21T05:48:45.046Z","s","l"
"0.190000","7421.00000000","2024-05-21T05:50:25.620Z","s","l"
"0.190000","4737.36641015","2024-05-21T05:50:25.644Z","s","l"
"0.190000","4737.71452183","2024-05-21T05:50:26.651Z","s","l"
"0.190000","2000.00000000","2024-05-21T05:57:42.290Z","s","l"
"0.190000","1000.00000000","2024-05-21T05:57:42.290Z","s","l"
"0.190000","2000.00000000","2024-05-21T05:58:02.221Z","s","l"
"0.190000","4738.91767517","2024-05-21T05:58:03.651Z","s","l"
"0.190000","4738.91767517","2024-05-21T05:58:04.650Z","s","l"
"0.190000","4738.91767517","2024-05-21T05:58:05.650Z","s","l"
"0.190000","4211.42234818","2024-05-21T05:58:36.650Z","s","l"
"0.190000","4211.42234818","2024-05-21T05:58:44.650Z","s","l"
"0.190000","4212.29097129","2024-05-21T05:58:46.651Z","s","l"
"0.190000","4212.29097129","2024-05-21T05:58:49.650Z","s","l"
"0.190000","5494.00000000","2024-05-21T05:58:55.098Z","s","l"
"0.190000","4212.36328448","2024-05-21T05:58:55.650Z","s","l"
"0.190000","4212.36328448","2024-05-21T05:58:56.650Z","s","l"
"0.190000","183.39917267","2024-05-21T05:59:04.479Z","s","l"
"0.190000","2000.00000000","2024-05-21T05:59:51.604Z","s","l"
"0.190000","3684.22910531","2024-05-21T06:00:07.838Z","s","l"
"0.190000","3684.22910531","2024-05-21T06:00:08.520Z","s","l"
"0.190000","7421.00000000","2024-05-21T06:00:14.052Z","s","l"
"0.190000","1000.00000000","2024-05-21T06:00:14.109Z","s","l"
"0.190000","2000.00000000","2024-05-21T06:00:14.109Z","s","l"
"0.190000","7420.99999999","2024-05-21T06:00:14.135Z","s","l"
"0.190000","5675.44692897","2024-05-21T06:00:14.142Z","s","l"
"0.190000","2632.00000000","2024-05-21T06:00:14.157Z","s","l"
"0.190000","4625.48711660","2024-05-21T06:00:14.281Z","s","l"
"0.190000","2632.00000000","2024-05-21T06:00:14.379Z","s","l"
"0.190000","28.37723465","2024-05-21T06:00:14.398Z","s","l"
"0.190000","3160.24452409","2024-05-21T06:00:15.650Z","s","l"
"0.190000","4737.71076799","2024-05-21T06:00:15.651Z","s","l"
"0.190000","3160.24452409","2024-05-21T06:00:16.650Z","s","l"
"0.190000","4737.71076799","2024-05-21T06:00:16.650Z","s","l"
"0.190010","124.98678947","2024-05-21T06:00:21.268Z","b","m"
"0.190000","790.81965203","2024-05-21T06:00:23.569Z","s","l"
"0.190000","790.81965203","2024-05-21T06:00:23.593Z","s","l"
"0.190000","7421.00000000","2024-05-21T06:00:23.594Z","s","l"
"0.190000","7421.00000000","2024-05-21T06:00:23.597Z","s","l"
"0.190000","790.81965203","2024-05-21T06:00:23.602Z","s","l"
"0.190000","2600.00000000","2024-05-21T06:00:23.606Z","s","l"
"0.190000","5500.00000000","2024-05-21T06:00:23.616Z","s","l"
"0.190000","4450.00000000","2024-05-21T06:00:23.641Z","s","l"
"0.190000","4409.26840494","2024-05-21T06:00:23.643Z","s","l"
"0.190000","5550.00000000","2024-05-21T06:00:23.656Z","s","l"
"0.190000","26530.00000000","2024-05-21T06:00:23.662Z","s","l"
"0.190000","3470.96946125","2024-05-21T06:00:23.725Z","s","l"
"0.190000","3794.11369906","2024-05-21T06:00:23.731Z","s","l"
"0.190000","4359.59222407","2024-05-21T06:00:23.792Z","s","l"
"0.190000","3378.58227765","2024-05-21T06:00:23.824Z","s","l"
"0.190000","26530.00000000","2024-05-21T06:00:23.832Z","s","l"
"0.190000","2634.82178494","2024-05-21T06:00:23.838Z","s","l"
"0.190000","7900.00000000","2024-05-21T06:00:23.889Z","s","l"
"0.190000","2366.59148810","2024-05-21T06:00:23.916Z","s","l"
"0.189500","2575.00000000","2024-05-21T06:00:24.365Z","b","l"
"0.189650","333.63484001","2024-05-21T06:05:54.501Z","b","l"
"0.189650","149.40623791","2024-05-21T06:05:54.530Z","b","l"
"0.189690","3743.32882264","2024-05-21T06:06:35.744Z","b","l"
"0.189660","650.00000000","2024-05-21T06:25:58.183Z","s","m"
"0.189660","326.73375029","2024-05-21T06:25:58.183Z","s","m"
"0.189710","650.00000000","2024-05-21T06:27:10.872Z","s","l"
"0.189700","5271.36661054","2024-05-21T06:27:10.872Z","s","l"
"0.189690","7906.56337083","2024-05-21T06:27:10.872Z","s","l"
"0.189670","1317.27319364","2024-05-21T06:27:10.872Z","s","l"
"0.189660","16155.08885299","2024-05-21T06:27:10.872Z","s","l"
"0.189650","870.00000000","2024-05-21T06:27:10.872Z","s","l"
"0.189640","4410.14332966","2024-05-21T06:27:10.872Z","s","l"
"0.189640","5272.92041170","2024-05-21T06:27:10.872Z","s","l"
"0.189620","2632.00000000","2024-05-21T06:27:10.872Z","s","l"
"0.189610","700.08383064","2024-05-21T06:27:10.872Z","s","l"
"0.188430","672.30885512","2024-05-21T06:40:30.714Z","s","m"
"0.188420","650.00000000","2024-05-21T06:40:30.714Z","s","m"
"0.188400","1177.69114488","2024-05-21T06:40:30.714Z","s","m"
"0.188530","10.44423000","2024-05-21T06:42:56.149Z","b","l"
"0.188310","10.99316000","2024-05-21T06:43:24.550Z","s","l"
"0.188340","650.00000000","2024-05-21T06:43:37.280Z","s","l"
"0.188340","5309.38013679","2024-05-21T06:43:37.280Z","s","l"
"0.188300","13053.96716321","2024-05-21T06:43:37.280Z","s","l"
"0.188720","3179.38803545","2024-05-21T06:48:35.361Z","b","l"
"0.188720","2187.39449952","2024-05-21T06:48:39.714Z","s","l"
"0.188730","650.00000000","2024-05-21T06:52:45.361Z","b","m"
"0.188730","1656.13805429","2024-05-21T06:52:45.361Z","b","m"
"0.188740","693.86194571","2024-05-21T06:52:45.361Z","b","m"
"0.188840","48.88544000","2024-05-21T07:00:35.913Z","b","l"
"0.187970","411.19714314","2024-05-21T07:11:17.977Z","b","m"
"0.188120","189.63301000","2024-05-21T07:13:08.539Z","b","l"
"0.187960","66.65034804","2024-05-21T07:14:11.475Z","s","l"
"0.188520","1000.00000000","2024-05-21T07:23:42.636Z","b","m"
"0.188420","164.80481301","2024-05-21T07:32:58.639Z","s","l"
"0.188410","650.00000000","2024-05-21T07:32:58.639Z","s","l"
"0.188410","2830.57796699","2024-05-21T07:32:58.639Z","s","l"
"0.188630","189.00261000","2024-05-21T07:37:31.405Z","b","l"
"0.189060","38.65440000","2024-05-21T07:39:53.978Z","b","l"
"0.189030","5289.89340966","2024-05-21T07:44:01.114Z","s","l"
"0.189000","2679.24889034","2024-05-21T07:44:01.114Z","s","l"
"0.188920","100.00000000","2024-05-21T07:47:01.588Z","s","l"
"0.188930","100.00000000","2024-05-21T07:47:22.521Z","s","l"
"0.189340","186.55314554","2024-05-21T07:49:56.572Z","s","l"
"0.189410","9.36304000","2024-05-21T07:52:09.866Z","b","l"
"0.189350","5281.00573489","2024-05-21T07:53:51.267Z","s","l"
"0.189310","650.00000000","2024-05-21T07:53:51.267Z","s","l"
"0.189310","5282.34113359","2024-05-21T07:53:51.267Z","s","l"
"0.189300","16155.08885299","2024-05-21T07:53:51.267Z","s","l"
"0.189280","281.56427853","2024-05-21T07:53:51.267Z","s","l"
"0.189370","5280.58293896","2024-05-21T07:54:14.567Z","s","l"
"0.189320","5281.78433644","2024-05-21T07:54:14.567Z","s","l"
"0.189310","4410.14332966","2024-05-21T07:54:14.567Z","s","l"
"0.189310","1319.84646421","2024-05-21T07:54:14.567Z","s","l"
"0.189300","3654.48362800","2024-05-21T07:54:14.567Z","s","l"
"0.189240","7.17082000","2024-05-21T07:57:02.536Z","b","l"
"0.189190","528.56916000","2024-05-21T07:58:04.195Z","b","m"
"0.189770","66.57036825","2024-05-21T08:06:23.415Z","b","l"
"0.189930","650.00000000","2024-05-21T08:07:08.610Z","b","l"
"0.189930","1645.69411416","2024-05-21T08:07:08.610Z","b","l"
"0.189940","3685.50601015","2024-05-21T08:07:08.610Z","b","l"
"0.189960","4410.14332966","2024-05-21T08:07:08.610Z","b","l"
"0.190000","3331.50019253","2024-05-21T08:07:08.610Z","b","l"
"0.190000","3000.00000000","2024-05-21T08:07:08.610Z","b","l"
"0.190000","3684.33490317","2024-05-21T08:07:08.610Z","b","l"
"0.190010","650.00000000","2024-05-21T08:07:43.331Z","b","l"
"0.190010","955.55756091","2024-05-21T08:07:43.331Z","b","l"
"0.190020","3683.91245041","2024-05-21T08:07:43.331Z","b","l"
"0.190050","3683.33071468","2024-05-21T08:07:43.331Z","b","l"
"0.190060","4739.00938979","2024-05-21T08:07:43.331Z","b","l"
"0.190080","4740.67891044","2024-05-21T08:07:43.331Z","b","l"
"0.190080","4410.14332966","2024-05-21T08:07:43.331Z","b","l"
"0.190090","12622.20918257","2024-05-21T08:07:43.331Z","b","l"
"0.189560","263.65515880","2024-05-21T08:13:56.745Z","s","l"
"0.189550","198.01860120","2024-05-21T08:13:56.745Z","s","l"
"0.189340","264.07665103","2024-05-21T08:22:51.104Z","s","m"
"0.189330","650.00000000","2024-05-21T08:22:51.104Z","s","m"
"0.189330","264.07665103","2024-05-21T08:22:51.104Z","s","m"
"0.189320","1859.66482794","2024-05-21T08:22:51.104Z","s","m"
"0.189410","706.57004300","2024-05-21T08:26:42.874Z","s","m"
"0.189520","210.00000000","2024-05-21T08:29:06.297Z","s","m"
"0.189500","1000.00000000","2024-05-21T08:32:48.568Z","b","m"
"0.189120","134.72422623","2024-05-21T08:35:03.113Z","b","m"
"0.189120","134.72422623","2024-05-21T08:35:08.336Z","b","m"
"0.189220","100.98927000","2024-05-21T08:39:43.353Z","s","l"
"0.189250","5.20593000","2024-05-21T08:49:14.031Z","b","l"
"0.189550","681.15747823","2024-05-21T09:10:18.345Z","s","l"
"0.189620","4326.93597000","2024-05-21T09:15:32.575Z","s","l"
"0.189300","650.00000000","2024-05-21T09:27:59.897Z","b","l"
"0.189300","1021.64653000","2024-05-21T09:27:59.897Z","b","l"
"0.189210","135.30201000","2024-05-21T09:29:35.013Z","s","l"
"0.189170","264.31252313","2024-05-21T09:39:14.027Z","b","m"
"0.188800","632.37304878","2024-05-21T09:42:43.277Z","s","l"
"0.188910","264.31252313","2024-05-21T09:49:55.942Z","s","m"
"0.189030","3174.21603255","2024-05-21T09:52:13.700Z","b","m"
"0.189070","3173.42783096","2024-05-21T09:52:13.700Z","b","m"
"0.189080","650.00000000","2024-05-21T09:52:13.700Z","b","m"
"0.189090","3000.00000000","2024-05-21T09:52:13.700Z","b","m"
"0.189110","1145.12876104","2024-05-21T09:52:13.700Z","b","m"
"0.189070","650.00000000","2024-05-21T09:55:21.911Z","s","m"
"0.189060","2350.00000000","2024-05-21T09:55:21.911Z","s","m"
"0.189160","76.80189000","2024-05-21T10:00:57.039Z","b","l"
"0.189620","2374.28910452","2024-05-21T10:24:27.395Z","s","l"
"0.189460","650.00000000","2024-05-21T10:28:59.594Z","b","m"
"0.189470","3166.75939825","2024-05-21T10:28:59.594Z","b","m"
"0.189520","1683.24060175","2024-05-21T10:28:59.594Z","b","m"
"0.189580","149.84200000","2024-05-21T10:30:12.855Z","s","m"
"0.189000","3174.76583192","2024-05-21T10:44:18.436Z","b","m"
"0.189050","192.60153545","2024-05-21T10:44:18.436Z","b","m"
"0.189110","650.00000000","2024-05-21T10:47:58.107Z","b","l"
"0.189120","39.16468411","2024-05-21T10:47:58.107Z","b","l"
"0.188930","52.92965648","2024-05-21T10:48:50.024Z","s","l"
"0.188530","2652.19430981","2024-05-21T10:51:08.912Z","b","m"
"0.188620","650.00000000","2024-05-21T10:51:08.912Z","b","m"
"0.188630","1546.95483934","2024-05-21T10:51:08.912Z","b","m"
"0.188960","2600.00000000","2024-05-21T11:04:24.587Z","b","l"
"0.189170","676.85534000","2024-05-21T11:10:12.469Z","s","l"
"0.189990","646.76998000","2024-05-21T11:37:57.904Z","b","l"
"0.189900","1073.45951752","2024-05-21T11:42:13.566Z","b","m"
"0.190400","62.17168672","2024-05-21T11:49:22.287Z","b","l"
"0.190520","25.00000000","2024-05-21T11:49:42.499Z","b","l"
"0.190500","4444.00000000","2024-05-21T11:53:15.674Z","s","l"
"0.190440","2625.54092244","2024-05-21T11:54:31.856Z","b","l"
"0.190470","1686.58873635","2024-05-21T11:54:31.856Z","b","l"
"0.189100","179.63608000","2024-05-21T12:02:59.169Z","s","l"
"0.190430","7769.02096329","2024-05-21T12:07:02.316Z","s","l"
"0.190380","1050.53051791","2024-05-21T12:07:58.090Z","s","l"
"0.190260","525.59655209","2024-05-21T12:12:03.731Z","b","m"
"0.190000","50.00000000","2024-05-21T12:14:53.361Z","s","l"
"0.190750","368.46800382","2024-05-21T12:23:46.379Z","b","l"
"0.190950","62.17168672","2024-05-21T12:23:46.523Z","b","l"
"0.190990","66.15780205","2024-05-21T12:23:47.028Z","b","l"
"0.191060","304.91151000","2024-05-21T12:23:48.815Z","s","m"
"0.191070","1600.28626015","2024-05-21T12:23:48.939Z","b","l"
"0.191080","170.15329883","2024-05-21T12:23:49.129Z","b","l"
"0.191830","133.00922020","2024-05-21T12:24:35.972Z","b","l"
"0.191830","133.00922019","2024-05-21T12:24:35.972Z","b","l"
"0.191960","31.10476445","2024-05-21T12:24:44.824Z","b","l"
"0.192060","123.34454678","2024-05-21T12:24:45.403Z","b","l"
"0.192000","52.04528926","2024-05-21T12:26:35.311Z","b","l"
"0.191780","520.83333334","2024-05-21T12:26:56.565Z","b","l"
"0.191380","650.00000000","2024-05-21T12:27:21.548Z","s","m"
"0.191380","3681.34813200","2024-05-21T12:27:21.548Z","s","m"
"0.191380","650.00000000","2024-05-21T12:29:13.728Z","b","l"
"0.191380","650.00000000","2024-05-21T12:29:13.731Z","b","l"
"0.191380","650.00000000","2024-05-21T12:29:13.733Z","b","l"
"0.191460","650.00000000","2024-05-21T12:29:13.736Z","b","l"
"0.191570","650.00000000","2024-05-21T12:29:13.772Z","b","l"
"0.191580","200.00000000","2024-05-21T12:29:13.772Z","b","l"
"0.191580","650.00000000","2024-05-21T12:29:13.782Z","b","l"
"0.191720","650.00000000","2024-05-21T12:29:13.819Z","b","l"
"0.191720","2145.15948790","2024-05-21T12:29:13.841Z","b","l"
"0.191730","10000.00000000","2024-05-21T12:29:13.841Z","b","l"
"0.191770","7573.62552728","2024-05-21T12:29:13.841Z","b","l"
"0.191900","2151.91537352","2024-05-21T12:29:13.856Z","b","l"
"0.192170","179.04146204","2024-05-21T12:29:13.856Z","b","l"
"0.192170","947.03023363","2024-05-21T12:29:13.856Z","b","l"
"0.192180","2352.40000458","2024-05-21T12:29:13.856Z","b","l"
"0.192200","2442.30332153","2024-05-21T12:29:13.856Z","b","l"
"0.192210","26328.00000000","2024-05-21T12:29:13.856Z","b","l"
"0.192220","65.73386951","2024-05-21T12:29:13.856Z","b","l"
"0.192220","4684.24983606","2024-05-21T12:29:13.856Z","b","l"
"0.192280","1974.30827881","2024-05-21T12:29:13.856Z","b","l"
"0.192500","10000.00000000","2024-05-21T12:29:13.856Z","b","l"
"0.192500","250.00000000","2024-05-21T12:29:13.856Z","b","l"
"0.192650","62.72482096","2024-05-21T12:29:13.856Z","b","l"
"0.192650","4773.10015811","2024-05-21T12:29:13.856Z","b","l"
"0.192590","4682.93797972","2024-05-21T12:29:13.953Z","b","l"
"0.192590","481.27472868","2024-05-21T12:29:13.953Z","b","l"
"0.192600","1247.59663341","2024-05-21T12:29:13.953Z","b","l"
"0.192640","3221.70619822","2024-05-21T12:29:13.953Z","b","l"
"0.192850","9639.60000000","2024-05-21T12:29:13.953Z","b","l"
"0.192900","17937.39221389","2024-05-21T12:29:13.953Z","b","l"
"0.192380","2325.50819101","2024-05-21T12:29:14.010Z","b","l"
"0.192580","1726.72084328","2024-05-21T12:29:14.101Z","b","l"
"0.192780","2725.14769160","2024-05-21T12:29:14.155Z","b","l"
"0.192800","1476.80351384","2024-05-21T12:29:14.155Z","b","l"
"0.193080","364.04445609","2024-05-21T12:29:14.155Z","b","l"
"0.193320","2325.50819101","2024-05-21T12:29:14.155Z","b","l"
"0.193330","26.31406179","2024-05-21T12:29:14.155Z","b","l"
"0.193350","123.34454678","2024-05-21T12:29:14.155Z","b","l"
"0.193360","2000.00000000","2024-05-21T12:29:14.155Z","b","l"
"0.193360","1000.00000000","2024-05-21T12:29:14.155Z","b","l"
"0.193360","2478.92309521","2024-05-21T12:29:14.155Z","b","l"
"0.193360","2118.37690479","2024-05-21T12:29:14.169Z","b","l"
"0.193360","4857.29012667","2024-05-21T12:29:14.169Z","b","l"
"0.193360","569.90000000","2024-05-21T12:29:14.169Z","b","l"
"0.193360","4650.02969555","2024-05-21T12:29:14.169Z","b","l"
"0.193360","581.46757719","2024-05-21T12:29:14.169Z","b","l"
"0.193360","4371.56111400","2024-05-21T12:29:14.169Z","b","l"
"0.193360","2115.12765444","2024-05-21T12:29:14.169Z","b","l"
"0.193360","5758.87596623","2024-05-21T12:29:14.169Z","b","l"
"0.193360","17.54207377","2024-05-21T12:29:14.169Z","b","l"
"0.193200","713.22939727","2024-05-21T12:29:14.235Z","b","l"
"0.193350","2325.50819101","2024-05-21T12:29:14.235Z","b","l"
"0.193360","5741.32446532","2024-05-21T12:29:14.235Z","b","l"
"0.193360","7421.00000000","2024-05-21T12:29:14.235Z","b","l"
"0.193360","650.00000000","2024-05-21T12:29:14.235Z","b","l"
"0.193360","670.20073912","2024-05-21T12:29:14.235Z","b","l"
"0.193350","2325.50819101","2024-05-21T12:29:14.261Z","b","l"
"0.193360","2189.79926088","2024-05-21T12:29:14.261Z","b","l"
"0.193360","1896.67025603","2024-05-21T12:29:14.261Z","b","l"
"0.193360","4448.13748339","2024-05-21T12:29:14.261Z","b","l"
"0.193440","77.58593362","2024-05-21T12:29:14.261Z","b","l"
"0.193460","65.31192681","2024-05-21T12:29:14.261Z","b","l"
"0.193580","39.18362367","2024-05-21T12:29:14.261Z","b","l"
"0.193810","1472.99103368","2024-05-21T12:29:14.261Z","b","l"
"0.192410","750.00000000","2024-05-21T12:29:14.514Z","s","l"
"0.193690","177.24624194","2024-05-21T12:29:14.689Z","s","l"
"0.193480","3101.24353275","2024-05-21T12:29:14.995Z","b","l"
"0.193540","3100.27733581","2024-05-21T12:29:14.995Z","b","l"
"0.193700","185.06656023","2024-05-21T12:29:14.995Z","b","l"
"0.193710","1040.00000000","2024-05-21T12:29:14.995Z","b","l"
"0.193730","987.15413941","2024-05-21T12:29:14.995Z","b","l"
"0.193750","825.45630180","2024-05-21T12:29:14.995Z","b","l"
"0.193540","1050.00000000","2024-05-21T12:29:15.020Z","b","l"
"0.193820","31.50000000","2024-05-21T12:29:15.096Z","b","l"
"0.193930","9950.07902102","2024-05-21T12:29:15.096Z","b","l"
"0.193750","10736.27105695","2024-05-21T12:29:15.110Z","b","l"
"0.193740","1544.53571993","2024-05-21T12:29:15.112Z","s","l"
"0.193750","10736.27105694","2024-05-21T12:29:15.126Z","s","l"
"0.193980","7732.95026653","2024-05-21T12:29:15.140Z","b","l"
"0.194000","1698.15219968","2024-05-21T12:29:15.140Z","b","l"
"0.194000","22502.73661478","2024-05-21T12:29:15.188Z","b","l"
"0.193990","628.93746699","2024-05-21T12:29:15.462Z","s","l"
"0.194000","11321.99495158","2024-05-21T12:29:15.479Z","b","l"
"0.193810","661.48979680","2024-05-21T12:29:15.512Z","b","l"
"0.193990","2326.87767410","2024-05-21T12:29:15.523Z","b","l"
"0.193990","729.42353330","2024-05-21T12:29:15.975Z","b","l"
"0.193990","1975.22191865","2024-05-21T12:29:16.070Z","b","l"
"0.193810","13609.89073047","2024-05-21T12:29:16.538Z","b","l"
"0.194000","135.00000000","2024-05-21T12:29:16.594Z","b","l"
"0.193930","69.21106900","2024-05-21T12:29:16.795Z","s","m"
"0.194000","24280.92857396","2024-05-21T12:29:16.894Z","b","l"
"0.194140","39.15601363","2024-05-21T12:29:17.063Z","b","l"
"0.194140","174.18016225","2024-05-21T12:29:17.102Z","b","l"
"0.194070","4900.00000000","2024-05-21T12:29:17.340Z","b","l"
"0.194070","2000.00000000","2024-05-21T12:29:17.349Z","b","l"
"0.194420","3086.15723810","2024-05-21T12:29:17.504Z","b","l"
"0.194490","4627.56253042","2024-05-21T12:29:17.504Z","b","l"
"0.194700","64.89536644","2024-05-21T12:29:17.504Z","b","l"
"0.194740","493.57706970","2024-05-21T12:29:17.504Z","b","l"
"0.194840","9495.82763309","2024-05-21T12:29:17.504Z","b","l"
"0.194440","4400.00000000","2024-05-21T12:29:17.606Z","b","l"
"0.194130","4400.00000000","2024-05-21T12:29:17.624Z","b","l"
"0.194130","11012.06635162","2024-05-21T12:29:17.648Z","b","l"
"0.194820","119.00000000","2024-05-21T12:29:17.748Z","b","l"
"0.194640","3763.16158351","2024-05-21T12:29:20.169Z","b","l"
"0.194650","3084.72167235","2024-05-21T12:29:20.169Z","b","l"
"0.194880","179.15229885","2024-05-21T12:29:20.890Z","b","l"
"0.194970","166.76005540","2024-05-21T12:29:21.768Z","b","l"
"0.195000","250.00000000","2024-05-21T12:29:21.768Z","b","l"
"0.195430","359.65133623","2024-05-21T12:29:22.210Z","b","l"
"0.195510","61.80691268","2024-05-21T12:29:22.244Z","b","l"
"0.195540","300.00000000","2024-05-21T12:29:22.266Z","b","l"
"0.195600","520.83333333","2024-05-21T12:29:22.626Z","b","l"
"0.195890","38.72044763","2024-05-21T12:29:23.253Z","b","l"
"0.195710","220.00000000","2024-05-21T12:29:23.357Z","s","l"
"0.195690","2467.92100960","2024-05-21T12:29:24.693Z","b","l"
"0.195690","510.49058145","2024-05-21T12:29:24.740Z","b","l"
"0.195780","417.98089692","2024-05-21T12:29:27.494Z","b","l"
"0.195960","64.48076881","2024-05-21T12:29:27.964Z","b","l"
"0.196080","52.04528926","2024-05-21T12:29:28.335Z","b","l"
"0.196390","234.73853046","2024-05-21T12:29:29.357Z","b","l"
"0.196400","2196.00524338","2024-05-21T12:29:29.357Z","b","l"
"0.196500","35.31535416","2024-05-21T12:29:29.357Z","b","l"
"0.196500","2231.32059754","2024-05-21T12:29:29.361Z","s","l"
"0.196490","193.67940246","2024-05-21T12:29:29.361Z","s","l"
"0.196490","555.05265295","2024-05-21T12:29:29.363Z","s","l"
"0.195340","63.99099007","2024-05-21T12:29:30.712Z","s","l"
"0.195270","1991.93757968","2024-05-21T12:29:35.181Z","b","l"
"0.194990","64.10585158","2024-05-21T12:29:35.401Z","s","l"
"0.194950","650.00000000","2024-05-21T12:29:35.401Z","s","l"
"0.194940","1350.00000000","2024-05-21T12:29:35.401Z","s","l"
"0.195170","245.96388048","2024-05-21T12:29:36.178Z","b","l"
"0.195190","1604.09141302","2024-05-21T12:29:44.528Z","b","l"
"0.195550","2231.32059753","2024-05-21T12:29:47.119Z","b","l"
"0.195950","150.15234741","2024-05-21T12:29:47.693Z","s","l"
"0.195950","4438.74907435","2024-05-21T12:29:48.181Z","s","l"
"0.195890","2982.25092565","2024-05-21T12:29:48.181Z","s","l"
"0.195500","5338.21476599","2024-05-21T12:29:48.622Z","b","l"
"0.195610","650.00000000","2024-05-21T12:29:52.239Z","b","l"
"0.195610","46.74710597","2024-05-21T12:29:52.240Z","b","l"
"0.195610","1298.25040711","2024-05-21T12:29:52.241Z","b","l"
"0.195880","1286.63998304","2024-05-21T12:29:55.846Z","b","l"
"0.195770","1000.00000000","2024-05-21T12:29:56.752Z","s","l"
"0.195770","2000.00000000","2024-05-21T12:29:56.753Z","s","l"
"0.195770","2324.49317862","2024-05-21T12:29:56.759Z","s","l"
"0.195610","2602.05941536","2024-05-21T12:29:57.279Z","b","l"
"0.195900","1000.00000000","2024-05-21T12:30:00.339Z","s","l"
"0.195900","216.36231040","2024-05-21T12:30:00.339Z","s","l"
"0.195880","855.60741100","2024-05-21T12:30:00.339Z","s","l"
"0.195610","196.75349900","2024-05-21T12:30:02.732Z","s","l"
"0.195610","73.89613200","2024-05-21T12:30:02.732Z","s","l"
"0.195610","197.37592000","2024-05-21T12:30:02.732Z","s","l"
"0.195500","31.15345000","2024-05-21T12:30:05.039Z","s","l"
"0.195300","800.84602532","2024-05-21T12:30:05.592Z","b","l"
"0.195210","376.47132071","2024-05-21T12:30:08.734Z","s","l"
"0.195210","1940.81410645","2024-05-21T12:30:08.734Z","s","l"
"0.195080","749.20761317","2024-05-21T12:30:11.158Z","s","l"
"0.195320","51.21139238","2024-05-21T12:30:11.418Z","b","l"
"0.195210","193.17474452","2024-05-21T12:30:13.806Z","b","l"
"0.195090","64.07299195","2024-05-21T12:30:16.390Z","s","l"
"0.194890","495.54087612","2024-05-21T12:30:16.656Z","s","l"
"0.194490","76.96254490","2024-05-21T12:30:18.935Z","b","l"
"0.194510","59.28194192","2024-05-21T12:30:22.132Z","b","l"
"0.195030","47.58781416","2024-05-21T12:30:33.334Z","b","l"
"0.194610","47.70431237","2024-05-21T12:30:38.992Z","s","l"
"0.194770","650.00000000","2024-05-21T12:30:39.388Z","b","l"
"0.194780","5134.25510687","2024-05-21T12:30:39.388Z","b","l"
"0.194810","4410.14332966","2024-05-21T12:30:39.388Z","b","l"
"0.194820","5132.94322964","2024-05-21T12:30:39.388Z","b","l"
"0.194830","16155.08885299","2024-05-21T12:30:39.388Z","b","l"
"0.194840","2038.94190589","2024-05-21T12:30:39.388Z","b","l"
"0.194750","27190.18897014","2024-05-21T12:30:42.110Z","b","l"
"0.194920","38.32424334","2024-05-21T12:30:44.911Z","b","l"
"0.193890","56.33004651","2024-05-21T12:30:55.481Z","s","l"
"0.193100","321.73339150","2024-05-21T12:30:56.211Z","s","l"
"0.193090","608.97660850","2024-05-21T12:30:56.211Z","s","l"
"0.193320","15748.00000000","2024-05-21T12:30:58.296Z","b","l"
"0.193080","359.65133623","2024-05-21T12:30:59.431Z","s","l"
"0.192790","43.67412984","2024-05-21T12:30:59.839Z","s","m"
"0.192720","922.49872795","2024-05-21T12:31:03.428Z","s","l"
"0.192240","94.17643100","2024-05-21T12:31:06.619Z","s","m"
"0.192260","84.64346900","2024-05-21T12:31:08.979Z","s","m"
"0.192340","82.67561100","2024-05-21T12:31:12.801Z","s","m"
"0.192190","118.05221800","2024-05-21T12:31:17.070Z","s","m"
"0.192450","510.00728900","2024-05-21T12:31:20.270Z","s","m"
"0.192450","76.43936700","2024-05-21T12:31:20.428Z","s","m"
"0.192190","100.26040800","2024-05-21T12:31:30.358Z","s","m"
"0.192310","2780.82643781","2024-05-21T12:31:34.304Z","b","l"
"0.192410","2292.72394284","2024-05-21T12:31:42.414Z","b","l"
"0.192440","16155.08885299","2024-05-21T12:31:42.414Z","b","l"
"0.192470","5195.61490102","2024-05-21T12:31:42.414Z","b","l"
"0.192500","16594.85404315","2024-05-21T12:31:42.414Z","b","l"
"0.192190","822.32424377","2024-05-21T12:31:48.874Z","s","l"
"0.192080","78.12483471","2024-05-21T12:31:49.584Z","s","l"
"0.192020","61.80691268","2024-05-21T12:31:49.598Z","s","l"
"0.191900","1379.53204794","2024-05-21T12:31:49.660Z","s","l"
"0.191190","3921.73703293","2024-05-21T12:32:13.879Z","s","l"
"0.191140","371.53913961","2024-05-21T12:32:15.063Z","s","l"
"0.190900","157.15034050","2024-05-21T12:32:52.076Z","s","l"
"0.190750","364.04445609","2024-05-21T12:33:09.152Z","s","l"
"0.190660","39.61464353","2024-05-21T12:33:09.443Z","s","l"
"0.190550","166.92698272","2024-05-21T12:33:15.195Z","s","l"
"0.190270","189.38724725","2024-05-21T12:33:23.453Z","b","m"
"0.190560","567.54145675","2024-05-21T12:33:30.602Z","b","l"
"0.190110","124.70133679","2024-05-21T12:34:14.252Z","s","l"
"0.189760","714.21371787","2024-05-21T12:34:15.716Z","s","m"
"0.189760","685.78628213","2024-05-21T12:34:15.716Z","s","m"
"0.189940","121.32653000","2024-05-21T12:35:08.588Z","b","l"
"0.189680","650.00000000","2024-05-21T12:36:50.980Z","s","l"
"0.189640","1317.55609017","2024-05-21T12:36:50.980Z","s","l"
"0.189630","3247.15929297","2024-05-21T12:36:50.980Z","s","l"
"0.189590","2004.44186400","2024-05-21T12:37:12.994Z","s","l"
"0.189730","57.00000000","2024-05-21T12:38:00.364Z","b","m"
"0.189730","25.00000000","2024-05-21T12:38:02.030Z","b","m"
"0.189760","348.58980743","2024-05-21T12:38:46.495Z","s","l"
"0.189490","5277.05412504","2024-05-21T12:41:34.859Z","s","l"
"0.189490","4747.68463429","2024-05-21T12:41:34.859Z","s","l"
"0.189450","1318.75020901","2024-05-21T12:41:34.859Z","s","l"
"0.189440","3656.51103166","2024-05-21T12:41:34.859Z","s","l"
"0.189590","650.00000000","2024-05-21T12:41:41.942Z","b","l"
"0.189950","52.65339737","2024-05-21T12:45:55.134Z","b","l"
"0.190000","5549.12019937","2024-05-21T12:47:15.452Z","b","l"
"0.190130","2634.62957108","2024-05-21T12:47:15.781Z","b","l"
"0.190480","84.49197800","2024-05-21T12:47:45.133Z","b","m"
"0.190560","1640.32011077","2024-05-21T12:48:09.695Z","b","m"
"0.190570","5247.57739722","2024-05-21T12:48:09.695Z","b","m"
"0.190610","5246.31446408","2024-05-21T12:48:09.695Z","b","m"
"0.190630","1604.31141778","2024-05-21T12:48:09.695Z","b","m"
"0.190640","9298.35417016","2024-05-21T12:48:09.695Z","b","m"
"0.190440","4725.99357585","2024-05-21T12:48:19.287Z","b","m"
"0.190450","16155.08885299","2024-05-21T12:48:19.287Z","b","m"
"0.190540","2082.28823344","2024-05-21T12:48:19.287Z","b","m"
"0.190410","75.93865000","2024-05-21T12:48:49.430Z","b","m"
"0.190210","2628.67357131","2024-05-21T12:50:02.399Z","s","l"
"0.189760","4205.87771400","2024-05-21T12:55:39.272Z","b","m"
"0.190360","65.37730621","2024-05-21T12:59:58.590Z","b","l"
"0.189950","525.32044548","2024-05-21T13:00:15.521Z","b","l"
"0.190040","64.54531103","2024-05-21T13:00:17.286Z","b","l"
"0.190090","64.96032884","2024-05-21T13:00:31.341Z","b","l"
"0.190090","65.79967129","2024-05-21T13:00:32.494Z","b","l"
"0.189210","62.72482096","2024-05-21T13:08:51.608Z","s","l"
"0.189170","66.22402821","2024-05-21T13:08:51.608Z","s","l"
"0.189150","650.00000000","2024-05-21T13:08:51.608Z","s","l"
"0.189140","1428.55743083","2024-05-21T13:08:51.608Z","s","l"
"0.189140","264.35444644","2024-05-21T13:10:39.650Z","s","l"
"0.189040","124.70133679","2024-05-21T13:10:41.125Z","s","l"
"0.188460","368.46800382","2024-05-21T13:12:03.404Z","s","l"
"0.188350","982.21396337","2024-05-21T13:12:13.649Z","s","l"
"0.188270","1115.41934455","2024-05-21T13:14:03.205Z","s","l"
"0.188160","83.74005719","2024-05-21T13:14:17.015Z","s","l"
"0.187960","66.65034804","2024-05-21T13:14:17.537Z","s","l"
"0.187880","528.56916000","2024-05-21T13:14:17.537Z","s","m"
"0.188110","483.94290574","2024-05-21T13:16:24.129Z","s","l"
"0.189700","9.24235000","2024-05-21T13:24:06.989Z","s","l"
"0.189770","66.57036826","2024-05-21T13:24:12.595Z","b","l"
"0.190020","82.64273600","2024-05-21T13:24:12.648Z","b","m"
"0.189990","92.67859500","2024-05-21T13:24:22.603Z","b","m"
"0.190340","507.53804300","2024-05-21T13:25:15.091Z","b","m"
"0.190240","212.65620238","2024-05-21T13:26:13.450Z","s","m"
"0.190730","37.60813901","2024-05-21T13:27:43.658Z","s","l"
"0.190710","25.00000000","2024-05-21T13:28:21.310Z","b","m"
"0.190750","368.46800382","2024-05-21T13:30:12.359Z","b","l"
"0.190980","106.67671622","2024-05-21T13:30:12.984Z","b","l"
"0.190990","66.14456000","2024-05-21T13:30:13.066Z","b","l"
"0.190810","650.00000000","2024-05-21T13:32:51.624Z","b","m"
"0.190810","1531.90318633","2024-05-21T13:32:51.624Z","b","m"
"0.190830","5240.26620552","2024-05-21T13:32:51.624Z","b","m"
"0.190890","232.92989274","2024-05-21T13:32:51.624Z","b","m"
"0.190900","1699.79707362","2024-05-21T13:32:51.624Z","b","m"
"0.190900","7857.87604474","2024-05-21T13:32:51.624Z","b","m"
"0.190930","3000.00000000","2024-05-21T13:32:51.624Z","b","m"
"0.190930","4410.14332966","2024-05-21T13:32:51.624Z","b","m"
"0.190940","810.00000000","2024-05-21T13:32:51.624Z","b","m"
"0.190950","117.73731269","2024-05-21T13:32:51.624Z","b","m"
"0.191390","106.67671622","2024-05-21T13:35:51.409Z","b","l"
"0.191480","1507.53440885","2024-05-21T13:35:57.397Z","b","l"
"0.191990","5208.39705969","2024-05-21T13:36:13.776Z","s","l"
"0.191950","880.00000000","2024-05-21T13:36:13.776Z","s","l"
"0.191950","5209.69002344","2024-05-21T13:36:13.776Z","s","l"
"0.191940","1301.78382309","2024-05-21T13:36:13.776Z","s","l"
"0.191930","650.00000000","2024-05-21T13:36:13.776Z","s","l"
"0.191930","4687.31446341","2024-05-21T13:36:13.776Z","s","l"
"0.191920","4687.24866562","2024-05-21T13:36:13.776Z","s","l"
"0.191910","1302.00712742","2024-05-21T13:36:13.776Z","s","l"
"0.191900","4687.44915971","2024-05-21T13:36:13.776Z","s","l"
"0.191890","7816.93104396","2024-05-21T13:36:13.776Z","s","l"
"0.191850","10395.35053366","2024-05-21T13:36:13.776Z","s","l"
"0.191880","520.80620801","2024-05-21T13:36:52.374Z","b","l"
"0.191550","73.01173403","2024-05-21T13:40:54.272Z","b","l"
"0.191840","4694.25859325","2024-05-21T13:42:10.606Z","b","m"
"0.191850","5212.64872861","2024-05-21T13:42:10.606Z","b","m"
"0.191860","93.09267814","2024-05-21T13:42:10.606Z","b","m"
"0.191880","260.57952887","2024-05-21T13:42:57.495Z","b","l"
"0.191950","5.04597000","2024-05-21T13:45:09.254Z","b","l"
"0.191980","520.96900000","2024-05-21T13:45:14.200Z","b","m"
"0.191870","177.03383000","2024-05-21T13:46:23.548Z","b","l"
"0.192010","177.79452703","2024-05-21T13:46:29.901Z","b","l"
"0.192220","65.65491355","2024-05-21T13:46:29.901Z","b","l"
"0.192390","3600.00000000","2024-05-21T13:46:30.783Z","b","l"
"0.191640","10391.28324330","2024-05-21T13:49:18.291Z","s","l"
"0.191640","10391.28324330","2024-05-21T13:49:18.293Z","s","l"
"0.191640","6493.35702321","2024-05-21T13:49:18.307Z","s","l"
"0.191440","1250.00000000","2024-05-21T13:49:18.597Z","s","l"
"0.190390","65.79967129","2024-05-21T13:51:03.627Z","s","l"
"0.190260","728.41567296","2024-05-21T13:51:07.184Z","s","l"
"0.190260","243.93794841","2024-05-21T13:51:07.473Z","s","l"
"0.190690","1048.82269651","2024-05-21T13:55:02.712Z","b","l"
"0.191020","543.13684430","2024-05-21T14:06:02.099Z","s","l"
"0.190650","650.00000000","2024-05-21T14:07:01.733Z","b","l"
"0.190650","650.00000000","2024-05-21T14:07:01.746Z","b","l"
"0.190650","2565.49899512","2024-05-21T14:07:02.552Z","b","l"
"0.191150","527.55212000","2024-05-21T14:07:42.928Z","b","l"
"0.190220","52.92965648","2024-05-21T14:18:56.867Z","s","l"
"0.190010","1000.00000000","2024-05-21T14:19:39.009Z","s","m"
"0.189780","867.37016000","2024-05-21T14:23:01.192Z","s","l"
"0.191200","2949.44382839","2024-05-21T14:34:24.820Z","b","l"
"0.191210","37.34367135","2024-05-21T14:34:32.725Z","b","l"
"0.191470","42.10346127","2024-05-21T14:35:25.091Z","b","l"
"0.190620","182.48366561","2024-05-21T14:37:51.217Z","s","l"
"0.190690","4195.32592883","2024-05-21T14:38:01.535Z","b","l"
"0.190700","980.00000000","2024-05-21T14:38:56.409Z","s","l"
"0.190630","1670.00000000","2024-05-21T14:38:56.409Z","s","l"
"0.190520","650.00000000","2024-05-21T14:39:27.666Z","s","m"
"0.190520","1087.12633676","2024-05-21T14:39:27.666Z","s","m"
"0.189970","78.95983576","2024-05-21T14:43:33.787Z","b","m"
"0.189790","12600.00000470","2024-05-21T14:49:13.459Z","s","l"
"0.189830","101.47651000","2024-05-21T14:54:33.803Z","s","l"
"0.190040","214.75052000","2024-05-21T14:55:34.416Z","s","l"
"0.189830","425.31061532","2024-05-21T14:55:54.342Z","s","l"
"0.190300","56.29795060","2024-05-21T15:00:34.975Z","b","l"
"0.190320","3152.65612511","2024-05-21T15:00:34.975Z","b","l"
"0.190320","650.00000000","2024-05-21T15:00:34.975Z","b","l"
"0.190320","1642.26209932","2024-05-21T15:00:34.975Z","b","l"
"0.190340","3388.88590830","2024-05-21T15:00:34.975Z","b","l"
"0.191010","64.86383622","2024-05-21T15:03:02.736Z","s","l"
"0.190360","3151.97466040","2024-05-21T15:06:47.699Z","b","l"
"0.190400","1935.45258960","2024-05-21T15:06:47.699Z","b","l"
"0.190010","2973.64307000","2024-05-21T15:07:48.516Z","s","l"
"0.190010","4091.89559655","2024-05-21T15:07:56.342Z","s","l"
"0.189920","1989.84526642","2024-05-21T15:08:29.116Z","s","l"
"0.189910","147.07093000","2024-05-21T15:09:04.104Z","s","l"
"0.190070","100.00198000","2024-05-21T15:17:09.500Z","s","l"
"0.190750","4720.37354120","2024-05-21T15:19:35.590Z","b","l"
"0.190750","262.13121701","2024-05-21T15:19:35.590Z","b","l"
"0.190760","262.13121701","2024-05-21T15:19:35.590Z","b","l"
"0.190770","4720.36532144","2024-05-21T15:19:35.590Z","b","l"
"0.190780","650.00000000","2024-05-21T15:19:35.590Z","b","l"
"0.190850","650.00000000","2024-05-21T15:21:24.936Z","s","l"
"0.190830","1477.48556000","2024-05-21T15:21:24.936Z","s","l"
"0.190900","413.35261000","2024-05-21T15:24:55.300Z","s","l"
"0.190500","869.49895000","2024-05-21T15:25:33.985Z","s","l"
"0.190970","261.91157200","2024-05-21T15:26:02.111Z","b","l"
"0.190980","245.23534800","2024-05-21T15:26:02.111Z","b","l"
"0.190730","262.15068421","2024-05-21T15:26:12.199Z","b","m"
"0.190500","101.68220000","2024-05-21T15:30:08.024Z","b","l"
"0.190300","3863.37500000","2024-05-21T15:30:39.104Z","s","m"
"0.190110","650.00000000","2024-05-21T15:33:21.960Z","s","l"
"0.190090","30466.80000000","2024-05-21T15:33:21.960Z","s","l"
"0.190080","5260.68731464","2024-05-21T15:33:21.960Z","s","l"
"0.190070","7852.76603984","2024-05-21T15:33:21.960Z","s","l"
"0.190050","16155.08885299","2024-05-21T15:33:21.960Z","s","l"
"0.190040","5261.96767731","2024-05-21T15:33:21.960Z","s","l"
"0.190030","890.00000000","2024-05-21T15:33:21.960Z","s","l"
"0.190020","9639.60000000","2024-05-21T15:33:21.960Z","s","l"
"0.190000","2634.00000000","2024-05-21T15:33:21.960Z","s","l"
"0.190000","21202.95310190","2024-05-21T15:33:21.960Z","s","l"
"0.190000","4962.04689810","2024-05-21T15:33:21.960Z","s","l"
"0.189900","3179.79511000","2024-05-21T15:35:13.563Z","s","l"
"0.190000","5487.09011522","2024-05-21T15:36:00.707Z","b","l"
"0.189330","147.88992764","2024-05-21T15:41:38.309Z","s","l"
"0.189830","76.17910000","2024-05-21T15:48:57.933Z","s","l"
"0.189170","66.22402821","2024-05-21T15:50:23.759Z","s","l"
"0.188670","220.71066000","2024-05-21T15:50:49.934Z","s","l"
"0.188460","368.46800382","2024-05-21T15:52:01.945Z","s","l"
"0.188350","70.65094795","2024-05-21T15:52:36.919Z","b","m"
"0.188340","952.79813104","2024-05-21T15:52:39.983Z","s","l"
"0.188230","17.73929000","2024-05-21T15:53:00.737Z","s","l"
"0.188100","107.85016010","2024-05-21T15:55:42.594Z","s","l"
"0.188090","37.75445173","2024-05-21T15:55:42.594Z","s","l"
"0.187970","42.56659934","2024-05-21T15:55:46.462Z","s","l"
"0.187960","66.65034804","2024-05-21T15:55:46.462Z","s","l"
"0.187840","2071.24580581","2024-05-21T15:55:47.802Z","b","m"
"0.187760","62.85557527","2024-05-21T15:58:22.593Z","s","l"
"0.187750","17346.64394141","2024-05-21T15:58:22.593Z","s","l"
"0.188150","117.90490000","2024-05-21T15:59:36.916Z","b","l"
"0.187480","109.98451000","2024-05-21T16:01:36.334Z","s","l"
"0.189420","10.00000000","2024-05-21T16:03:55.254Z","b","l"
"0.189500","10.00000000","2024-05-21T16:04:31.649Z","s","l"
"0.190090","10.00000000","2024-05-21T16:05:03.648Z","b","l"
"0.190010","10.00000000","2024-05-21T16:05:50.043Z","s","l"
"0.190030","10.00000000","2024-05-21T16:06:10.164Z","b","l"
"0.189280","10.00000000","2024-05-21T16:06:44.202Z","s","l"
"0.190090","10.00000000","2024-05-21T16:07:34.239Z","b","l"
"0.189910","62.08802700","2024-05-21T16:07:59.529Z","s","m"
"0.189910","189.63301000","2024-05-21T16:08:00.179Z","s","l"
"0.189620","10.00000000","2024-05-21T16:08:08.411Z","s","l"
"0.189990","10.00000000","2024-05-21T16:08:37.941Z","b","l"
"0.189870","10.00000000","2024-05-21T16:09:05.030Z","s","l"
"0.190010","10.00000000","2024-05-21T16:09:25.030Z","b","l"
"0.189480","4222.16203793","2024-05-21T16:10:09.941Z","b","l"
"0.189480","263.89105501","2024-05-21T16:10:09.941Z","b","l"
"0.189580","152.86810706","2024-05-21T16:10:09.941Z","b","l"
"0.189610","10.00000000","2024-05-21T16:10:28.914Z","s","l"
"0.189980","10.00000000","2024-05-21T16:10:46.986Z","b","l"
"0.190020","10.00000000","2024-05-21T16:11:18.611Z","s","l"
"0.190000","10.00000000","2024-05-21T16:11:39.423Z","b","l"
"0.190230","4205.47225311","2024-05-21T16:14:20.345Z","b","l"
"0.190360","192.06953375","2024-05-21T16:15:03.357Z","b","l"
"0.190190","650.00000000","2024-05-21T16:15:34.055Z","b","l"
"0.190200","4410.14332966","2024-05-21T16:15:34.055Z","b","l"
"0.190230","6308.15328812","2024-05-21T16:15:34.055Z","b","l"
"0.190240","2372.51692369","2024-05-21T16:15:34.055Z","b","l"
"0.190270","16155.08885299","2024-05-21T16:15:34.055Z","b","l"
"0.190280","3000.00000000","2024-05-21T16:15:34.055Z","b","l"
"0.190290","940.00000000","2024-05-21T16:15:34.055Z","b","l"
"0.190310","13384.33301093","2024-05-21T16:15:34.061Z","s","l"
"0.190390","5252.16245045","2024-05-21T16:16:28.326Z","s","l"
"0.190360","458.80896955","2024-05-21T16:16:28.326Z","s","l"
"0.190470","65.45585000","2024-05-21T16:16:36.223Z","b","l"
"0.190280","12.00286000","2024-05-21T16:24:23.818Z","b","l"
"0.189930","66.57036826","2024-05-21T16:27:27.628Z","s","l"
"0.190750","368.46800382","2024-05-21T16:31:13.091Z","b","l"
"0.190870","148.79487716","2024-05-21T16:32:06.616Z","b","l"
"0.189810","5490.77770239","2024-05-21T16:36:01.638Z","s","l"
"0.190060","200.00000000","2024-05-21T16:44:03.998Z","b","m"
"0.190010","133.83704505","2024-05-21T16:44:09.625Z","b","m"
"0.190160","60.57556000","2024-05-21T16:44:52.071Z","b","l"
"0.189990","144.99289884","2024-05-21T16:44:59.958Z","b","l"
"0.189990","509.56122000","2024-05-21T16:46:06.889Z","b","l"
"0.190240","105.01052200","2024-05-21T16:47:40.171Z","b","m"
"0.190140","50.00000000","2024-05-21T16:57:28.354Z","s","m"
"0.190240","185.25986000","2024-05-21T16:58:21.366Z","s","l"
"0.190250","5488.95899054","2024-05-21T16:58:22.328Z","b","l"
"0.190270","121.86633000","2024-05-21T17:02:25.590Z","b","l"
"0.190150","10000.00000000","2024-05-21T17:03:48.417Z","s","m"
"0.190020","810.44100620","2024-05-21T17:05:04.255Z","s","l"
"0.190000","5250.00000000","2024-05-21T17:13:19.814Z","b","l"
"0.190280","1130.62323000","2024-05-21T17:19:07.096Z","b","l"
"0.190100","380.40240118","2024-05-21T17:24:36.902Z","s","m"
"0.190110","2967.08000000","2024-05-21T17:25:34.531Z","b","l"
"0.190110","2293.06569814","2024-05-21T17:25:34.745Z","b","l"
"0.190150","17.83430186","2024-05-21T17:25:34.745Z","b","l"
"0.190290","57.08000000","2024-05-21T17:29:46.416Z","s","l"
"0.190190","10000.00000000","2024-05-21T17:34:10.401Z","s","l"
"0.190090","131.51665001","2024-05-21T17:37:27.963Z","b","m"
"0.189580","2500.00000000","2024-05-21T17:40:41.437Z","s","l"
"0.189510","1649.15563070","2024-05-21T17:51:42.439Z","b","m"
"0.189510","650.00000000","2024-05-21T17:51:42.439Z","b","m"
"0.189520","200.84436930","2024-05-21T17:51:42.439Z","b","m"
"0.189490","523.21857900","2024-05-21T17:55:31.501Z","b","m"
"0.190000","509.77578000","2024-05-21T17:57:23.228Z","b","l"
"0.189910","183.71396000","2024-05-21T17:59:19.445Z","b","l"
"0.190000","3934.22422001","2024-05-21T18:01:37.173Z","b","l"
"0.190010","2592.55217000","2024-05-21T18:08:10.038Z","b","l"
"0.190000","526.31578947","2024-05-21T18:09:13.610Z","s","l"
"0.189160","52.86913667","2024-05-21T18:18:23.416Z","b","l"
"0.189120","650.00000000","2024-05-21T18:25:45.898Z","s","m"
"0.189100","820.00000000","2024-05-21T18:25:45.898Z","s","m"
"0.189090","640.84995535","2024-05-21T18:25:45.898Z","s","m"
"0.189170","196.99906100","2024-05-21T18:25:50.986Z","b","m"
"0.188930","650.00000000","2024-05-21T18:36:58.342Z","s","l"
"0.188920","5293.15126720","2024-05-21T18:36:58.342Z","s","l"
"0.188900","16155.08885299","2024-05-21T18:36:58.342Z","s","l"
"0.188880","5294.36679373","2024-05-21T18:36:58.342Z","s","l"
"0.188870","7939.96201461","2024-05-21T18:36:58.342Z","s","l"
"0.188820","4764.36507828","2024-05-21T18:36:58.342Z","s","l"
"0.188810","1140.00000000","2024-05-21T18:36:58.342Z","s","l"
"0.188800","784.78840112","2024-05-21T18:36:58.342Z","s","l"
"0.188800","7944.64454024","2024-05-21T18:36:58.342Z","s","l"
"0.188790","2637.00000000","2024-05-21T18:36:58.342Z","s","l"
"0.188780","3000.00000000","2024-05-21T18:36:58.342Z","s","l"
"0.188770","9639.60000000","2024-05-21T18:36:58.342Z","s","l"
"0.188760","7946.24216956","2024-05-21T18:36:58.342Z","s","l"
"0.188740","30466.80000000","2024-05-21T18:36:58.342Z","s","l"
"0.188730","960.00000000","2024-05-21T18:36:58.342Z","s","l"
"0.188730","5520.39213820","2024-05-21T18:36:58.342Z","s","l"
"0.188720","4767.01207110","2024-05-21T18:36:58.342Z","s","l"
"0.188720","96.58667297","2024-05-21T18:36:58.342Z","s","l"
"0.188880","5294.31515571","2024-05-21T18:37:15.391Z","s","l"
"0.188870","16155.08885299","2024-05-21T18:37:15.391Z","s","l"
"0.188860","7939.98612544","2024-05-21T18:37:15.391Z","s","l"
"0.188850","1323.13345561","2024-05-21T18:37:15.391Z","s","l"
"0.188840","5295.48824401","2024-05-21T18:37:15.391Z","s","l"
"0.188820","4410.14332966","2024-05-21T18:37:15.391Z","s","l"
"0.188820","1210.00000000","2024-05-21T18:37:15.391Z","s","l"
"0.188810","4763.88709116","2024-05-21T18:37:15.391Z","s","l"
"0.188800","1725.79792359","2024-05-21T18:37:15.391Z","s","l"
"0.188800","21567.95310190","2024-05-21T18:37:15.391Z","s","l"
"0.188800","4714.04689810","2024-05-21T18:37:15.391Z","s","l"
"0.188790","2637.00000000","2024-05-21T18:37:15.391Z","s","l"
"0.188780","3000.00000000","2024-05-21T18:37:15.391Z","s","l"
"0.188760","4964.12527183","2024-05-21T18:37:15.391Z","s","l"
"0.188920","650.00000000","2024-05-21T18:37:16.215Z","b","m"
"0.188930","344.84767500","2024-05-21T18:37:16.215Z","b","m"
"0.188920","137.78062300","2024-05-21T18:37:16.707Z","b","m"
"0.188740","4699.84789853","2024-05-21T18:37:26.759Z","b","m"
"0.188740","650.00000000","2024-05-21T18:37:26.759Z","b","m"
"0.188750","90.37492429","2024-05-21T18:37:26.759Z","b","m"
"0.188730","1323.29745445","2024-05-21T18:37:27.262Z","b","m"
"0.188750","16.34358000","2024-05-21T18:38:12.822Z","b","l"
"0.188470","54.53509000","2024-05-21T18:44:45.901Z","b","l"
"0.188460","368.46800382","2024-05-21T18:45:41.991Z","s","l"
"0.188470","1005.67888249","2024-05-21T18:49:37.518Z","b","l"
"0.188730","3214.53397000","2024-05-21T19:03:55.177Z","s","l"
"0.188560","55.65733000","2024-05-21T19:05:48.410Z","s","l"
"0.188670","540.00000000","2024-05-21T19:11:12.486Z","s","l"
"0.188600","2950.00000000","2024-05-21T19:25:10.698Z","s","l"
"0.188010","150.43162081","2024-05-21T19:27:02.774Z","s","l"
"0.187960","66.65034804","2024-05-21T19:27:05.021Z","s","l"
"0.187460","246.18368368","2024-05-21T19:27:18.623Z","b","m"
"0.187210","194.18229862","2024-05-21T19:27:42.555Z","s","l"
"0.187200","2567.81770138","2024-05-21T19:27:42.555Z","s","l"
"0.187200","2811.00000000","2024-05-21T19:27:42.556Z","s","l"
"0.187200","7421.00000000","2024-05-21T19:28:05.857Z","s","l"
"0.187200","5342.46716206","2024-05-21T19:28:05.866Z","s","l"
"0.187200","3555.50000000","2024-05-21T19:28:06.076Z","s","l"
"0.187200","640.00000000","2024-05-21T19:28:06.344Z","s","l"
"0.187200","2027.38818635","2024-05-21T19:28:06.887Z","s","l"
"0.187200","7421.00000000","2024-05-21T19:28:08.157Z","s","l"
"0.187200","1000.00000000","2024-05-21T19:28:08.159Z","s","l"
"0.187200","2000.00000000","2024-05-21T19:28:08.159Z","s","l"
"0.187200","5342.05155975","2024-05-21T19:28:08.178Z","s","l"
"0.187200","5343.21998357","2024-05-21T19:28:08.461Z","s","l"
"0.187200","5341.90299178","2024-05-21T19:28:08.461Z","s","l"
"0.187200","5342.29497518","2024-05-21T19:28:10.748Z","s","l"
"0.187200","3552.61181364","2024-05-21T19:28:10.889Z","s","l"
"0.187200","5342.24677846","2024-05-21T19:28:11.416Z","s","l"
"0.187200","5342.06682167","2024-05-21T19:28:12.103Z","s","l"
"0.187200","5341.93070862","2024-05-21T19:28:12.581Z","s","l"
"0.187200","5342.00166841","2024-05-21T19:28:16.187Z","s","l"
"0.187200","1280.00000000","2024-05-21T19:28:16.530Z","s","l"
"0.187200","5343.15324935","2024-05-21T19:28:16.809Z","s","l"
"0.187200","5343.15324935","2024-05-21T19:28:17.652Z","s","l"
"0.187200","5342.41864755","2024-05-21T19:28:18.170Z","s","l"
"0.187200","5343.08201618","2024-05-21T19:28:18.568Z","s","l"
"0.187200","5342.42271378","2024-05-21T19:28:19.650Z","s","l"
"0.187200","5342.42271378","2024-05-21T19:28:20.650Z","s","l"
"0.187200","22263.00000000","2024-05-21T19:28:24.552Z","s","l"
"0.187200","2000.00000000","2024-05-21T19:28:24.553Z","s","l"
"0.187200","5344.54750584","2024-05-21T19:28:24.570Z","s","l"
"0.187200","5343.30848582","2024-05-21T19:28:24.570Z","s","l"
"0.187200","2647.00000000","2024-05-21T19:28:24.691Z","s","l"
"0.187200","5343.30848582","2024-05-21T19:28:24.875Z","s","l"
"0.187200","5343.30848582","2024-05-21T19:28:25.307Z","s","l"
"0.187200","8014.16067155","2024-05-21T19:28:25.506Z","s","l"
"0.187200","5345.77172379","2024-05-21T19:28:25.506Z","s","l"
"0.187200","5164.00000000","2024-05-21T19:28:25.544Z","s","l"
"0.187200","1590.00000000","2024-05-21T19:28:25.571Z","s","l"
"0.187200","5343.03425074","2024-05-21T19:28:25.859Z","s","l"
"0.187200","5343.03425074","2024-05-21T19:28:26.295Z","s","l"
"0.187200","5343.03425074","2024-05-21T19:28:26.710Z","s","l"
"0.187200","5343.03425074","2024-05-21T19:28:27.075Z","s","l"
"0.187200","5343.03425074","2024-05-21T19:28:28.445Z","s","l"
"0.187200","5341.92941867","2024-05-21T19:28:28.864Z","s","l"
"0.187200","5341.92941867","2024-05-21T19:28:29.121Z","s","l"
"0.187200","5342.26380835","2024-05-21T19:28:29.530Z","s","l"
"0.187200","5342.26380835","2024-05-21T19:28:29.801Z","s","l"
"0.187200","5342.01008770","2024-05-21T19:28:30.088Z","s","l"
"0.187200","5342.26167639","2024-05-21T19:28:30.398Z","s","l"
"0.187200","2000.00000000","2024-05-21T19:28:30.450Z","s","l"
"0.187200","5343.66558782","2024-05-21T19:28:30.724Z","s","l"
"0.187200","5343.66558782","2024-05-21T19:28:31.079Z","s","l"
"0.187200","5343.18359321","2024-05-21T19:28:31.450Z","s","l"
"0.187200","5343.18359321","2024-05-21T19:28:32.011Z","s","l"
"0.187200","5343.18359321","2024-05-21T19:28:32.330Z","s","l"
"0.187200","5343.18359321","2024-05-21T19:28:32.683Z","s","l"
"0.187200","5343.18359321","2024-05-21T19:28:32.957Z","s","l"
"0.187200","5343.18359321","2024-05-21T19:28:33.236Z","s","l"
"0.187200","5341.99642434","2024-05-21T19:28:33.330Z","s","l"
"0.187200","2647.00000000","2024-05-21T19:28:33.756Z","s","l"
"0.187200","1107.26879090","2024-05-21T19:28:34.387Z","s","l"
"0.187200","2000.00000000","2024-05-21T19:28:35.191Z","s","l"
"0.187200","2000.00000000","2024-05-21T19:28:39.575Z","s","l"
"0.187200","5039.19964611","2024-05-21T19:28:39.758Z","s","l"
"0.187200","4529.92636244","2024-05-21T19:28:39.932Z","s","l"
"0.187200","769.86560455","2024-05-21T19:28:42.484Z","s","l"
"0.187200","26474.00000000","2024-05-21T19:28:43.002Z","s","l"
"0.187200","26474.00000000","2024-05-21T19:28:43.171Z","s","l"
"0.187200","4296.53736840","2024-05-21T19:28:47.797Z","s","l"
"0.187200","2000.00000000","2024-05-21T19:28:47.825Z","s","l"
"0.187200","1662.75710904","2024-05-21T19:28:47.956Z","s","l"
"0.187200","3048.59814930","2024-05-21T19:28:47.963Z","s","l"
"0.187200","775.00000000","2024-05-21T19:28:48.047Z","s","l"
"0.187200","3944.20792066","2024-05-21T19:28:48.112Z","s","l"
"0.187200","1286.62702395","2024-05-21T19:28:48.242Z","s","l"
"0.187200","650.00000000","2024-05-21T19:28:48.373Z","s","l"
"0.187200","650.00000000","2024-05-21T19:28:48.379Z","s","l"
"0.187200","650.00000000","2024-05-21T19:28:48.385Z","s","l"
"0.187200","650.00000000","2024-05-21T19:28:48.391Z","s","l"
"0.187200","3605.82327632","2024-05-21T19:28:48.423Z","s","l"
"0.187200","16529.00000000","2024-05-21T19:28:48.477Z","s","l"
"0.187200","52975.00000000","2024-05-21T19:28:48.483Z","s","l"
"0.187200","3435.44094869","2024-05-21T19:28:48.522Z","s","l"
"0.187200","3231.23233078","2024-05-21T19:28:48.632Z","s","l"
"0.187200","4054.68525292","2024-05-21T19:28:48.667Z","s","l"
"0.187200","2908.10909770","2024-05-21T19:28:48.730Z","s","l"
"0.187200","3649.21672763","2024-05-21T19:28:48.798Z","s","l"
"0.187200","2617.29818793","2024-05-21T19:28:48.826Z","s","l"
"0.187200","1391.21585152","2024-05-21T19:28:48.893Z","s","l"
"0.187200","22263.00000000","2024-05-21T19:28:48.974Z","s","l"
"0.187200","2375.56836914","2024-05-21T19:28:49.128Z","s","l"
"0.187200","32829.63923948","2024-05-21T19:28:49.153Z","s","l"
"0.187000","174.86631017","2024-05-21T19:28:49.153Z","s","l"
"0.186800","31.10476445","2024-05-21T19:30:48.297Z","s","l"
"0.186800","80.33307415","2024-05-21T19:30:48.297Z","s","l"
"0.186750","67.08219233","2024-05-21T19:30:50.637Z","s","l"
"0.186750","170.32362280","2024-05-21T19:30:50.637Z","s","l"
"0.186430","63.66015863","2024-05-21T19:31:07.200Z","s","l"
"0.186420","933.73296857","2024-05-21T19:31:07.205Z","s","l"
"0.186530","50.05005005","2024-05-21T19:33:57.948Z","b","m"
"0.186190","372.96030936","2024-05-21T19:34:15.406Z","s","l"
"0.186090","137.12342442","2024-05-21T19:34:15.937Z","b","m"
"0.187390","26.29641317","2024-05-21T19:37:09.382Z","s","l"
"0.187320","2309.32844000","2024-05-21T19:38:35.889Z","b","l"
"0.187460","85.75944800","2024-05-21T19:38:41.369Z","b","m"
"0.187320","117.94516200","2024-05-21T19:38:47.791Z","b","m"
"0.187160","53.43022013","2024-05-21T19:41:02.757Z","b","m"
"0.187360","2380.95238095","2024-05-21T19:49:47.715Z","s","m"
"0.187330","542.71925000","2024-05-21T20:00:24.783Z","b","l"
"0.187570","87.34387000","2024-05-21T20:01:20.333Z","s","l"
"0.187460","650.00000000","2024-05-21T20:01:33.535Z","s","l"
"0.187460","1440.65640000","2024-05-21T20:01:33.535Z","s","l"
"0.187680","104.30920000","2024-05-21T20:03:42.575Z","s","l"
"0.187860","908.67809200","2024-05-21T20:03:52.403Z","s","m"
"0.187660","650.00000000","2024-05-21T20:04:36.540Z","s","l"
"0.187640","890.00000000","2024-05-21T20:04:36.540Z","s","l"
"0.187620","309.85691000","2024-05-21T20:04:36.540Z","s","l"
"0.188060","650.00000000","2024-05-21T20:06:42.429Z","s","m"
"0.188040","837.90685790","2024-05-21T20:06:42.429Z","s","m"
"0.187950","586.41646230","2024-05-21T20:10:30.779Z","b","l"
"0.188460","372.96030936","2024-05-21T20:16:17.655Z","b","l"
"0.188550","67.00169434","2024-05-21T20:16:20.381Z","b","l"
"0.188870","45.37300000","2024-05-21T20:22:36.011Z","s","l"
"0.188770","144.70375000","2024-05-21T20:23:54.792Z","s","l"
"0.188850","246.20294000","2024-05-21T20:23:55.093Z","b","l"
"0.189110","112.51493317","2024-05-21T20:29:21.948Z","b","l"
"0.188880","650.00000000","2024-05-21T20:32:43.644Z","s","m"
"0.188880","4350.00000000","2024-05-21T20:32:43.644Z","s","m"
"0.189220","102.10542000","2024-05-21T20:39:41.299Z","b","l"
"0.188600","99.79316930","2024-05-21T20:58:57.531Z","b","m"
"0.188430","116.76817000","2024-05-21T21:01:36.426Z","s","l"