"price","volume","time","side","orderType"
"0.12330000","6.00000000","2023-06-27T02:38:23.144Z","buy","taker"
"0.12400000","72.00000000","2023-06-27T02:38:23.131Z","sell","taker"
"0.12390000","113.00000000","2023-06-27T02:38:23.131Z","sell","taker"
"0.12330000","113.00000000","2023-06-27T02:38:23.131Z","sell","taker"
"0.12520000","134.00000000","2023-06-27T02:23:31.649Z","buy","taker"
"0.12530000","9.00000000","2023-06-27T01:56:16.700Z","buy","taker"
"0.12400000","254.00000000","2023-06-27T01:08:28.864Z","sell","taker"
"0.12540000","8.00000000","2023-06-27T01:06:05.947Z","buy","taker"
"0.12530000","26.00000000","2023-06-27T01:03:03.031Z","buy","taker"
"0.12570000","17.00000000","2023-06-27T00:51:26.279Z","buy","taker"
"0.12580000","22.00000000","2023-06-27T00:48:32.360Z","buy","taker"
"0.12550000","8.00000000","2023-06-27T00:47:04.255Z","buy","taker"
"0.12550000","12.00000000","2023-06-27T00:46:08.996Z","buy","taker"
"0.12550000","9.00000000","2023-06-27T00:45:52.045Z","buy","taker"
"0.12550000","9.00000000","2023-06-27T00:45:50.626Z","buy","taker"
"0.12570000","13.00000000","2023-06-27T00:42:21.522Z","buy","taker"
"0.12570000","10.00000000","2023-06-27T00:40:07.625Z","buy","taker"
"0.12570000","15.00000000","2023-06-27T00:39:55.388Z","buy","taker"
"0.12590000","155.00000000","2023-06-27T00:38:14.876Z","buy","taker"
"0.12560000","9.00000000","2023-06-27T00:36:39.228Z","buy","taker"
"0.12580000","11.00000000","2023-06-27T00:35:29.788Z","buy","taker"
"0.12560000","8.00000000","2023-06-27T00:34:54.599Z","buy","taker"
"0.12410000","1855.00000000","2023-06-27T00:34:42.292Z","sell","taker"
"0.12630000","8.00000000","2023-06-27T00:29:54.625Z","buy","taker"
"0.12600000","8.00000000","2023-06-27T00:28:29.109Z","buy","taker"
"0.12590000","17.00000000","2023-06-27T00:28:07.427Z","buy","taker"
"0.12610000","10.00000000","2023-06-27T00:23:26.600Z","buy","taker"
"0.12600000","8.00000000","2023-06-27T00:20:04.173Z","buy","taker"
"0.12510000","111.00000000","2023-06-27T00:01:33.029Z","sell","taker"
"0.12510000","46.00000000","2023-06-27T00:01:33.029Z","sell","taker"
"0.12540000","405.00000000","2023-06-26T23:38:31.597Z","sell","taker"
"0.12540000","53.00000000","2023-06-26T23:38:11.433Z","sell","taker"
"0.12540000","528.00000000","2023-06-26T23:37:53.765Z","sell","taker"
"0.12570000","2.00000000","2023-06-26T22:02:05.835Z","sell","taker"
"0.12570000","111.00000000","2023-06-26T22:00:41.141Z","sell","taker"
"0.12570000","79.00000000","2023-06-26T22:00:41.141Z","sell","taker"
"0.12630000","111.00000000","2023-06-26T21:56:23.520Z","sell","taker"
"0.12660000","55.00000000","2023-06-26T21:46:36.266Z","sell","taker"
"0.12790000","599.00000000","2023-06-26T21:20:21.754Z","buy","taker"
"0.12720000","1586.00000000","2023-06-26T21:20:21.508Z","buy","taker"
"0.12720000","700.00000000","2023-06-26T21:20:21.508Z","buy","taker"
"0.12720000","66.00000000","2023-06-26T21:11:01.629Z","sell","taker"
"0.12720000","81.00000000","2023-06-26T21:11:01.629Z","sell","taker"
"0.12710000","108.00000000","2023-06-26T20:53:34.856Z","buy","taker"
"0.12750000","66.00000000","2023-06-26T20:46:54.244Z","sell","taker"
"0.12710000","28.00000000","2023-06-26T20:46:54.244Z","sell","taker"
"0.12660000","192.00000000","2023-06-26T20:19:45.643Z","sell","taker"
"0.12790000","653.00000000","2023-06-26T19:44:38.623Z","buy","taker"
"0.12790000","159.00000000","2023-06-26T19:32:02.020Z","buy","taker"
"0.12790000","9.00000000","2023-06-26T19:14:02.263Z","buy","taker"
"0.12790000","20.00000000","2023-06-26T19:13:03.453Z","buy","taker"
"0.12790000","4.00000000","2023-06-26T19:13:03.453Z","buy","taker"
"0.12790000","57.00000000","2023-06-26T19:13:02.635Z","buy","taker"
"0.12790000","33.00000000","2023-06-26T19:11:45.651Z","buy","taker"
"0.12720000","110.00000000","2023-06-26T18:48:20.517Z","buy","taker"
"0.12560000","350.00000000","2023-06-26T18:30:18.855Z","sell","taker"
"0.12610000","243.00000000","2023-06-26T18:05:38.270Z","sell","taker"
"0.12610000","682.00000000","2023-06-26T18:05:38.270Z","sell","taker"
"0.12570000","111.00000000","2023-06-26T18:05:38.270Z","sell","taker"
"0.12540000","514.00000000","2023-06-26T18:05:38.270Z","sell","taker"
"0.12720000","24.00000000","2023-06-26T17:53:13.272Z","sell","taker"
"0.12720000","17.00000000","2023-06-26T17:52:51.082Z","sell","taker"
"0.12720000","2301.00000000","2023-06-26T17:52:38.283Z","sell","taker"
"0.12720000","104.00000000","2023-06-26T17:49:31.210Z","buy","taker"
"0.12720000","2022.00000000","2023-06-26T17:49:31.210Z","buy","taker"
"0.12720000","32.00000000","2023-06-26T17:49:31.210Z","buy","taker"
"0.12720000","197.00000000","2023-06-26T17:31:30.403Z","sell","taker"
"0.12720000","110.00000000","2023-06-26T17:22:36.059Z","buy","taker"
"0.12610000","1543.00000000","2023-06-26T17:21:48.744Z","sell","taker"
"0.12590000","487.00000000","2023-06-26T17:10:56.845Z","sell","taker"
"0.12590000","2187.00000000","2023-06-26T17:10:17.957Z","sell","taker"
"0.12590000","3452.00000000","2023-06-26T17:10:17.957Z","sell","taker"
"0.12590000","185.00000000","2023-06-26T17:10:17.957Z","sell","taker"
"0.12680000","75.00000000","2023-06-26T17:08:43.233Z","sell","taker"
"0.12690000","112.00000000","2023-06-26T17:01:02.103Z","sell","taker"
"0.12740000","111.00000000","2023-06-26T17:00:54.915Z","buy","taker"
"0.12740000","74.00000000","2023-06-26T17:00:53.028Z","buy","taker"
"0.12740000","37.00000000","2023-06-26T17:00:53.028Z","buy","taker"
"0.12740000","111.00000000","2023-06-26T17:00:39.195Z","buy","taker"
"0.12570000","111.00000000","2023-06-26T17:00:13.829Z","sell","taker"
"0.12580000","612.00000000","2023-06-26T17:00:05.668Z","sell","taker"
"0.12760000","2042.00000000","2023-06-26T16:59:55.580Z","buy","taker"
"0.12770000","785.00000000","2023-06-26T16:59:55.580Z","buy","taker"
"0.12850000","110.00000000","2023-06-26T16:59:55.580Z","buy","taker"
"0.12910000","110.00000000","2023-06-26T16:59:55.580Z","buy","taker"
"0.13000000","422.00000000","2023-06-26T16:59:55.580Z","buy","taker"
"0.13040000","110.00000000","2023-06-26T16:59:55.580Z","buy","taker"
"0.13180000","110.00000000","2023-06-26T16:59:55.580Z","buy","taker"
"0.13210000","74.00000000","2023-06-26T16:59:55.580Z","buy","taker"
"0.13220000","173.00000000","2023-06-26T16:59:55.580Z","buy","taker"
"0.12580000","4421.00000000","2023-06-26T16:59:55.577Z","buy","taker"
"0.12580000","16.00000000","2023-06-26T16:59:55.576Z","buy","taker"
"0.12580000","16.00000000","2023-06-26T16:59:55.576Z","buy","taker"
"0.12580000","16.00000000","2023-06-26T16:59:55.569Z","buy","taker"
"0.12580000","9259.00000000","2023-06-26T16:59:55.568Z","buy","taker"
"0.12630000","111.00000000","2023-06-26T16:59:55.563Z","sell","taker"
"0.12580000","4490.00000000","2023-06-26T16:59:55.563Z","sell","taker"
"0.12690000","111.00000000","2023-06-26T16:59:03.781Z","sell","taker"
"0.12750000","111.00000000","2023-06-26T16:51:38.699Z","sell","taker"
"0.12800000","3.00000000","2023-06-26T16:36:59.877Z","sell","taker"
"0.12800000","264.00000000","2023-06-26T16:36:44.394Z","sell","taker"
"0.12800000","277.00000000","2023-06-26T16:36:36.750Z","sell","taker"
"0.12800000","132.00000000","2023-06-26T16:36:35.248Z","sell","taker"
"0.12800000","1324.00000000","2023-06-26T16:36:29.567Z","sell","taker"
"0.12800000","3771.00000000","2023-06-26T16:36:19.260Z","sell","taker"
"0.12800000","118.00000000","2023-06-26T15:37:09.008Z","sell","taker"
"0.12800000","85.00000000","2023-06-26T15:37:09.008Z","sell","taker"
"0.12860000","10.00000000","2023-06-26T15:29:35.664Z","sell","taker"
"0.12870000","12.00000000","2023-06-26T15:27:18.652Z","sell","taker"
"0.12880000","102.00000000","2023-06-26T15:02:52.744Z","sell","taker"
"0.12880000","9.00000000","2023-06-26T15:02:36.564Z","sell","taker"
"0.13000000","187.00000000","2023-06-26T14:30:58.602Z","sell","taker"
"0.13060000","3.00000000","2023-06-26T14:26:34.793Z","sell","taker"
"0.13070000","8.00000000","2023-06-26T14:23:19.549Z","buy","taker"
"0.13060000","20.00000000","2023-06-26T14:19:25.136Z","sell","taker"
"0.13060000","211.00000000","2023-06-26T14:19:25.006Z","sell","taker"
"0.13150000","232.00000000","2023-06-26T13:47:23.730Z","buy","taker"
"0.13140000","19.00000000","2023-06-26T13:29:57.191Z","buy","taker"
"0.13140000","76.00000000","2023-06-26T13:00:02.967Z","buy","taker"
"0.13060000","1311.00000000","2023-06-26T12:53:53.169Z","sell","taker"
"0.13060000","4889.00000000","2023-06-26T12:51:26.067Z","sell","taker"
"0.13060000","9519.00000000","2023-06-26T12:34:45.350Z","sell","taker"
"0.13060000","249.00000000","2023-06-26T12:34:25.147Z","sell","taker"
"0.13060000","2496.00000000","2023-06-26T12:34:10.049Z","sell","taker"
"0.13060000","38.00000000","2023-06-26T12:33:11.841Z","sell","taker"
"0.13060000","93.00000000","2023-06-26T12:32:51.848Z","sell","taker"
"0.13060000","929.00000000","2023-06-26T12:32:51.077Z","sell","taker"
"0.13060000","3042.00000000","2023-06-26T12:32:31.598Z","sell","taker"
"0.13120000","16.00000000","2023-06-26T12:25:21.229Z","sell","taker"
"0.13060000","170.00000000","2023-06-26T12:20:17.385Z","sell","taker"
"0.13060000","268.00000000","2023-06-26T11:40:47.611Z","sell","taker"
"0.13000000","14.00000000","2023-06-26T10:31:10.394Z","sell","taker"
"0.13020000","111.00000000","2023-06-26T10:31:10.269Z","sell","taker"
"0.13160000","111.00000000","2023-06-26T10:10:44.394Z","sell","taker"
"0.13190000","2.00000000","2023-06-26T10:10:23.934Z","sell","taker"
"0.13190000","196.00000000","2023-06-26T10:09:10.282Z","sell","taker"
"0.13410000","198.00000000","2023-06-26T09:41:14.490Z","buy","taker"
"0.13190000","16.00000000","2023-06-26T09:32:27.006Z","sell","taker"
"0.13190000","182.00000000","2023-06-26T09:32:26.396Z","sell","taker"
"0.13320000","10.00000000","2023-06-26T09:28:39.885Z","buy","taker"
"0.13470000","75.00000000","2023-06-26T09:26:31.191Z","buy","taker"
"0.13200000","190.00000000","2023-06-26T09:26:20.295Z","sell","taker"
"0.13410000","198.00000000","2023-06-26T09:23:54.446Z","buy","taker"
"0.13190000","9.00000000","2023-06-26T09:23:37.647Z","sell","taker"
"0.13320000","110.00000000","2023-06-26T09:20:19.037Z","buy","taker"
"0.13220000","200.00000000","2023-06-26T09:19:56.197Z","buy","taker"
"0.13180000","110.00000000","2023-06-26T09:19:43.105Z","buy","taker"
"0.13130000","9.00000000","2023-06-26T09:19:08.400Z","buy","taker"
"0.13040000","110.00000000","2023-06-26T09:00:24.796Z","buy","taker"
"0.12910000","110.00000000","2023-06-26T09:00:19.991Z","buy","taker"
"0.12880000","1950.00000000","2023-06-26T08:57:38.454Z","buy","taker"
"0.12880000","137.00000000","2023-06-26T08:57:23.512Z","buy","taker"
"0.12880000","1820.00000000","2023-06-26T08:57:22.752Z","buy","taker"
"0.12880000","2046.00000000","2023-06-26T08:55:31.168Z","buy","taker"
"0.12880000","8.00000000","2023-06-26T08:16:04.990Z","buy","taker"
"0.12880000","31.00000000","2023-06-26T08:03:27.427Z","buy","taker"
"0.12880000","279.00000000","2023-06-26T08:01:00.923Z","buy","taker"
"0.12880000","180.00000000","2023-06-26T07:54:33.745Z","buy","taker"
"0.12850000","110.00000000","2023-06-26T07:54:33.543Z","buy","taker"
"0.12790000","110.00000000","2023-06-26T06:55:10.757Z","buy","taker"
"0.12760000","9.00000000","2023-06-26T06:24:19.193Z","sell","taker"
"0.12610000","500.00000000","2023-06-26T06:11:21.794Z","sell","taker"
"0.12710000","110.00000000","2023-06-26T05:43:31.052Z","sell","taker"
"0.12710000","110.00000000","2023-06-26T05:43:22.333Z","sell","taker"
"0.12720000","110.00000000","2023-06-26T05:43:14.103Z","buy","taker"
"0.12690000","110.00000000","2023-06-26T05:43:10.959Z","sell","taker"
"0.12690000","110.00000000","2023-06-26T05:42:55.011Z","sell","taker"
"0.12700000","1084.00000000","2023-06-26T05:42:21.809Z","sell","taker"
"0.12690000","112.00000000","2023-06-26T05:42:21.809Z","sell","taker"
"0.12630000","113.00000000","2023-06-26T05:42:21.809Z","sell","taker"
"0.12570000","114.00000000","2023-06-26T05:42:21.809Z","sell","taker"
"0.12510000","114.00000000","2023-06-26T05:42:21.809Z","sell","taker"
"0.12390000","115.00000000","2023-06-26T05:42:21.809Z","sell","taker"
"0.12330000","116.00000000","2023-06-26T05:42:21.809Z","sell","taker"
"0.12270000","116.00000000","2023-06-26T05:42:21.809Z","sell","taker"
"0.12220000","654.00000000","2023-06-26T05:42:21.809Z","sell","taker"
"0.12210000","101.00000000","2023-06-26T05:42:21.809Z","sell","taker"
"0.12820000","8.00000000","2023-06-26T03:27:54.334Z","sell","taker"
"0.12740000","195.00000000","2023-06-26T02:58:05.752Z","sell","taker"
"0.12850000","800.00000000","2023-06-26T02:47:08.866Z","buy","taker"
"0.12710000","463.00000000","2023-06-26T02:37:13.732Z","sell","taker"
"0.12730000","8.00000000","2023-06-26T02:28:15.111Z","sell","taker"
"0.12870000","8.00000000","2023-06-26T02:23:21.529Z","buy","taker"
"0.12750000","112.00000000","2023-06-26T02:20:47.832Z","sell","taker"
"0.12880000","7.00000000","2023-06-26T01:57:39.756Z","sell","taker"
"0.12880000","104.00000000","2023-06-26T01:57:39.679Z","sell","taker"
"0.13030000","8.00000000","2023-06-26T01:25:47.147Z","sell","taker"
"0.13070000","8.00000000","2023-06-26T01:17:23.287Z","sell","taker"
"0.13090000","14.00000000","2023-06-26T00:56:20.814Z","buy","taker"
"0.13120000","23.00000000","2023-06-26T00:55:32.712Z","buy","taker"
"0.13100000","31.00000000","2023-06-26T00:54:45.692Z","buy","taker"
"0.13140000","16.00000000","2023-06-26T00:51:30.757Z","buy","taker"
"0.13120000","30.00000000","2023-06-26T00:50:05.040Z","buy","taker"
"0.12990000","190.00000000","2023-06-26T00:48:11.373Z","sell","taker"
"0.13170000","35.00000000","2023-06-26T00:45:49.446Z","buy","taker"
"0.13170000","15.00000000","2023-06-26T00:44:34.883Z","buy","taker"
"0.13040000","110.00000000","2023-06-26T00:42:37.723Z","sell","taker"
"0.13040000","110.00000000","2023-06-26T00:42:33.685Z","sell","taker"
"0.13170000","11.00000000","2023-06-26T00:42:31.395Z","buy","taker"
"0.13030000","90.00000000","2023-06-26T00:42:30.959Z","sell","taker"
"0.13030000","20.00000000","2023-06-26T00:42:30.959Z","sell","taker"
"0.13030000","110.00000000","2023-06-26T00:42:27.948Z","sell","taker"
"0.13040000","27.00000000","2023-06-26T00:42:24.533Z","sell","taker"
"0.13000000","83.00000000","2023-06-26T00:42:24.533Z","sell","taker"
"0.13040000","110.00000000","2023-06-26T00:42:21.356Z","sell","taker"
"0.13040000","110.00000000","2023-06-26T00:42:18.852Z","sell","taker"
"0.13030000","110.00000000","2023-06-26T00:42:11.569Z","sell","taker"
"0.12990000","110.00000000","2023-06-26T00:42:08.798Z","sell","taker"
"0.12990000","110.00000000","2023-06-26T00:41:53.027Z","sell","taker"
"0.13060000","16.00000000","2023-06-26T00:41:31.723Z","sell","taker"
"0.13040000","429.00000000","2023-06-26T00:41:31.723Z","sell","taker"
"0.13020000","111.00000000","2023-06-26T00:41:31.723Z","sell","taker"
"0.13000000","201.00000000","2023-06-26T00:41:31.723Z","sell","taker"
"0.12880000","112.00000000","2023-06-26T00:41:31.723Z","sell","taker"
"0.12750000","114.00000000","2023-06-26T00:41:31.723Z","sell","taker"
"0.12690000","114.00000000","2023-06-26T00:41:31.723Z","sell","taker"
"0.12630000","115.00000000","2023-06-26T00:41:31.723Z","sell","taker"
"0.12570000","115.00000000","2023-06-26T00:41:31.723Z","sell","taker"
"0.12560000","120.00000000","2023-06-26T00:41:31.723Z","sell","taker"
"0.12510000","114.00000000","2023-06-26T00:41:31.723Z","sell","taker"
"0.12390000","117.00000000","2023-06-26T00:41:31.723Z","sell","taker"
"0.12330000","113.00000000","2023-06-26T00:41:31.723Z","sell","taker"
"0.12270000","118.00000000","2023-06-26T00:41:31.723Z","sell","taker"
"0.12210000","118.00000000","2023-06-26T00:41:31.723Z","sell","taker"
"0.12160000","1607.00000000","2023-06-26T00:41:31.723Z","sell","taker"
"0.13210000","8.00000000","2023-06-26T00:39:48.694Z","buy","taker"
"0.13210000","11.00000000","2023-06-26T00:39:34.489Z","buy","taker"
"0.13200000","171.00000000","2023-06-26T00:39:13.100Z","buy","taker"
"0.13210000","143.00000000","2023-06-26T00:38:57.236Z","buy","taker"
"0.13240000","33.00000000","2023-06-26T00:37:18.434Z","buy","taker"
"0.13240000","10.00000000","2023-06-26T00:37:16.728Z","buy","taker"
"0.13110000","59.00000000","2023-06-26T00:37:05.719Z","sell","taker"
"0.13280000","9.00000000","2023-06-26T00:37:04.095Z","buy","taker"
"0.13280000","21.00000000","2023-06-26T00:36:53.245Z","buy","taker"
"0.13110000","22.00000000","2023-06-26T00:36:45.666Z","sell","taker"
"0.13280000","20.00000000","2023-06-26T00:36:17.324Z","buy","taker"
"0.13280000","9.00000000","2023-06-26T00:35:56.415Z","buy","taker"
"0.13240000","10.00000000","2023-06-26T00:35:15.809Z","buy","taker"
"0.13250000","27.00000000","2023-06-26T00:34:43.097Z","buy","taker"
"0.13240000","9.00000000","2023-06-26T00:33:44.505Z","buy","taker"
"0.13240000","8.00000000","2023-06-26T00:33:08.447Z","buy","taker"
"0.13280000","34.00000000","2023-06-26T00:30:39.396Z","buy","taker"
"0.13240000","22.00000000","2023-06-26T00:30:00.625Z","buy","taker"
"0.13240000","59.00000000","2023-06-26T00:29:39.459Z","buy","taker"
"0.13300000","10.00000000","2023-06-26T00:26:27.025Z","buy","taker"
"0.13190000","42.00000000","2023-06-25T23:43:55.842Z","sell","taker"
"0.13190000","304.00000000","2023-06-25T23:43:55.842Z","sell","taker"
"0.13310000","466.00000000","2023-06-25T23:15:55.199Z","buy","taker"
"0.13310000","190.00000000","2023-06-25T22:55:06.618Z","buy","taker"
"0.13220000","90.00000000","2023-06-25T22:49:02.000Z","buy","taker"
"0.13210000","1696.00000000","2023-06-25T22:47:26.260Z","sell","taker"
"0.13220000","76.00000000","2023-06-25T22:45:50.537Z","buy","taker"
"0.12660000","25.00000000","2023-06-25T22:45:36.181Z","buy","taker"
"0.13190000","48.00000000","2023-06-25T22:45:36.178Z","sell","taker"
"0.13190000","37.00000000","2023-06-25T22:45:36.178Z","sell","taker"
"0.13190000","110.00000000","2023-06-25T22:45:23.639Z","sell","taker"
"0.13190000","110.00000000","2023-06-25T22:45:19.633Z","sell","taker"
"0.13190000","110.00000000","2023-06-25T22:45:17.154Z","sell","taker"
"0.13200000","39.00000000","2023-06-25T22:45:09.851Z","sell","taker"
"0.13170000","71.00000000","2023-06-25T22:45:09.851Z","sell","taker"
"0.13210000","110.00000000","2023-06-25T22:45:07.167Z","sell","taker"
"0.13210000","110.00000000","2023-06-25T22:45:00.232Z","sell","taker"
"0.13200000","56.00000000","2023-06-25T22:44:57.973Z","sell","taker"
"0.13200000","54.00000000","2023-06-25T22:44:57.973Z","sell","taker"
"0.13200000","110.00000000","2023-06-25T22:44:54.959Z","sell","taker"
"0.13200000","190.00000000","2023-06-25T22:44:54.502Z","sell","taker"
"0.13200000","110.00000000","2023-06-25T22:44:51.224Z","sell","taker"
"0.13220000","35.00000000","2023-06-25T22:44:48.527Z","buy","taker"
"0.12480000","72.00000000","2023-06-25T22:44:38.402Z","buy","taker"
"0.13210000","38.00000000","2023-06-25T22:44:38.398Z","sell","taker"
"0.13200000","110.00000000","2023-06-25T22:44:33.028Z","sell","taker"
"0.13210000","70.00000000","2023-06-25T22:44:18.671Z","sell","taker"
"0.13200000","227.00000000","2023-06-25T22:44:18.671Z","sell","taker"
"0.13200000","234.00000000","2023-06-25T22:44:18.671Z","sell","taker"
"0.13160000","111.00000000","2023-06-25T22:44:18.671Z","sell","taker"
"0.13020000","111.00000000","2023-06-25T22:44:18.671Z","sell","taker"
"0.13000000","201.00000000","2023-06-25T22:44:18.671Z","sell","taker"
"0.12880000","112.00000000","2023-06-25T22:44:18.671Z","sell","taker"
"0.12750000","112.00000000","2023-06-25T22:44:18.671Z","sell","taker"
"0.12690000","114.00000000","2023-06-25T22:44:18.671Z","sell","taker"
"0.12630000","113.00000000","2023-06-25T22:44:18.671Z","sell","taker"
"0.12570000","114.00000000","2023-06-25T22:44:18.671Z","sell","taker"
"0.12530000","120.00000000","2023-06-25T22:44:18.671Z","sell","taker"
"0.12510000","116.00000000","2023-06-25T22:44:18.671Z","sell","taker"
"0.12390000","117.00000000","2023-06-25T22:44:18.671Z","sell","taker"
"0.12330000","118.00000000","2023-06-25T22:44:18.671Z","sell","taker"
"0.12270000","117.00000000","2023-06-25T22:44:18.671Z","sell","taker"
"0.12210000","118.00000000","2023-06-25T22:44:18.671Z","sell","taker"
"0.12150000","118.00000000","2023-06-25T22:44:18.671Z","sell","taker"
"0.12010000","1697.00000000","2023-06-25T22:44:18.671Z","sell","taker"
"0.13330000","297.00000000","2023-06-25T22:40:24.678Z","sell","taker"
"0.13330000","266.00000000","2023-06-25T22:40:24.678Z","sell","taker"
"0.13180000","16.00000000","2023-06-25T20:52:25.893Z","sell","taker"
"0.13190000","198.00000000","2023-06-25T20:52:25.891Z","sell","taker"
"0.13300000","1267.00000000","2023-06-25T20:41:43.096Z","buy","taker"
"0.13300000","2105.00000000","2023-06-25T20:41:43.096Z","buy","taker"
"0.13320000","111.00000000","2023-06-25T20:40:09.036Z","buy","taker"
"0.13310000","3920.00000000","2023-06-25T20:39:22.769Z","buy","taker"
"0.13320000","110.00000000","2023-06-25T20:39:22.769Z","buy","taker"
"0.13410000","198.00000000","2023-06-25T20:39:22.769Z","buy","taker"
"0.13530000","110.00000000","2023-06-25T20:39:22.769Z","buy","taker"
"0.13530000","3328.00000000","2023-06-25T20:39:22.769Z","buy","taker"
"0.13220000","200.00000000","2023-06-25T20:24:36.603Z","buy","taker"
"0.13180000","34.00000000","2023-06-25T19:42:50.371Z","buy","taker"
"0.13150000","110.00000000","2023-06-25T19:41:19.904Z","sell","taker"
"0.13180000","76.00000000","2023-06-25T19:41:14.953Z","buy","taker"
"0.13100000","110.00000000","2023-06-25T19:40:58.483Z","sell","taker"
"0.13100000","110.00000000","2023-06-25T19:40:54.767Z","sell","taker"
"0.13100000","110.00000000","2023-06-25T19:40:50.396Z","sell","taker"
"0.13100000","316.00000000","2023-06-25T19:40:47.941Z","sell","taker"
"0.13100000","110.00000000","2023-06-25T19:40:47.417Z","sell","taker"
"0.13170000","34.00000000","2023-06-25T19:40:44.472Z","sell","taker"
"0.13170000","27.00000000","2023-06-25T19:40:44.472Z","sell","taker"
"0.13160000","49.00000000","2023-06-25T19:40:44.472Z","sell","taker"
"0.13170000","110.00000000","2023-06-25T19:40:38.321Z","sell","taker"
"0.13170000","18.00000000","2023-06-25T19:40:35.454Z","sell","taker"
"0.13170000","35.00000000","2023-06-25T19:40:35.454Z","sell","taker"
"0.13160000","57.00000000","2023-06-25T19:40:35.454Z","sell","taker"
"0.13170000","110.00000000","2023-06-25T19:40:32.250Z","sell","taker"
"0.13170000","110.00000000","2023-06-25T19:40:18.911Z","sell","taker"
"0.13170000","110.00000000","2023-06-25T19:40:16.472Z","sell","taker"
"0.13170000","30.00000000","2023-06-25T19:39:56.512Z","sell","taker"
"0.13170000","30.00000000","2023-06-25T19:39:56.512Z","sell","taker"
"0.13170000","576.00000000","2023-06-25T19:39:56.512Z","sell","taker"
"0.13160000","111.00000000","2023-06-25T19:39:56.512Z","sell","taker"
"0.13020000","112.00000000","2023-06-25T19:39:56.512Z","sell","taker"
"0.13000000","201.00000000","2023-06-25T19:39:56.512Z","sell","taker"
"0.12880000","112.00000000","2023-06-25T19:39:56.512Z","sell","taker"
"0.12750000","114.00000000","2023-06-25T19:39:56.512Z","sell","taker"
"0.12690000","114.00000000","2023-06-25T19:39:56.512Z","sell","taker"
"0.12630000","115.00000000","2023-06-25T19:39:56.512Z","sell","taker"
"0.12570000","115.00000000","2023-06-25T19:39:56.512Z","sell","taker"
"0.12510000","115.00000000","2023-06-25T19:39:56.512Z","sell","taker"
"0.12460000","287.00000000","2023-06-25T19:39:56.512Z","sell","taker"
"0.12390000","113.00000000","2023-06-25T19:39:56.512Z","sell","taker"
"0.12330000","114.00000000","2023-06-25T19:39:56.512Z","sell","taker"
"0.12270000","114.00000000","2023-06-25T19:39:56.512Z","sell","taker"
"0.12210000","115.00000000","2023-06-25T19:39:56.512Z","sell","taker"
"0.12170000","135.00000000","2023-06-25T19:39:56.512Z","sell","taker"
"0.12150000","115.00000000","2023-06-25T19:39:56.512Z","sell","taker"
"0.12010000","915.00000000","2023-06-25T19:39:56.512Z","sell","taker"
"0.12000000","1461.00000000","2023-06-25T19:39:56.512Z","sell","taker"
"0.13320000","29.00000000","2023-06-25T19:01:27.814Z","sell","taker"
"0.13320000","79.00000000","2023-06-25T18:34:18.684Z","buy","taker"
"0.13270000","110.00000000","2023-06-25T18:30:22.499Z","sell","taker"
"0.13320000","31.00000000","2023-06-25T18:30:18.981Z","buy","taker"
"0.13230000","110.00000000","2023-06-25T18:30:15.087Z","sell","taker"
"0.13200000","110.00000000","2023-06-25T18:30:11.221Z","sell","taker"
"0.13040000","47.00000000","2023-06-25T18:30:08.757Z","buy","taker"
"0.13270000","63.00000000","2023-06-25T18:30:08.752Z","sell","taker"
"0.13270000","110.00000000","2023-06-25T18:30:05.949Z","sell","taker"
"0.13330000","53.00000000","2023-06-25T18:29:59.031Z","buy","taker"
"0.13180000","110.00000000","2023-06-25T18:29:50.023Z","sell","taker"
"0.13220000","58.00000000","2023-06-25T18:29:48.930Z","buy","taker"
"0.13260000","79.00000000","2023-06-25T18:29:48.926Z","sell","taker"
"0.13260000","64.00000000","2023-06-25T18:29:48.926Z","sell","taker"
"0.13260000","110.00000000","2023-06-25T18:29:46.154Z","sell","taker"
"0.13100000","4132.00000000","2023-06-25T18:29:13.985Z","buy","taker"
"0.13280000","525.00000000","2023-06-25T18:29:13.977Z","sell","taker"
"0.13270000","472.00000000","2023-06-25T18:29:13.977Z","sell","taker"
"0.13160000","111.00000000","2023-06-25T18:29:13.977Z","sell","taker"
"0.13020000","111.00000000","2023-06-25T18:29:13.977Z","sell","taker"
"0.13000000","201.00000000","2023-06-25T18:29:13.977Z","sell","taker"
"0.12880000","111.00000000","2023-06-25T18:29:13.977Z","sell","taker"
"0.12850000","117.00000000","2023-06-25T18:29:13.977Z","sell","taker"
"0.12750000","112.00000000","2023-06-25T18:29:13.977Z","sell","taker"
"0.12690000","113.00000000","2023-06-25T18:29:13.977Z","sell","taker"
"0.12630000","101.00000000","2023-06-25T18:29:13.977Z","sell","taker"
"0.12570000","112.00000000","2023-06-25T18:29:13.977Z","sell","taker"
"0.12530000","2072.00000000","2023-06-25T18:29:13.977Z","sell","taker"
"0.12510000","113.00000000","2023-06-25T18:29:13.977Z","sell","taker"
"0.12460000","729.00000000","2023-06-25T18:29:13.977Z","sell","taker"
"0.13320000","10.00000000","2023-06-25T16:23:22.231Z","sell","taker"
"0.13310000","37.00000000","2023-06-25T16:20:40.352Z","sell","taker"
"0.13400000","169.00000000","2023-06-25T15:31:30.503Z","buy","taker"
"0.13240000","228.00000000","2023-06-25T15:30:57.226Z","sell","taker"
"0.13240000","65.00000000","2023-06-25T14:37:40.112Z","sell","taker"
"0.13400000","82.00000000","2023-06-25T13:46:20.679Z","buy","taker"
"0.13190000","198.00000000","2023-06-25T13:34:35.847Z","sell","taker"
"0.13230000","19.00000000","2023-06-25T13:26:53.258Z","sell","taker"
"0.13520000","200.00000000","2023-06-25T13:01:57.086Z","buy","taker"
"0.13520000","81.00000000","2023-06-25T12:26:49.320Z","buy","taker"
"0.13290000","131.00000000","2023-06-25T12:06:08.089Z","sell","taker"
"0.13440000","75.00000000","2023-06-25T10:46:36.892Z","buy","taker"
"0.13390000","8.00000000","2023-06-25T10:14:43.029Z","sell","taker"
"0.13350000","112.00000000","2023-06-25T09:21:15.100Z","sell","taker"
"0.13350000","113.00000000","2023-06-25T09:21:00.267Z","sell","taker"
"0.13340000","75.00000000","2023-06-25T09:20:46.779Z","sell","taker"
"0.13340000","100.00000000","2023-06-25T09:20:00.734Z","sell","taker"
"0.13340000","134.00000000","2023-06-25T09:19:49.868Z","sell","taker"
"0.13340000","178.00000000","2023-06-25T09:19:39.040Z","sell","taker"
"0.13340000","116.00000000","2023-06-25T09:19:28.943Z","sell","taker"
"0.13360000","113.00000000","2023-06-25T09:18:44.212Z","sell","taker"
"0.13520000","1978.00000000","2023-06-25T09:02:02.477Z","buy","taker"
"0.13520000","74.00000000","2023-06-25T08:56:32.686Z","buy","taker"
"0.13420000","75.00000000","2023-06-25T08:54:38.469Z","buy","taker"
"0.13410000","151.00000000","2023-06-25T08:28:44.874Z","buy","taker"
"0.13410000","10.00000000","2023-06-25T08:28:09.332Z","buy","taker"
"0.13410000","17.00000000","2023-06-25T08:23:49.139Z","buy","taker"
"0.13410000","19.00000000","2023-06-25T08:23:16.958Z","buy","taker"
"0.13230000","9.00000000","2023-06-25T06:29:05.696Z","buy","taker"
"0.13260000","17.00000000","2023-06-25T06:10:07.130Z","sell","taker"
"0.13330000","182.00000000","2023-06-25T05:40:50.938Z","buy","taker"
"0.13330000","346.00000000","2023-06-25T05:40:42.807Z","buy","taker"
"0.13330000","291.00000000","2023-06-25T05:40:35.163Z","buy","taker"
"0.13330000","420.00000000","2023-06-25T05:40:26.809Z","buy","taker"
"0.13330000","131.00000000","2023-06-25T05:40:26.809Z","buy","taker"
"0.13330000","102.00000000","2023-06-25T05:40:14.900Z","buy","taker"
"0.13330000","367.00000000","2023-06-25T05:40:13.976Z","buy","taker"
"0.13330000","334.00000000","2023-06-25T05:40:13.312Z","buy","taker"
"0.13330000","301.00000000","2023-06-25T05:40:11.285Z","buy","taker"
"0.13330000","178.00000000","2023-06-25T05:40:08.362Z","buy","taker"
"0.13330000","303.00000000","2023-06-25T05:40:06.703Z","buy","taker"
"0.13330000","529.00000000","2023-06-25T05:38:29.992Z","buy","taker"
"0.13330000","561.00000000","2023-06-25T05:38:26.367Z","buy","taker"
"0.13310000","41.00000000","2023-06-25T05:37:46.176Z","buy","taker"
"0.13310000","42.00000000","2023-06-25T05:37:46.162Z","sell","taker"
"0.13320000","34.00000000","2023-06-25T05:37:29.935Z","buy","taker"
"0.13280000","9.00000000","2023-06-25T05:35:30.178Z","buy","taker"
"0.13260000","196.00000000","2023-06-25T05:35:10.044Z","buy","taker"
"0.13180000","84.00000000","2023-06-25T05:29:27.410Z","sell","taker"
"0.13250000","11.00000000","2023-06-25T05:29:19.963Z","buy","taker"
"0.13220000","200.00000000","2023-06-25T05:28:51.696Z","buy","taker"
"0.13180000","110.00000000","2023-06-25T05:26:41.687Z","buy","taker"
"0.13160000","66.00000000","2023-06-25T05:26:30.105Z","buy","taker"
"0.12890000","1343.00000000","2023-06-25T04:53:13.206Z","buy","taker"
"0.12890000","114.00000000","2023-06-25T04:53:13.202Z","sell","taker"
"0.13050000","8.00000000","2023-06-25T03:37:49.796Z","buy","taker"
"0.13040000","110.00000000","2023-06-25T03:34:59.471Z","sell","taker"
"0.13040000","110.00000000","2023-06-25T03:34:51.915Z","sell","taker"
"0.13040000","110.00000000","2023-06-25T03:34:38.428Z","sell","taker"
"0.13040000","309.00000000","2023-06-25T03:34:20.847Z","buy","taker"
"0.13020000","448.00000000","2023-06-25T03:34:18.769Z","sell","taker"
"0.12880000","111.00000000","2023-06-25T03:34:18.769Z","sell","taker"
"0.12840000","234.00000000","2023-06-25T03:34:18.769Z","sell","taker"
"0.12750000","111.00000000","2023-06-25T03:34:18.769Z","sell","taker"
"0.12690000","111.00000000","2023-06-25T03:34:18.769Z","sell","taker"
"0.12630000","10.00000000","2023-06-25T03:34:18.769Z","sell","taker"
"0.13010000","9.00000000","2023-06-25T03:23:19.859Z","sell","taker"
"0.13150000","25.00000000","2023-06-25T03:18:54.154Z","buy","taker"
"0.13120000","11.00000000","2023-06-25T03:17:56.186Z","buy","taker"
"0.13110000","41.00000000","2023-06-25T03:16:53.946Z","buy","taker"
"0.13040000","76.00000000","2023-06-25T03:16:25.026Z","sell","taker"
"0.13110000","44.00000000","2023-06-25T03:16:14.693Z","sell","taker"
"0.13110000","33.00000000","2023-06-25T03:15:57.728Z","buy","taker"
"0.13040000","110.00000000","2023-06-25T03:07:46.679Z","buy","taker"
"0.12990000","452.00000000","2023-06-25T02:56:26.016Z","buy","taker"
"0.12990000","11.00000000","2023-06-25T02:56:23.865Z","buy","taker"
"0.12990000","8.00000000","2023-06-25T02:56:21.831Z","buy","taker"
"0.12990000","11.00000000","2023-06-25T02:56:19.797Z","buy","taker"
"0.12990000","15.00000000","2023-06-25T02:56:17.768Z","buy","taker"
"0.12990000","39.00000000","2023-06-25T02:56:15.734Z","buy","taker"
"0.12990000","42.00000000","2023-06-25T02:56:13.702Z","buy","taker"
"0.12970000","14.00000000","2023-06-25T02:54:39.784Z","buy","taker"
"0.12980000","294.00000000","2023-06-25T02:54:39.784Z","buy","taker"
"0.12880000","448.00000000","2023-06-25T02:09:22.129Z","sell","taker"
"0.12960000","11.00000000","2023-06-25T01:12:37.194Z","buy","taker"
"0.12960000","110.00000000","2023-06-25T01:12:27.713Z","buy","taker"
"0.12950000","69.00000000","2023-06-25T01:09:54.121Z","buy","taker"
"0.12920000","9.00000000","2023-06-25T01:08:25.792Z","buy","taker"
"0.12930000","13.00000000","2023-06-25T01:08:08.748Z","buy","taker"
"0.12960000","14.00000000","2023-06-25T01:06:51.789Z","buy","taker"
"0.12930000","49.00000000","2023-06-25T01:05:57.247Z","buy","taker"
"0.12940000","29.00000000","2023-06-25T01:05:16.220Z","buy","taker"
"0.12960000","8.00000000","2023-06-25T01:04:07.004Z","buy","taker"
"0.12960000","13.00000000","2023-06-25T01:02:10.669Z","buy","taker"
"0.12960000","62.00000000","2023-06-25T01:02:01.575Z","buy","taker"
"0.12950000","10.00000000","2023-06-25T01:01:44.655Z","buy","taker"
"0.12960000","56.00000000","2023-06-25T01:01:22.724Z","buy","taker"
"0.12960000","17.00000000","2023-06-25T01:00:11.709Z","buy","taker"
"0.12960000","9.00000000","2023-06-25T00:59:02.784Z","buy","taker"
"0.12960000","51.00000000","2023-06-25T00:58:46.824Z","buy","taker"
"0.12970000","8.00000000","2023-06-25T00:56:56.859Z","buy","taker"
"0.12960000","19.00000000","2023-06-25T00:56:27.902Z","buy","taker"
"0.12960000","28.00000000","2023-06-25T00:56:09.272Z","buy","taker"
"0.12960000","39.00000000","2023-06-25T00:56:06.994Z","buy","taker"
"0.12960000","12.00000000","2023-06-25T00:55:10.851Z","buy","taker"
"0.12960000","17.00000000","2023-06-25T00:55:02.314Z","buy","taker"
"0.12960000","47.00000000","2023-06-25T00:54:45.969Z","buy","taker"
"0.12960000","17.00000000","2023-06-25T00:54:37.773Z","buy","taker"
"0.12960000","8.00000000","2023-06-25T00:54:34.523Z","buy","taker"
"0.12960000","10.00000000","2023-06-25T00:54:27.243Z","buy","taker"
"0.12960000","8.00000000","2023-06-25T00:53:51.132Z","buy","taker"
"0.12960000","13.00000000","2023-06-25T00:51:11.162Z","buy","taker"
"0.12960000","10.00000000","2023-06-25T00:50:41.302Z","buy","taker"
"0.12960000","9.00000000","2023-06-25T00:49:48.472Z","buy","taker"
"0.12970000","47.00000000","2023-06-25T00:49:05.911Z","buy","taker"
"0.12960000","8.00000000","2023-06-25T00:48:47.966Z","buy","taker"
"0.12970000","12.00000000","2023-06-25T00:48:20.962Z","buy","taker"
"0.12960000","18.00000000","2023-06-25T00:46:46.427Z","buy","taker"
"0.12960000","8.00000000","2023-06-25T00:44:34.470Z","buy","taker"
"0.12830000","130.00000000","2023-06-25T00:40:35.529Z","sell","taker"
"0.12970000","14.00000000","2023-06-25T00:32:47.177Z","buy","taker"
"0.12950000","13.00000000","2023-06-25T00:29:04.067Z","buy","taker"
"0.12940000","277.00000000","2023-06-25T00:21:17.103Z","buy","taker"
"0.12970000","9.00000000","2023-06-25T00:19:03.529Z","buy","taker"
"0.12900000","1364.00000000","2023-06-25T00:18:37.244Z","buy","taker"
"0.12910000","102.00000000","2023-06-25T00:18:37.244Z","buy","taker"
"0.12970000","6.00000000","2023-06-25T00:18:37.244Z","buy","taker"
"0.12910000","8.00000000","2023-06-25T00:14:06.325Z","buy","taker"