"price","volume","time","side","orderType"
"2.16700000","10.70900000","2024-06-05T00:23:43.961Z","sell","maker"
"2.16700000","10.70000000","2024-06-05T00:22:52.037Z","buy","maker"
"2.17200000","245.24600000","2024-06-05T00:21:33.101Z","sell","maker"
"2.17100000","186.65100000","2024-06-05T00:21:31.979Z","sell","maker"
"2.16800000","11.64300000","2024-06-05T00:21:07.473Z","sell","maker"
"2.17300000","0.17700000","2024-06-05T00:20:24.291Z","sell","maker"
"2.17200000","198.47500000","2024-06-05T00:20:23.019Z","sell","maker"
"2.16700000","532.48800000","2024-06-05T00:20:18.008Z","buy","maker"
"2.16800000","11.51200000","2024-06-05T00:20:18.008Z","buy","maker"
"2.16900000","16.00000000","2024-06-05T00:20:18.008Z","buy","maker"
"2.16900000","2999.00000000","2024-06-05T00:20:14.520Z","sell","maker"
"2.17800000","2920.92300000","2024-06-05T00:18:57.178Z","buy","maker"
"2.17800000","1175.70200000","2024-06-05T00:18:48.583Z","sell","maker"
"2.17700000","1175.70200000","2024-06-05T00:18:48.583Z","sell","maker"
"2.17700000","92.18100000","2024-06-05T00:18:48.583Z","sell","maker"
"2.17700000","245.24600000","2024-06-05T00:18:48.583Z","sell","maker"
"2.17600000","245.24600000","2024-06-05T00:18:48.583Z","sell","maker"
"2.17600000","20.32600000","2024-06-05T00:18:20.668Z","sell","maker"
"2.17500000","24.57600000","2024-06-05T00:18:20.668Z","sell","maker"
"2.17500000","9.70600000","2024-06-05T00:18:17.970Z","buy","maker"
"2.17500000","9.77300000","2024-06-05T00:18:17.961Z","buy","maker"
"2.17500000","7.07100000","2024-06-05T00:18:02.285Z","sell","maker"
"2.17600000","2.54200000","2024-06-05T00:17:46.755Z","sell","maker"
"2.17400000","12.40800000","2024-06-05T00:17:31.803Z","buy","maker"
"2.17400000","32.60700000","2024-06-05T00:17:26.675Z","sell","maker"
"2.17300000","245.24600000","2024-06-05T00:17:26.675Z","sell","maker"
"2.17200000","0.81600000","2024-06-05T00:17:25.336Z","sell","maker"
"2.16900000","0.00400000","2024-06-05T00:17:17.573Z","buy","maker"
"2.16800000","12.41500000","2024-06-05T00:17:14.118Z","sell","maker"
"2.16700000","0.69900000","2024-06-05T00:17:12.104Z","buy","maker"
"2.16800000","12.42900000","2024-06-05T00:17:09.663Z","buy","maker"
"2.17100000","0.03500000","2024-06-05T00:17:05.466Z","sell","maker"
"2.16900000","10.99600000","2024-06-05T00:17:02.407Z","sell","maker"
"2.16900000","4.20700000","2024-06-05T00:17:01.762Z","buy","maker"
"2.16900000","9.41300000","2024-06-05T00:17:01.762Z","buy","maker"
"2.17000000","7.07900000","2024-06-05T00:16:56.106Z","sell","maker"
"2.17100000","14.10700000","2024-06-05T00:16:44.549Z","buy","maker"
"2.17000000","12.54500000","2024-06-05T00:16:27.100Z","buy","maker"
"2.17000000","12.58700000","2024-06-05T00:16:27.100Z","buy","maker"
"2.17200000","1.50000000","2024-06-05T00:16:23.941Z","buy","maker"
"2.17400000","48.30600000","2024-06-05T00:16:21.070Z","sell","maker"
"2.17300000","12.65400000","2024-06-05T00:16:21.070Z","sell","maker"
"2.17300000","0.63200000","2024-06-05T00:16:21.043Z","buy","maker"
"2.17400000","16.69600000","2024-06-05T00:16:20.774Z","buy","maker"
"2.17400000","0.63300000","2024-06-05T00:16:20.774Z","buy","maker"
"2.17600000","22.24200000","2024-06-05T00:16:08.309Z","sell","maker"
"2.17500000","12.40800000","2024-06-05T00:16:07.709Z","buy","maker"
"2.17800000","152.54300000","2024-06-05T00:16:05.397Z","sell","maker"
"2.17700000","16.00000000","2024-06-05T00:16:05.397Z","sell","maker"
"2.17700000","36.97300000","2024-06-05T00:16:05.397Z","sell","maker"
"2.17800000","242.24900000","2024-06-05T00:16:01.391Z","buy","maker"
"2.17700000","348.34500000","2024-06-05T00:16:00.715Z","buy","maker"
"2.17800000","624.26700000","2024-06-05T00:16:00.715Z","buy","maker"
"2.17900000","12.38800000","2024-06-05T00:16:00.715Z","buy","maker"
"2.17900000","12.38800000","2024-06-05T00:16:00.705Z","buy","maker"
"2.17900000","249.70800000","2024-06-05T00:16:00.705Z","buy","maker"
"2.17900000","156.31100000","2024-06-05T00:16:00.705Z","buy","maker"
"2.18000000","78.15600000","2024-06-05T00:16:00.687Z","buy","maker"
"2.18000000","242.24900000","2024-06-05T00:16:00.687Z","buy","maker"
"2.18000000","39.07800000","2024-06-05T00:16:00.687Z","buy","maker"
"2.18000000","1175.70200000","2024-06-05T00:16:00.687Z","buy","maker"
"2.18100000","12.37200000","2024-06-05T00:16:00.683Z","buy","maker"
"2.18300000","228.21400000","2024-06-05T00:15:42.042Z","sell","maker"
"2.18500000","80.00000000","2024-06-05T00:15:19.792Z","sell","maker"
"2.18300000","0.19800000","2024-06-05T00:15:10.629Z","buy","maker"
"2.18300000","26.81200000","2024-06-05T00:14:40.371Z","buy","maker"
"2.18100000","11.92000000","2024-06-05T00:14:16.955Z","sell","maker"
"2.18100000","11.97100000","2024-06-05T00:14:07.626Z","buy","maker"
"2.18200000","31.76700000","2024-06-05T00:14:07.620Z","buy","maker"
"2.18300000","47.62900000","2024-06-05T00:14:05.239Z","sell","maker"
"2.18200000","18.40600000","2024-06-05T00:13:32.613Z","buy","maker"
"2.18200000","16.00000000","2024-06-05T00:13:20.848Z","buy","maker"
"2.18200000","245.24600000","2024-06-05T00:13:20.082Z","sell","maker"
"2.18200000","80.00000000","2024-06-05T00:13:20.082Z","sell","maker"
"2.18200000","245.24600000","2024-06-05T00:13:19.052Z","sell","maker"
"2.18200000","92.18100000","2024-06-05T00:13:19.052Z","sell","maker"
"2.18100000","245.24600000","2024-06-05T00:13:18.847Z","sell","maker"
"2.18100000","113.53200000","2024-06-05T00:13:18.847Z","sell","maker"
"2.18000000","80.00000000","2024-06-05T00:13:18.798Z","sell","maker"
"2.17900000","16.00000000","2024-06-05T00:13:18.774Z","sell","maker"
"2.17900000","1175.70200000","2024-06-05T00:13:18.774Z","sell","maker"
"2.17900000","20.00000000","2024-06-05T00:12:57.932Z","buy","maker"
"2.17800000","5.00000000","2024-06-05T00:12:22.941Z","buy","maker"
"2.17900000","20.00000000","2024-06-05T00:12:19.404Z","buy","maker"
"2.17900000","346.51700000","2024-06-05T00:11:57.200Z","sell","maker"
"2.17800000","245.24600000","2024-06-05T00:11:57.200Z","sell","maker"
"2.17500000","14.64800000","2024-06-05T00:11:33.482Z","sell","maker"
"2.17500000","11.90200000","2024-06-05T00:11:28.005Z","buy","maker"
"2.17500000","6.00000000","2024-06-05T00:11:28.005Z","buy","maker"
"2.17500000","2.53200000","2024-06-05T00:11:25.200Z","buy","maker"
"2.17500000","6.00000000","2024-06-05T00:11:20.982Z","buy","maker"
"2.17500000","35.74500000","2024-06-05T00:11:14.175Z","sell","maker"
"2.17500000","6.00000000","2024-06-05T00:11:11.911Z","buy","maker"
"2.17800000","11.99400000","2024-06-05T00:11:06.016Z","buy","maker"
"2.17800000","11.99400000","2024-06-05T00:11:06.006Z","buy","maker"
"2.17900000","11.98800000","2024-06-05T00:11:05.823Z","buy","maker"
"2.17900000","6.00000000","2024-06-05T00:11:05.823Z","buy","maker"
"2.18100000","86.46800000","2024-06-05T00:10:56.689Z","sell","maker"
"2.18000000","12.90500000","2024-06-05T00:10:56.689Z","sell","maker"
"2.18000000","195.17700000","2024-06-05T00:10:56.689Z","sell","maker"
"2.17700000","4.19400000","2024-06-05T00:10:40.667Z","buy","maker"
"2.17800000","0.78300000","2024-06-05T00:10:40.667Z","buy","maker"
"2.17900000","7.00000000","2024-06-05T00:10:40.646Z","buy","maker"
"2.18000000","7.00000000","2024-06-05T00:10:32.800Z","buy","maker"
"2.18000000","11.89700000","2024-06-05T00:10:32.800Z","buy","maker"
"2.18700000","147.13600000","2024-06-05T00:10:06.427Z","buy","maker"
"2.18900000","99.56800000","2024-06-05T00:09:27.094Z","sell","maker"
"2.18900000","35.16900000","2024-06-05T00:09:25.437Z","sell","maker"
"2.18900000","195.17700000","2024-06-05T00:09:25.437Z","sell","maker"
"2.19300000","11.80700000","2024-06-05T00:09:05.816Z","buy","maker"
"2.19400000","11.80200000","2024-06-05T00:09:05.688Z","buy","maker"
"2.19400000","39.51500000","2024-06-05T00:09:05.681Z","buy","maker"
"2.19500000","11.79600000","2024-06-05T00:09:05.659Z","buy","maker"
"2.19900000","38.11700000","2024-06-05T00:09:03.242Z","sell","maker"
"2.19900000","195.17700000","2024-06-05T00:09:03.242Z","sell","maker"
"2.19800000","11.79700000","2024-06-05T00:09:03.242Z","sell","maker"
"2.19700000","27.00000000","2024-06-05T00:09:03.242Z","sell","maker"
"2.19700000","11.77700000","2024-06-05T00:08:54.313Z","buy","maker"
"2.19800000","13.77900000","2024-06-05T00:08:51.001Z","sell","maker"
"2.19600000","195.17700000","2024-06-05T00:08:45.760Z","sell","maker"
"2.19600000","0.88800000","2024-06-05T00:08:45.754Z","buy","maker"
"2.19700000","0.88700000","2024-06-05T00:08:45.714Z","buy","maker"
"2.19700000","250.86700000","2024-06-05T00:08:45.714Z","buy","maker"
"2.19700000","1.62200000","2024-06-05T00:08:45.274Z","buy","maker"
"2.19800000","5.56600000","2024-06-05T00:08:45.165Z","buy","maker"
"2.20000000","1.08000000","2024-06-05T00:08:42.778Z","buy","maker"
"2.20000000","2.28000000","2024-06-05T00:08:39.929Z","buy","maker"
"2.20000000","2.19000000","2024-06-05T00:08:37.655Z","buy","maker"
"2.20000000","36.00000000","2024-06-05T00:08:37.576Z","sell","maker"
"2.20000000","93.61800000","2024-06-05T00:08:37.576Z","sell","maker"
"2.19900000","11.71900000","2024-06-05T00:08:30.970Z","sell","maker"
"2.19900000","35.00000000","2024-06-05T00:08:30.970Z","sell","maker"
"2.19900000","82.63900000","2024-06-05T00:08:30.970Z","sell","maker"
"2.19700000","2.62100000","2024-06-05T00:08:30.467Z","buy","maker"
"2.19700000","0.90900000","2024-06-05T00:08:30.467Z","buy","maker"
"2.19800000","8.00000000","2024-06-05T00:08:26.047Z","buy","maker"
"2.19800000","11.71900000","2024-06-05T00:08:26.047Z","buy","maker"
"2.19800000","2.38900000","2024-06-05T00:08:24.966Z","buy","maker"
"2.19800000","35.00000000","2024-06-05T00:08:24.604Z","sell","maker"
"2.19700000","11.76600000","2024-06-05T00:08:24.601Z","sell","maker"
"2.19600000","16.00000000","2024-06-05T00:08:21.732Z","buy","maker"
"2.19600000","11.74300000","2024-06-05T00:08:21.732Z","buy","maker"
"2.19600000","125.96500000","2024-06-05T00:08:12.913Z","buy","maker"
"2.19900000","196.06500000","2024-06-05T00:08:12.143Z","sell","maker"
"2.19800000","80.00000000","2024-06-05T00:08:12.143Z","sell","maker"
"2.19800000","42.00000000","2024-06-05T00:08:12.143Z","sell","maker"
"2.19700000","40.00000000","2024-06-05T00:08:11.546Z","sell","maker"
"2.19700000","16.00000000","2024-06-05T00:08:11.539Z","sell","maker"
"2.19700000","38.00000000","2024-06-05T00:08:11.539Z","sell","maker"
"2.19600000","13.97400000","2024-06-05T00:08:11.531Z","sell","maker"
"2.19600000","22.00000000","2024-06-05T00:08:11.531Z","sell","maker"
"2.19300000","228.78700000","2024-06-05T00:07:58.597Z","buy","maker"
"2.19300000","0.59200000","2024-06-05T00:07:58.597Z","buy","maker"
"2.19300000","0.21600000","2024-06-05T00:07:55.280Z","buy","maker"
"2.19400000","31.00000000","2024-06-05T00:07:54.793Z","sell","maker"
"2.19100000","0.81900000","2024-06-05T00:07:42.609Z","buy","maker"
"2.19200000","0.81800000","2024-06-05T00:07:42.091Z","buy","maker"
"2.19200000","16.00000000","2024-06-05T00:07:34.878Z","buy","maker"
"2.19200000","11.33500000","2024-06-05T00:07:34.878Z","buy","maker"
"2.19200000","0.21600000","2024-06-05T00:07:33.915Z","buy","maker"
"2.19200000","0.21600000","2024-06-05T00:07:33.552Z","buy","maker"
"2.19300000","45.60300000","2024-06-05T00:07:33.296Z","sell","maker"
"2.19300000","195.17700000","2024-06-05T00:07:33.296Z","sell","maker"
"2.19200000","0.21600000","2024-06-05T00:07:33.027Z","buy","maker"
"2.19200000","1.50000000","2024-06-05T00:07:32.717Z","sell","maker"
"2.19000000","16.00000000","2024-06-05T00:07:32.717Z","sell","maker"
"2.19100000","92.18100000","2024-06-05T00:07:32.714Z","sell","maker"
"2.19000000","40.00000000","2024-06-05T00:07:32.709Z","sell","maker"
"2.19000000","80.00000000","2024-06-05T00:07:32.709Z","sell","maker"
"2.19000000","39.00000000","2024-06-05T00:07:32.709Z","sell","maker"
"2.18800000","41.00000000","2024-06-05T00:07:32.701Z","sell","maker"
"2.18300000","263.07200000","2024-06-05T00:07:04.258Z","buy","maker"
"2.18300000","80.22100000","2024-06-05T00:06:55.409Z","buy","maker"
"2.18400000","372.43400000","2024-06-05T00:06:55.409Z","buy","maker"
"2.18400000","2.34500000","2024-06-05T00:06:55.409Z","buy","maker"
"2.18400000","67.00800000","2024-06-05T00:06:55.160Z","sell","maker"
"2.18200000","315.33100000","2024-06-05T00:06:55.082Z","sell","maker"
"2.18100000","157.66600000","2024-06-05T00:06:55.062Z","sell","maker"
"2.18000000","760.00000000","2024-06-05T00:06:55.059Z","sell","maker"
"2.18000000","39.41600000","2024-06-05T00:06:55.059Z","sell","maker"
"2.18000000","78.83300000","2024-06-05T00:06:55.059Z","sell","maker"
"2.18000000","1175.70200000","2024-06-05T00:06:55.059Z","sell","maker"
"2.17900000","161.55400000","2024-06-05T00:06:55.055Z","sell","maker"
"2.17900000","1175.70200000","2024-06-05T00:06:55.055Z","sell","maker"
"2.17800000","40.00000000","2024-06-05T00:06:55.053Z","sell","maker"
"2.17800000","1418.89300000","2024-06-05T00:06:55.053Z","sell","maker"
"2.17800000","945.75300000","2024-06-05T00:06:55.053Z","sell","maker"
"2.17800000","16.00000000","2024-06-05T00:06:55.053Z","sell","maker"
"2.17800000","1175.70200000","2024-06-05T00:06:55.053Z","sell","maker"
"2.17600000","11.78900000","2024-06-05T00:06:53.326Z","sell","maker"
"2.17500000","0.00200000","2024-06-05T00:06:52.214Z","buy","maker"
"2.17600000","2.35500000","2024-06-05T00:06:51.201Z","buy","maker"
"2.17700000","11.77300000","2024-06-05T00:06:44.430Z","buy","maker"
"2.17800000","257.49400000","2024-06-05T00:06:36.148Z","sell","maker"
"2.17800000","1115.81000000","2024-06-05T00:06:36.085Z","sell","maker"
"2.17100000","192.63700000","2024-06-05T00:06:07.481Z","sell","maker"
"2.17000000","28.70300000","2024-06-05T00:06:04.992Z","sell","maker"
"2.16800000","193.24200000","2024-06-05T00:06:03.989Z","sell","maker"
"2.16700000","13.44500000","2024-06-05T00:06:03.391Z","sell","maker"
"2.16600000","0.62400000","2024-06-05T00:06:00.196Z","sell","maker"
"2.16500000","3.53800000","2024-06-05T00:05:52.888Z","buy","maker"
"2.16100000","0.04400000","2024-06-05T00:05:25.290Z","buy","maker"
"2.16000000","47.64200000","2024-06-05T00:05:23.597Z","buy","maker"
"2.16400000","0.44800000","2024-06-05T00:05:22.359Z","sell","maker"
"2.16500000","1175.70200000","2024-06-05T00:04:30.962Z","buy","maker"
"2.16500000","0.59000000","2024-06-05T00:04:30.962Z","buy","maker"
"2.16500000","164.12000000","2024-06-05T00:04:19.969Z","buy","maker"
"2.16900000","0.69100000","2024-06-05T00:04:13.081Z","buy","maker"
"2.17300000","72.63600000","2024-06-05T00:04:02.931Z","buy","maker"
"2.17300000","250.39300000","2024-06-05T00:04:02.460Z","buy","maker"
"2.17300000","72.62700000","2024-06-05T00:04:02.392Z","buy","maker"
"2.17300000","843.89300000","2024-06-05T00:04:02.392Z","buy","maker"
"2.17300000","255.00000000","2024-06-05T00:04:02.347Z","buy","maker"
"2.17300000","320.00000000","2024-06-05T00:04:02.320Z","buy","maker"
"2.17500000","81.07900000","2024-06-05T00:03:52.738Z","buy","maker"
"2.17600000","0.84400000","2024-06-05T00:03:52.738Z","buy","maker"
"2.17900000","236.13400000","2024-06-05T00:03:47.690Z","buy","maker"
"2.17900000","1180.67300000","2024-06-05T00:03:47.672Z","buy","maker"
"2.17900000","332.41500000","2024-06-05T00:03:47.582Z","buy","maker"
"2.17900000","249.58500000","2024-06-05T00:03:47.582Z","buy","maker"
"2.18000000","5.00000000","2024-06-05T00:03:47.563Z","buy","maker"
"2.18000000","1175.70200000","2024-06-05T00:03:47.563Z","buy","maker"
"2.18100000","11.34100000","2024-06-05T00:03:47.563Z","buy","maker"
"2.18100000","16.00000000","2024-06-05T00:03:47.563Z","buy","maker"
"2.18200000","11.35700000","2024-06-05T00:03:34.896Z","sell","maker"
"2.18000000","0.08600000","2024-06-05T00:03:17.750Z","buy","maker"
"2.18000000","1.62300000","2024-06-05T00:03:11.231Z","buy","maker"
"2.18500000","0.21700000","2024-06-05T00:02:35.845Z","buy","maker"
"2.18600000","11.33900000","2024-06-05T00:02:35.367Z","buy","maker"
"2.17900000","16.00000000","2024-06-05T00:01:45.363Z","sell","maker"
"2.17900000","13.16600000","2024-06-05T00:01:45.363Z","sell","maker"
"2.17500000","0.70100000","2024-06-05T00:01:36.018Z","buy","maker"
"2.17600000","0.67600000","2024-06-05T00:01:36.018Z","buy","maker"
"2.17900000","0.83300000","2024-06-05T00:01:23.849Z","buy","maker"
"2.18300000","11.44800000","2024-06-05T00:01:13.799Z","buy","maker"
"2.18400000","0.21700000","2024-06-05T00:01:08.425Z","buy","maker"
"2.18400000","0.21700000","2024-06-05T00:01:08.095Z","buy","maker"
"2.18400000","80.00000000","2024-06-05T00:01:07.801Z","sell","maker"
"2.17500000","12.33000000","2024-06-05T00:00:40.492Z","sell","maker"
"2.17400000","13.66600000","2024-06-05T00:00:36.676Z","sell","maker"
"2.17400000","0.87300000","2024-06-05T00:00:13.960Z","buy","maker"
"2.17500000","11.46400000","2024-06-05T00:00:07.871Z","buy","maker"
"2.17600000","315.40200000","2024-06-04T23:59:44.522Z","sell","maker"
"2.17600000","353.20200000","2024-06-04T23:59:44.517Z","sell","maker"
"2.17600000","261.62800000","2024-06-04T23:59:44.513Z","sell","maker"
"2.17600000","69.76800000","2024-06-04T23:59:44.506Z","sell","maker"
"2.17600000","17.77300000","2024-06-04T23:59:44.506Z","sell","maker"
"2.17600000","177.40400000","2024-06-04T23:59:44.506Z","sell","maker"
"2.17500000","195.17700000","2024-06-04T23:59:40.551Z","sell","maker"
"2.17500000","92.18100000","2024-06-04T23:59:40.551Z","sell","maker"
"2.17500000","4.24000000","2024-06-04T23:59:05.881Z","sell","maker"
"2.17100000","2.22400000","2024-06-04T23:57:42.696Z","sell","maker"
"2.17000000","40.91900000","2024-06-04T23:57:24.599Z","buy","maker"
"2.17100000","20.85300000","2024-06-04T23:57:23.372Z","sell","maker"
"2.17200000","5.87500000","2024-06-04T23:57:22.721Z","sell","maker"
"2.17200000","0.55500000","2024-06-04T23:57:05.774Z","sell","maker"
"2.17200000","866.17900000","2024-06-04T23:57:05.741Z","sell","maker"
"2.17200000","223.83300000","2024-06-04T23:57:05.741Z","sell","maker"
"2.17200000","195.17700000","2024-06-04T23:57:05.741Z","sell","maker"
"2.17100000","11.65900000","2024-06-04T23:57:05.741Z","sell","maker"
"2.17100000","92.18100000","2024-06-04T23:57:05.741Z","sell","maker"
"2.16900000","17.67200000","2024-06-04T23:56:20.505Z","buy","maker"
"2.16900000","1.47700000","2024-06-04T23:56:12.370Z","buy","maker"
"2.17000000","11.65800000","2024-06-04T23:56:02.389Z","buy","maker"
"2.17000000","23.95400000","2024-06-04T23:54:34.700Z","sell","maker"
"2.17100000","19.72300000","2024-06-04T23:54:29.505Z","sell","maker"
"2.17100000","11.72100000","2024-06-04T23:54:29.505Z","sell","maker"
"2.17200000","0.48200000","2024-06-04T23:52:47.496Z","sell","maker"
"2.17000000","65.06200000","2024-06-04T23:52:46.682Z","buy","maker"
"2.17100000","11.72000000","2024-06-04T23:52:46.682Z","buy","maker"
"2.17100000","2.26000000","2024-06-04T23:52:46.682Z","buy","maker"
"2.17400000","261.94400000","2024-06-04T23:52:06.979Z","buy","maker"
"2.17500000","0.68700000","2024-06-04T23:52:00.657Z","sell","maker"
"2.17600000","17.77300000","2024-06-04T23:51:47.656Z","sell","maker"
"2.17100000","1.50100000","2024-06-04T23:51:12.887Z","buy","maker"
"2.17100000","2.32400000","2024-06-04T23:51:12.887Z","buy","maker"
"2.17200000","1175.70200000","2024-06-04T23:50:47.029Z","sell","maker"
"2.17200000","11.87700000","2024-06-04T23:50:47.029Z","sell","maker"
"2.17200000","11.75500000","2024-06-04T23:50:32.998Z","buy","maker"
"2.17300000","0.28900000","2024-06-04T23:50:16.362Z","sell","maker"
"2.17200000","3.30200000","2024-06-04T23:49:20.703Z","sell","maker"
"2.17400000","37.66200000","2024-06-04T23:48:44.366Z","sell","maker"
"2.17400000","195.17700000","2024-06-04T23:48:44.366Z","sell","maker"
"2.17300000","224.39600000","2024-06-04T23:48:44.366Z","sell","maker"
"2.17100000","0.02200000","2024-06-04T23:48:38.083Z","sell","maker"
"2.17300000","951.30600000","2024-06-04T23:48:27.423Z","sell","maker"
"2.17200000","195.17700000","2024-06-04T23:48:27.423Z","sell","maker"
"2.17500000","927.73100000","2024-06-04T23:48:10.500Z","sell","maker"
"2.17500000","195.17700000","2024-06-04T23:48:10.500Z","sell","maker"
"2.17400000","195.17700000","2024-06-04T23:48:10.500Z","sell","maker"
"2.17300000","79.83900000","2024-06-04T23:48:04.462Z","buy","maker"
"2.17300000","23.94700000","2024-06-04T23:48:03.571Z","sell","maker"
"2.17500000","12.03000000","2024-06-04T23:47:39.304Z","buy","maker"
"2.17300000","438.51600000","2024-06-04T23:47:39.284Z","buy","maker"
"2.17300000","79.83900000","2024-06-04T23:47:39.284Z","buy","maker"
"2.17300000","250.30200000","2024-06-04T23:47:39.284Z","buy","maker"
"2.17400000","216.89100000","2024-06-04T23:47:39.284Z","buy","maker"
"2.17500000","2.40800000","2024-06-04T23:47:39.284Z","buy","maker"
"2.17500000","12.04400000","2024-06-04T23:47:39.284Z","buy","maker"
"2.17500000","1.65500000","2024-06-04T23:47:25.315Z","buy","maker"
"2.17800000","0.61800000","2024-06-04T23:46:59.926Z","buy","maker"
"2.17800000","2.30700000","2024-06-04T23:46:36.740Z","buy","maker"
"2.17800000","160.78000000","2024-06-04T23:44:46.076Z","sell","maker"
"2.17800000","80.00000000","2024-06-04T23:44:46.076Z","sell","maker"
"2.17600000","15.00000000","2024-06-04T23:44:45.008Z","sell","maker"
"2.17600000","80.00000000","2024-06-04T23:44:32.674Z","sell","maker"
"2.17600000","192.26600000","2024-06-04T23:44:32.674Z","sell","maker"
"2.17100000","11.35000000","2024-06-04T23:44:18.367Z","sell","maker"
"2.17100000","271.57000000","2024-06-04T23:44:07.866Z","buy","maker"
"2.17100000","223.43000000","2024-06-04T23:44:07.866Z","buy","maker"
"2.17200000","28.52300000","2024-06-04T23:44:03.383Z","buy","maker"
"2.17300000","2.29900000","2024-06-04T23:44:03.383Z","buy","maker"
"2.17500000","478.51000000","2024-06-04T23:43:57.545Z","buy","maker"
"2.17600000","2.91100000","2024-06-04T23:43:52.144Z","sell","maker"
"2.17400000","8.92400000","2024-06-04T23:43:44.469Z","buy","maker"
"2.17400000","0.27400000","2024-06-04T23:43:44.469Z","buy","maker"
"2.17400000","2.01700000","2024-06-04T23:43:30.515Z","buy","maker"
"2.17500000","104.89300000","2024-06-04T23:43:28.222Z","sell","maker"
"2.17500000","44.82800000","2024-06-04T23:43:24.272Z","sell","maker"
"2.17600000","39.96500000","2024-06-04T23:41:34.626Z","buy","maker"
"2.17300000","80.00000000","2024-06-04T23:40:02.852Z","sell","maker"
"2.17200000","1.50000000","2024-06-04T23:40:02.620Z","sell","maker"
"2.17100000","2.28500000","2024-06-04T23:39:48.869Z","sell","maker"
"2.16400000","23.94500000","2024-06-04T23:38:50.119Z","sell","maker"
"2.16100000","1008.66100000","2024-06-04T23:38:17.522Z","buy","maker"
"2.16100000","16.00000000","2024-06-04T23:38:17.522Z","buy","maker"
"2.16200000","3.53300000","2024-06-04T23:38:17.522Z","buy","maker"
"2.16300000","10.45100000","2024-06-04T23:38:01.283Z","buy","maker"
"2.16300000","12.11100000","2024-06-04T23:38:01.273Z","buy","maker"
"2.16300000","1.52900000","2024-06-04T23:37:56.625Z","buy","maker"
"2.16500000","1175.70200000","2024-06-04T23:37:50.349Z","sell","maker"
"2.16500000","41.30100000","2024-06-04T23:37:40.798Z","sell","maker"
"2.16400000","195.17700000","2024-06-04T23:37:38.953Z","sell","maker"
"2.16400000","80.00000000","2024-06-04T23:37:38.953Z","sell","maker"
"2.16200000","1175.70200000","2024-06-04T23:37:38.297Z","sell","maker"
"2.16000000","16.00000000","2024-06-04T23:37:30.374Z","sell","maker"
"2.16000000","195.17700000","2024-06-04T23:37:30.374Z","sell","maker"
"2.15900000","195.17700000","2024-06-04T23:37:30.252Z","sell","maker"
"2.15900000","161.59700000","2024-06-04T23:37:30.252Z","sell","maker"
"2.15500000","3.46200000","2024-06-04T23:37:10.655Z","buy","maker"
"2.15600000","44.18100000","2024-06-04T23:36:42.097Z","sell","maker"
"2.15500000","82.24800000","2024-06-04T23:36:30.699Z","buy","maker"
"2.15500000","171.21700000","2024-06-04T23:36:21.900Z","sell","maker"
"2.15500000","195.17700000","2024-06-04T23:36:21.900Z","sell","maker"
"2.15400000","4.73200000","2024-06-04T23:36:00.598Z","sell","maker"
"2.15400000","9.46800000","2024-06-04T23:36:00.598Z","sell","maker"
"2.15400000","9.44200000","2024-06-04T23:35:21.891Z","buy","maker"
"2.15500000","12.05300000","2024-06-04T23:33:19.436Z","sell","maker"
"2.15600000","1.84000000","2024-06-04T23:33:06.948Z","sell","maker"
"2.15600000","436.75300000","2024-06-04T23:32:29.410Z","buy","maker"
"2.15700000","16.00000000","2024-06-04T23:32:29.410Z","buy","maker"
"2.15700000","11.96300000","2024-06-04T23:32:29.410Z","buy","maker"
"2.15800000","3.67600000","2024-06-04T23:32:29.410Z","buy","maker"
"2.15800000","2.38000000","2024-06-04T23:32:29.410Z","buy","maker"
"2.15800000","1.64800000","2024-06-04T23:32:15.600Z","buy","maker"
"2.15800000","2.37300000","2024-06-04T23:32:15.600Z","buy","maker"
"2.15600000","53.89300000","2024-06-04T23:31:35.236Z","sell","maker"
"2.15700000","22.08100000","2024-06-04T23:30:36.838Z","buy","maker"
"2.15900000","226.97000000","2024-06-04T23:30:32.554Z","sell","maker"
"2.15500000","20.94400000","2024-06-04T23:30:22.134Z","sell","maker"
"2.15500000","10.52400000","2024-06-04T23:30:18.936Z","buy","maker"
"2.15500000","10.52400000","2024-06-04T23:30:18.925Z","buy","maker"
"2.15500000","148.96000000","2024-06-04T23:30:18.925Z","buy","maker"
"2.15600000","181.12200000","2024-06-04T23:30:11.766Z","sell","maker"
"2.15600000","195.17700000","2024-06-04T23:30:11.766Z","sell","maker"
"2.15300000","1.99200000","2024-06-04T23:30:04.986Z","sell","maker"
"2.15100000","10.60000000","2024-06-04T23:30:03.218Z","sell","maker"
"2.14800000","660.13800000","2024-06-04T23:30:02.028Z","buy","maker"
"2.14800000","40.00000000","2024-06-04T23:30:02.028Z","buy","maker"
"2.14800000","1175.70200000","2024-06-04T23:30:02.028Z","buy","maker"
"2.14900000","1175.70200000","2024-06-04T23:30:02.028Z","buy","maker"
"2.14900000","16.00000000","2024-06-04T23:30:02.028Z","buy","maker"
"2.14900000","237.25900000","2024-06-04T23:30:02.028Z","buy","maker"
"2.14900000","9.59500000","2024-06-04T23:30:02.028Z","buy","maker"
"2.14900000","1.00000000","2024-06-04T23:29:55.272Z","buy","maker"
"2.14900000","130.17800000","2024-06-04T23:29:35.556Z","buy","maker"
"2.14900000","3.61200000","2024-06-04T23:29:35.556Z","buy","maker"
"2.14900000","2.06400000","2024-06-04T23:29:35.556Z","buy","maker"
"2.15000000","22.05600000","2024-06-04T23:28:52.215Z","sell","maker"
"2.14900000","16.43000000","2024-06-04T23:27:58.470Z","buy","maker"
"2.14900000","5.31000000","2024-06-04T23:27:58.470Z","buy","maker"
"2.15000000","46.51200000","2024-06-04T23:27:44.927Z","sell","maker"
"2.15000000","32.66700000","2024-06-04T23:27:38.448Z","buy","maker"
"2.15000000","18.69800000","2024-06-04T23:27:38.444Z","buy","maker"
"2.15400000","197.96200000","2024-06-04T23:26:12.167Z","sell","maker"
"2.15400000","195.17700000","2024-06-04T23:26:12.167Z","sell","maker"
"2.15200000","11.12200000","2024-06-04T23:26:11.037Z","sell","maker"
"2.15000000","42.78900000","2024-06-04T23:25:56.419Z","buy","maker"
"2.15000000","80.91000000","2024-06-04T23:25:50.431Z","buy","maker"
"2.15100000","0.80300000","2024-06-04T23:25:50.206Z","buy","maker"
"2.15100000","2.07200000","2024-06-04T23:25:41.851Z","sell","maker"
"2.15100000","10.32000000","2024-06-04T23:25:40.326Z","buy","maker"
"2.15100000","3.61300000","2024-06-04T23:25:40.326Z","buy","maker"
"2.15100000","2.06300000","2024-06-04T23:25:40.326Z","buy","maker"
"2.15200000","10.98900000","2024-06-04T23:25:18.116Z","sell","maker"
"2.15200000","0.83200000","2024-06-04T23:25:04.303Z","buy","maker"
"2.15100000","341.20300000","2024-06-04T23:24:56.799Z","sell","maker"
"2.15100000","10.26300000","2024-06-04T23:24:56.793Z","buy","maker"
"2.15200000","235.88000000","2024-06-04T23:24:56.793Z","buy","maker"
"2.15200000","3.60900000","2024-06-04T23:24:56.793Z","buy","maker"
"2.15200000","2.04500000","2024-06-04T23:24:56.793Z","buy","maker"
"2.15300000","3.53200000","2024-06-04T23:24:18.346Z","sell","maker"
"2.15300000","1.71600000","2024-06-04T23:23:56.176Z","sell","maker"
"2.15300000","0.58800000","2024-06-04T23:23:56.176Z","sell","maker"
"2.15300000","0.10900000","2024-06-04T23:23:36.559Z","sell","maker"
"2.15400000","12.31100000","2024-06-04T23:23:06.090Z","sell","maker"
"2.15300000","1.17300000","2024-06-04T23:22:40.536Z","buy","maker"
"2.15300000","0.46900000","2024-06-04T23:22:40.536Z","buy","maker"
"2.15400000","0.67400000","2024-06-04T23:22:39.923Z","sell","maker"
"2.15200000","3.39800000","2024-06-04T23:22:25.144Z","buy","maker"
"2.15300000","3.20000000","2024-06-04T23:22:25.144Z","buy","maker"
"2.15400000","0.64300000","2024-06-04T23:22:15.856Z","buy","maker"
"2.15400000","0.64300000","2024-06-04T23:22:15.845Z","buy","maker"
"2.15500000","1.50000000","2024-06-04T23:22:01.367Z","sell","maker"
"2.15200000","223.83300000","2024-06-04T23:22:00.050Z","buy","maker"
"2.15200000","1175.70200000","2024-06-04T23:22:00.050Z","buy","maker"
"2.15200000","40.00000000","2024-06-04T23:22:00.050Z","buy","maker"
"2.15200000","80.70700000","2024-06-04T23:22:00.050Z","buy","maker"
"2.15200000","1.50000000","2024-06-04T23:22:00.050Z","buy","maker"
"2.15300000","1175.70200000","2024-06-04T23:22:00.050Z","buy","maker"
"2.15400000","0.87600000","2024-06-04T23:22:00.050Z","buy","maker"
"2.15400000","207.31100000","2024-06-04T23:22:00.050Z","buy","maker"
"2.15400000","27.82900000","2024-06-04T23:21:56.078Z","buy","maker"
"2.15500000","10.17000000","2024-06-04T23:21:48.448Z","buy","maker"
"2.15500000","10.22200000","2024-06-04T23:21:28.787Z","sell","maker"
"2.15300000","75.50400000","2024-06-04T23:21:26.783Z","buy","maker"
"2.15400000","10.21600000","2024-06-04T23:21:26.783Z","buy","maker"
"2.15400000","16.00000000","2024-06-04T23:21:26.783Z","buy","maker"
"2.15400000","5.24900000","2024-06-04T23:21:26.783Z","buy","maker"
"2.15700000","18.17400000","2024-06-04T23:21:09.341Z","sell","maker"
"2.15600000","10.81800000","2024-06-04T23:20:43.572Z","sell","maker"
"2.15500000","1.11000000","2024-06-04T23:20:41.057Z","buy","maker"
"2.15600000","2.41500000","2024-06-04T23:20:28.243Z","buy","maker"
"2.15800000","9.71500000","2024-06-04T23:20:15.572Z","buy","maker"
"2.15800000","1175.70200000","2024-06-04T23:20:15.572Z","buy","maker"
"2.15700000","4.89000000","2024-06-04T23:19:28.594Z","buy","maker"
"2.15700000","1.98100000","2024-06-04T23:19:28.594Z","buy","maker"
"2.15900000","1175.70200000","2024-06-04T23:18:52.249Z","sell","maker"
"2.15900000","3012.00000000","2024-06-04T23:18:52.249Z","sell","maker"
"2.15700000","10.16500000","2024-06-04T23:18:41.132Z","sell","maker"
"2.15500000","3.38800000","2024-06-04T23:17:53.646Z","buy","maker"
"2.15600000","10.22400000","2024-06-04T23:17:53.646Z","buy","maker"
"2.15600000","16.00000000","2024-06-04T23:17:53.646Z","buy","maker"
"2.15700000","3.20000000","2024-06-04T23:17:53.646Z","buy","maker"
"2.15700000","4.29300000","2024-06-04T23:17:24.898Z","sell","maker"
"2.15600000","0.46300000","2024-06-04T23:17:06.587Z","buy","maker"
"2.15700000","0.98800000","2024-06-04T23:16:15.359Z","buy","maker"
"2.15800000","734.24200000","2024-06-04T23:16:07.288Z","buy","maker"
"2.15700000","4.21000000","2024-06-04T23:15:57.856Z","buy","maker"
"2.15700000","3.20000000","2024-06-04T23:15:57.856Z","buy","maker"
"2.15900000","83.80700000","2024-06-04T23:15:52.963Z","sell","maker"
"2.15900000","16.00000000","2024-06-04T23:15:52.963Z","sell","maker"
"2.15800000","12.54200000","2024-06-04T23:15:49.689Z","sell","maker"
"2.15900000","0.03600000","2024-06-04T23:15:09.659Z","buy","maker"
"2.15900000","3.20000000","2024-06-04T23:15:09.659Z","buy","maker"
"2.16100000","10.92000000","2024-06-04T23:15:06.527Z","buy","maker"
"2.16200000","1.64400000","2024-06-04T23:14:57.491Z","buy","maker"
"2.16200000","2.17900000","2024-06-04T23:14:57.491Z","buy","maker"
"2.16300000","29.74900000","2024-06-04T23:14:51.550Z","sell","maker"
"2.16300000","16.00000000","2024-06-04T23:14:51.550Z","sell","maker"
"2.16300000","25.39600000","2024-06-04T23:13:47.218Z","buy","maker"
"2.16300000","3.63300000","2024-06-04T23:13:47.218Z","buy","maker"
"2.16300000","0.96300000","2024-06-04T23:13:47.218Z","buy","maker"
"2.16300000","1.20100000","2024-06-04T23:13:44.267Z","buy","maker"
"2.16600000","593.31000000","2024-06-04T23:13:42.884Z","sell","maker"
"2.16500000","192.33700000","2024-06-04T23:13:42.884Z","sell","maker"
"2.16500000","1175.70200000","2024-06-04T23:13:42.884Z","sell","maker"
"2.16400000","1175.70200000","2024-06-04T23:13:42.884Z","sell","maker"
"2.16400000","177.34500000","2024-06-04T23:13:42.884Z","sell","maker"
"2.16300000","6.25000000","2024-06-04T23:12:58.252Z","buy","maker"
"2.16400000","2.06400000","2024-06-04T23:12:58.252Z","buy","maker"
"2.16300000","10.31700000","2024-06-04T23:12:32.690Z","sell","maker"
"2.16300000","10.31800000","2024-06-04T23:12:30.068Z","buy","maker"
"2.16400000","10.20100000","2024-06-04T23:12:11.661Z","sell","maker"
"2.16300000","10.20900000","2024-06-04T23:12:10.252Z","buy","maker"
"2.16400000","0.74200000","2024-06-04T23:12:04.447Z","sell","maker"
"2.16200000","252.19800000","2024-06-04T23:11:43.581Z","sell","maker"
"2.16000000","9.48800000","2024-06-04T23:10:15.996Z","sell","maker"
"2.15900000","9.48800000","2024-06-04T23:10:14.073Z","buy","maker"
"2.15900000","16.00000000","2024-06-04T23:10:14.073Z","buy","maker"
"2.16100000","9.48600000","2024-06-04T23:10:06.752Z","sell","maker"
"2.15800000","850.90200000","2024-06-04T23:10:02.199Z","buy","maker"
"2.15800000","80.00000000","2024-06-04T23:10:02.199Z","buy","maker"
"2.15800000","1175.70200000","2024-06-04T23:10:02.199Z","buy","maker"
"2.15900000","1175.70200000","2024-06-04T23:10:02.199Z","buy","maker"
"2.16000000","5.09600000","2024-06-04T23:10:02.199Z","buy","maker"
"2.16000000","16.00000000","2024-06-04T23:10:02.199Z","buy","maker"
"2.16000000","9.48200000","2024-06-04T23:10:02.199Z","buy","maker"
"2.16200000","55.42300000","2024-06-04T23:09:56.341Z","sell","maker"
"2.16100000","22.89500000","2024-06-04T23:09:30.075Z","sell","maker"
"2.16200000","2.25500000","2024-06-04T23:08:10.027Z","sell","maker"
"2.16100000","17.82000000","2024-06-04T23:07:55.411Z","sell","maker"
"2.16000000","1.00000000","2024-06-04T23:06:33.391Z","buy","maker"
"2.15900000","9.85400000","2024-06-04T23:05:54.589Z","sell","maker"
"2.15900000","2.52700000","2024-06-04T23:05:41.928Z","buy","maker"
"2.15900000","1.96500000","2024-06-04T23:05:41.928Z","buy","maker"
"2.15900000","9.82900000","2024-06-04T23:05:41.928Z","buy","maker"
"2.16100000","2.29500000","2024-06-04T23:04:12.650Z","sell","maker"
"2.16100000","94.63400000","2024-06-04T23:03:12.169Z","sell","maker"
"2.16100000","12.29100000","2024-06-04T23:03:12.169Z","sell","maker"
"2.15900000","2.11300000","2024-06-04T23:02:56.437Z","buy","maker"
"2.15900000","10.10000000","2024-06-04T23:02:25.767Z","buy","maker"
"2.15900000","5.15900000","2024-06-04T23:01:51.081Z","sell","maker"
"2.15700000","20.04600000","2024-06-04T23:01:30.698Z","sell","maker"
"2.15700000","10.02300000","2024-06-04T23:01:08.298Z","buy","maker"
"2.15700000","10.02400000","2024-06-04T23:01:08.287Z","buy","maker"
"2.16100000","16.00000000","2024-06-04T23:00:52.992Z","sell","maker"
"2.16100000","19.97900000","2024-06-04T23:00:52.992Z","sell","maker"
"2.15900000","753.31200000","2024-06-04T23:00:42.557Z","buy","maker"
"2.16000000","10.08800000","2024-06-04T23:00:42.557Z","buy","maker"
"2.16000000","2.01700000","2024-06-04T23:00:42.557Z","buy","maker"
"2.16000000","10.08800000","2024-06-04T23:00:41.005Z","buy","maker"
"2.16000000","0.02000000","2024-06-04T23:00:33.616Z","buy","maker"
"2.16100000","9.56500000","2024-06-04T22:59:40.124Z","buy","maker"
"2.16200000","1.99800000","2024-06-04T22:59:40.124Z","buy","maker"
"2.16200000","16.00000000","2024-06-04T22:59:37.240Z","sell","maker"
"2.16200000","249.33100000","2024-06-04T22:59:37.240Z","sell","maker"
"2.16100000","0.47300000","2024-06-04T22:59:28.567Z","sell","maker"
"2.16000000","0.37000000","2024-06-04T22:59:18.388Z","buy","maker"
"2.16000000","1.99900000","2024-06-04T22:59:18.388Z","buy","maker"
"2.15900000","16.00000000","2024-06-04T22:58:49.023Z","sell","maker"
"2.15800000","10.67000000","2024-06-04T22:58:48.955Z","sell","maker"
"2.15800000","10.65400000","2024-06-04T22:58:41.345Z","buy","maker"
"2.16100000","40.17700000","2024-06-04T22:57:19.489Z","sell","maker"
"2.16100000","6.00600000","2024-06-04T22:57:12.142Z","sell","maker"
"2.16100000","12.25800000","2024-06-04T22:56:08.322Z","sell","maker"
"2.16000000","50.42800000","2024-06-04T22:54:41.214Z","buy","maker"
"2.16100000","16.00000000","2024-06-04T22:54:41.214Z","buy","maker"
"2.16100000","0.92800000","2024-06-04T22:54:41.214Z","buy","maker"
"2.16100000","4.67400000","2024-06-04T22:54:25.828Z","buy","maker"
"2.16100000","4.35500000","2024-06-04T22:54:18.023Z","buy","maker"
"2.16100000","2.35700000","2024-06-04T22:54:18.023Z","buy","maker"
"2.16500000","0.46200000","2024-06-04T22:52:51.467Z","sell","maker"
"2.16400000","4.63200000","2024-06-04T22:52:11.512Z","buy","maker"
"2.16400000","9.37600000","2024-06-04T22:52:11.512Z","buy","maker"
"2.16100000","0.25300000","2024-06-04T22:51:30.023Z","buy","maker"
"2.16400000","0.32800000","2024-06-04T22:51:28.860Z","sell","maker"
"2.16600000","667.30500000","2024-06-04T22:51:24.329Z","sell","maker"
"2.16500000","40.00000000","2024-06-04T22:51:24.329Z","sell","maker"
"2.16500000","1413.87700000","2024-06-04T22:51:24.329Z","sell","maker"
"2.16500000","1175.70200000","2024-06-04T22:51:24.329Z","sell","maker"
"2.16400000","16.00000000","2024-06-04T22:51:24.329Z","sell","maker"
"2.16600000","0.34900000","2024-06-04T22:51:12.604Z","sell","maker"
"2.16500000","16.00000000","2024-06-04T22:51:12.604Z","sell","maker"
"2.16600000","0.06000000","2024-06-04T22:50:18.092Z","sell","maker"
"2.16600000","235.94200000","2024-06-04T22:49:30.394Z","buy","maker"
"2.16600000","242.85900000","2024-06-04T22:49:30.389Z","buy","maker"
"2.16600000","235.94200000","2024-06-04T22:49:30.383Z","buy","maker"
"2.16600000","251.67300000","2024-06-04T22:49:30.379Z","buy","maker"
"2.16600000","295.29100000","2024-06-04T22:49:30.326Z","buy","maker"
"2.16600000","264.58100000","2024-06-04T22:49:30.320Z","buy","maker"
"2.16600000","316.77700000","2024-06-04T22:49:30.200Z","buy","maker"
"2.16700000","30.13500000","2024-06-04T22:48:43.688Z","sell","maker"
"2.16600000","18.10400000","2024-06-04T22:48:43.688Z","sell","maker"
"2.16600000","134.57200000","2024-06-04T22:48:43.688Z","sell","maker"
"2.16400000","3.91700000","2024-06-04T22:48:37.166Z","buy","maker"
"2.16400000","0.10000000","2024-06-04T22:48:27.247Z","buy","maker"
"2.16500000","9.04700000","2024-06-04T22:48:11.765Z","buy","maker"
"2.16500000","16.00000000","2024-06-04T22:48:11.765Z","buy","maker"
"2.16700000","6.16900000","2024-06-04T22:48:09.055Z","sell","maker"
"2.16800000","9.38800000","2024-06-04T22:47:24.465Z","buy","maker"
"2.16800000","9.38800000","2024-06-04T22:47:24.442Z","buy","maker"
"2.16800000","80.00000000","2024-06-04T22:47:24.442Z","buy","maker"
"2.16800000","1.38200000","2024-06-04T22:47:11.139Z","buy","maker"
"2.16800000","0.85000000","2024-06-04T22:46:38.437Z","sell","maker"
"2.16600000","4.19900000","2024-06-04T22:46:22.803Z","buy","maker"
"2.16700000","9.72000000","2024-06-04T22:45:50.222Z","sell","maker"
"2.16500000","3.09200000","2024-06-04T22:45:28.818Z","buy","maker"
"2.16500000","9.62200000","2024-06-04T22:45:28.818Z","buy","maker"
"2.16500000","19.49500000","2024-06-04T22:45:22.125Z","sell","maker"
"2.16300000","3.31900000","2024-06-04T22:44:52.393Z","sell","maker"
"2.16300000","0.93600000","2024-06-04T22:44:52.393Z","sell","maker"
"2.16300000","0.01200000","2024-06-04T22:44:52.021Z","sell","maker"
"2.16300000","0.56300000","2024-06-04T22:44:52.021Z","sell","maker"
"2.16300000","2.63700000","2024-06-04T22:44:48.784Z","sell","maker"
"2.16300000","274.00000000","2024-06-04T22:44:48.770Z","sell","maker"
"2.16300000","9.70900000","2024-06-04T22:44:24.392Z","buy","maker"
"2.16300000","9.83100000","2024-06-04T22:44:24.377Z","buy","maker"
"2.16000000","2.05700000","2024-06-04T22:43:04.963Z","sell","maker"
"2.16000000","10.45100000","2024-06-04T22:43:04.936Z","sell","maker"
"2.16000000","15.02800000","2024-06-04T22:43:04.927Z","sell","maker"
"2.15800000","136.47800000","2024-06-04T22:42:30.081Z","sell","maker"
"2.15800000","70.87200000","2024-06-04T22:42:30.081Z","sell","maker"
"2.15800000","136.49400000","2024-06-04T22:42:23.909Z","sell","maker"
"2.15800000","104.49500000","2024-06-04T22:42:23.909Z","sell","maker"
"2.15800000","9.25900000","2024-06-04T22:42:23.909Z","sell","maker"
"2.15800000","81.14500000","2024-06-04T22:42:23.909Z","sell","maker"
"2.15800000","16.00000000","2024-06-04T22:42:23.811Z","buy","maker"
"2.15800000","3.31000000","2024-06-04T22:42:23.811Z","buy","maker"
"2.15800000","36.35900000","2024-06-04T22:42:23.811Z","buy","maker"
"2.15900000","0.91600000","2024-06-04T22:41:52.888Z","sell","maker"
"2.15900000","0.82500000","2024-06-04T22:41:52.888Z","sell","maker"
"2.15900000","1.51100000","2024-06-04T22:41:49.556Z","sell","maker"
"2.15800000","1.14500000","2024-06-04T22:41:49.106Z","buy","maker"
"2.15800000","1.14500000","2024-06-04T22:41:49.097Z","buy","maker"
"2.15800000","160.71400000","2024-06-04T22:41:44.981Z","buy","maker"
"2.15900000","1.08700000","2024-06-04T22:41:44.981Z","buy","maker"
"2.15800000","80.90400000","2024-06-04T22:41:39.509Z","buy","maker"
"2.15900000","3.58100000","2024-06-04T22:41:39.509Z","buy","maker"
"2.15900000","1.90800000","2024-06-04T22:41:39.509Z","buy","maker"
"2.16300000","6.15400000","2024-06-04T22:41:00.865Z","buy","maker"
"2.16300000","9.79500000","2024-06-04T22:41:00.865Z","buy","maker"
"2.16500000","29.18800000","2024-06-04T22:40:42.330Z","sell","maker"
"2.16400000","16.00000000","2024-06-04T22:40:42.330Z","sell","maker"
"2.16300000","3.08500000","2024-06-04T22:40:42.330Z","sell","maker"
"2.16300000","9.86200000","2024-06-04T22:40:34.088Z","sell","maker"
"2.16300000","9.86400000","2024-06-04T22:40:29.318Z","buy","maker"
"2.16400000","3.26600000","2024-06-04T22:40:07.566Z","buy","maker"
"2.16400000","9.45500000","2024-06-04T22:40:03.040Z","buy","maker"
"2.16400000","1.68400000","2024-06-04T22:40:03.040Z","buy","maker"
"2.16500000","0.23500000","2024-06-04T22:39:41.638Z","buy","maker"
"2.16700000","16.00000000","2024-06-04T22:39:26.822Z","sell","maker"
"2.16700000","9.60500000","2024-06-04T22:38:58.392Z","sell","maker"
"2.16500000","19.74600000","2024-06-04T22:38:38.919Z","buy","maker"
"2.16500000","9.55600000","2024-06-04T22:38:38.919Z","buy","maker"
"2.16900000","14.46300000","2024-06-04T22:36:13.146Z","sell","maker"
"2.17000000","2.26700000","2024-06-04T22:35:26.081Z","buy","maker"
"2.16900000","1084.81100000","2024-06-04T22:35:26.070Z","buy","maker"
"2.17000000","2.26700000","2024-06-04T22:35:26.068Z","buy","maker"
"2.16900000","17.72200000","2024-06-04T22:35:18.408Z","buy","maker"
"2.16900000","9.91000000","2024-06-04T22:35:18.408Z","buy","maker"
"2.17100000","1031.19400000","2024-06-04T22:35:03.632Z","sell","maker"
"2.17100000","40.00000000","2024-06-04T22:35:03.632Z","sell","maker"
"2.17000000","16.00000000","2024-06-04T22:35:03.632Z","sell","maker"
"2.17000000","16.37600000","2024-06-04T22:35:03.632Z","sell","maker"
"2.17000000","14.60000000","2024-06-04T22:35:03.632Z","sell","maker"
"2.17100000","0.99600000","2024-06-04T22:34:34.571Z","sell","maker"
"2.16900000","108.03000000","2024-06-04T22:34:28.485Z","buy","maker"
"2.17000000","0.49400000","2024-06-04T22:34:28.485Z","buy","maker"
"2.16900000","4.50800000","2024-06-04T22:34:24.879Z","buy","maker"
"2.16900000","0.57000000","2024-06-04T22:34:24.879Z","buy","maker"
"2.17000000","0.28000000","2024-06-04T22:33:49.158Z","buy","maker"
"2.17100000","0.72000000","2024-06-04T22:33:49.158Z","buy","maker"
"2.17000000","6.66100000","2024-06-04T22:33:47.296Z","buy","maker"
"2.17100000","0.85100000","2024-06-04T22:33:47.296Z","buy","maker"
"2.16900000","29.69700000","2024-06-04T22:33:06.966Z","buy","maker"
"2.17000000","0.96300000","2024-06-04T22:33:06.966Z","buy","maker"
"2.16900000","15.33800000","2024-06-04T22:33:05.267Z","buy","maker"
"2.17000000","12.51100000","2024-06-04T22:33:05.267Z","buy","maker"
"2.17000000","1.30800000","2024-06-04T22:33:05.267Z","buy","maker"
"2.17100000","2.67300000","2024-06-04T22:32:37.676Z","buy","maker"
"2.17200000","46.50300000","2024-06-04T22:31:28.250Z","buy","maker"
"2.17300000","16.00000000","2024-06-04T22:31:28.250Z","buy","maker"
"2.17300000","1175.70200000","2024-06-04T22:31:28.250Z","buy","maker"
"2.17400000","9.74400000","2024-06-04T22:31:28.250Z","buy","maker"
"2.17400000","0.58800000","2024-06-04T22:30:46.596Z","sell","maker"
"2.17400000","21.27500000","2024-06-04T22:30:46.596Z","sell","maker"
"2.17200000","9.83800000","2024-06-04T22:30:02.149Z","buy","maker"
"2.17000000","2049.38500000","2024-06-04T22:30:02.016Z","sell","maker"
"2.16900000","528.46800000","2024-06-04T22:30:02.005Z","buy","maker"
"2.16900000","1000.00000000","2024-06-04T22:30:02.005Z","buy","maker"
"2.16900000","141.64500000","2024-06-04T22:30:02.005Z","buy","maker"
"2.16900000","70.82200000","2024-06-04T22:30:02.005Z","buy","maker"
"2.16900000","1174.12400000","2024-06-04T22:30:02.005Z","buy","maker"
"2.16900000","1.57800000","2024-06-04T22:30:02.005Z","buy","maker"
"2.17000000","2992.00000000","2024-06-04T22:30:02.005Z","buy","maker"
"2.17000000","626.60500000","2024-06-04T22:30:02.005Z","buy","maker"
"2.17000000","35.41100000","2024-06-04T22:30:02.005Z","buy","maker"
"2.17000000","80.00000000","2024-06-04T22:30:02.005Z","buy","maker"
"2.17000000","689.26300000","2024-06-04T22:30:02.005Z","buy","maker"
"2.17000000","486.43900000","2024-06-04T22:30:02.005Z","buy","maker"
"2.17100000","1175.70200000","2024-06-04T22:30:02.005Z","buy","maker"
"2.17200000","250.48300000","2024-06-04T22:30:02.005Z","buy","maker"
"2.17200000","1175.70200000","2024-06-04T22:30:02.005Z","buy","maker"
"2.17300000","183.10400000","2024-06-04T22:30:02.005Z","buy","maker"
"2.17400000","9.83000000","2024-06-04T22:30:02.005Z","buy","maker"
"2.17400000","0.00100000","2024-06-04T22:30:00.236Z","sell","maker"
"2.17400000","52.76400000","2024-06-04T22:30:00.230Z","sell","maker"
"2.17300000","1.66800000","2024-06-04T22:29:53.529Z","buy","maker"
"2.17200000","15.18700000","2024-06-04T22:29:34.568Z","sell","maker"
"2.17200000","147.94600000","2024-06-04T22:29:14.471Z","buy","maker"
"2.17300000","18.48600000","2024-06-04T22:29:14.471Z","buy","maker"
"2.17300000","196.80500000","2024-06-04T22:29:14.471Z","buy","maker"
"2.17300000","0.66600000","2024-06-04T22:29:14.471Z","buy","maker"
"2.17600000","2.38200000","2024-06-04T22:28:25.324Z","buy","maker"
"2.17600000","2.38200000","2024-06-04T22:28:25.212Z","buy","maker"
"2.17900000","9.77500000","2024-06-04T22:28:08.941Z","buy","maker"
"2.18000000","66.36600000","2024-06-04T22:27:56.861Z","sell","maker"
"2.17900000","2.03100000","2024-06-04T22:27:25.798Z","buy","maker"
"2.18000000","13.38400000","2024-06-04T22:27:22.563Z","sell","maker"
"2.18000000","1.20200000","2024-06-04T22:27:18.744Z","buy","maker"
"2.17700000","16.58800000","2024-06-04T22:27:15.518Z","buy","maker"
"2.17800000","249.68600000","2024-06-04T22:27:15.518Z","buy","maker"
"2.17800000","35.76900000","2024-06-04T22:27:15.518Z","buy","maker"
"2.17800000","1175.70200000","2024-06-04T22:27:15.518Z","buy","maker"
"2.17900000","1175.70200000","2024-06-04T22:27:15.518Z","buy","maker"
"2.18000000","2.15800000","2024-06-04T22:27:15.518Z","buy","maker"
"2.18000000","196.80500000","2024-06-04T22:27:15.518Z","buy","maker"
"2.18200000","9.86300000","2024-06-04T22:27:10.030Z","buy","maker"
"2.18200000","0.34100000","2024-06-04T22:26:31.480Z","buy","maker"
"2.18200000","0.78100000","2024-06-04T22:26:31.359Z","buy","maker"
"2.18600000","4.53100000","2024-06-04T22:25:39.173Z","sell","maker"
"2.18400000","25.37100000","2024-06-04T22:25:35.649Z","buy","maker"
"2.18500000","29.34700000","2024-06-04T22:25:24.228Z","sell","maker"
"2.18500000","0.71600000","2024-06-04T22:25:09.564Z","buy","maker"
"2.18400000","249.15200000","2024-06-04T22:24:14.900Z","buy","maker"
"2.18400000","9.83600000","2024-06-04T22:24:14.850Z","buy","maker"
"2.18400000","9.83600000","2024-06-04T22:24:14.837Z","buy","maker"
"2.18400000","170.66200000","2024-06-04T22:24:14.826Z","buy","maker"
"2.18400000","1175.70200000","2024-06-04T22:24:14.826Z","buy","maker"
"2.18500000","16.00000000","2024-06-04T22:24:14.826Z","buy","maker"
"2.18600000","9.83400000","2024-06-04T22:24:14.825Z","buy","maker"
"2.18400000","13.62900000","2024-06-04T22:24:06.994Z","sell","maker"
"2.18200000","255.77600000","2024-06-04T22:23:55.318Z","buy","maker"
"2.18300000","1.19800000","2024-06-04T22:23:55.318Z","buy","maker"
"2.18300000","196.80500000","2024-06-04T22:23:55.318Z","buy","maker"
"2.18600000","2.06300000","2024-06-04T22:23:20.212Z","buy","maker"
"2.18600000","1175.70200000","2024-06-04T22:22:44.337Z","buy","maker"
"2.18600000","9.77600000","2024-06-04T22:22:44.337Z","buy","maker"
"2.18600000","15.86600000","2024-06-04T22:22:27.704Z","sell","maker"
"2.18600000","0.56900000","2024-06-04T22:22:27.123Z","buy","maker"
"2.18600000","89.25200000","2024-06-04T22:22:21.742Z","buy","maker"
"2.18600000","0.65000000","2024-06-04T22:22:21.742Z","buy","maker"
"2.18600000","1175.70200000","2024-06-04T22:22:03.402Z","buy","maker"
"2.18700000","0.76700000","2024-06-04T22:22:03.400Z","buy","maker"
"2.18500000","62.46300000","2024-06-04T22:21:59.344Z","sell","maker"
"2.18500000","1175.70200000","2024-06-04T22:21:58.199Z","buy","maker"
"2.18600000","9.78400000","2024-06-04T22:21:58.199Z","buy","maker"
"2.18600000","4.70500000","2024-06-04T22:21:51.949Z","buy","maker"
"2.18200000","0.99600000","2024-06-04T22:21:33.385Z","buy","maker"
"2.18200000","9.15800000","2024-06-04T22:21:30.512Z","buy","maker"
"2.18100000","3.62200000","2024-06-04T22:21:20.164Z","buy","maker"
"2.18200000","11.94200000","2024-06-04T22:21:08.576Z","sell","maker"
"2.17900000","598.63700000","2024-06-04T22:20:53.531Z","buy","maker"
"2.18000000","2.18700000","2024-06-04T22:20:53.531Z","buy","maker"
"2.17900000","0.09200000","2024-06-04T22:20:36.634Z","buy","maker"
"2.18100000","9.60800000","2024-06-04T22:20:14.973Z","buy","maker"
"2.18200000","16.00000000","2024-06-04T22:20:06.445Z","sell","maker"
"2.18200000","17.38700000","2024-06-04T22:20:06.445Z","sell","maker"
"2.18300000","16.00000000","2024-06-04T22:19:17.246Z","buy","maker"
"2.18300000","175.76500000","2024-06-04T22:19:17.246Z","buy","maker"
"2.18300000","297.61300000","2024-06-04T22:19:17.239Z","buy","maker"
"2.18300000","0.49300000","2024-06-04T22:18:09.724Z","buy","maker"
"2.18300000","0.49300000","2024-06-04T22:18:09.712Z","buy","maker"
"2.18400000","0.54500000","2024-06-04T22:18:08.585Z","buy","maker"
"2.18400000","0.77000000","2024-06-04T22:18:00.407Z","buy","maker"
"2.18600000","29.51800000","2024-06-04T22:17:57.970Z","sell","maker"
"2.18600000","195.88400000","2024-06-04T22:17:57.970Z","sell","maker"
"2.18500000","228.62300000","2024-06-04T22:17:57.970Z","sell","maker"
"2.18500000","0.77100000","2024-06-04T22:17:55.064Z","buy","maker"
"2.18500000","16.00000000","2024-06-04T22:17:55.064Z","buy","maker"
"2.18600000","0.92600000","2024-06-04T22:17:52.026Z","buy","maker"
"2.18600000","1.24100000","2024-06-04T22:17:44.027Z","buy","maker"
"2.18600000","184.78000000","2024-06-04T22:17:34.354Z","buy","maker"
"2.18700000","9.85500000","2024-06-04T22:17:34.354Z","buy","maker"
"2.18500000","2.31200000","2024-06-04T22:17:17.943Z","buy","maker"
"2.18500000","5.83900000","2024-06-04T22:17:11.903Z","sell","maker"
"2.18400000","15.54100000","2024-06-04T22:17:05.930Z","sell","maker"
"2.18400000","3.79300000","2024-06-04T22:16:50.654Z","sell","maker"
"2.18400000","0.65700000","2024-06-04T22:16:43.969Z","buy","maker"
"2.18300000","5.06700000","2024-06-04T22:16:42.013Z","buy","maker"
"2.18400000","0.76900000","2024-06-04T22:16:42.013Z","buy","maker"
"2.18500000","5.83600000","2024-06-04T22:16:40.024Z","sell","maker"
"2.18700000","10.00100000","2024-06-04T22:15:55.353Z","buy","maker"
"2.18700000","10.00100000","2024-06-04T22:15:55.344Z","buy","maker"
"2.18700000","10.45000000","2024-06-04T22:15:43.363Z","sell","maker"
"2.18700000","47.75400000","2024-06-04T22:15:39.315Z","sell","maker"
"2.18700000","11.31500000","2024-06-04T22:15:22.511Z","buy","maker"
"2.18700000","188.25100000","2024-06-04T22:15:22.511Z","buy","maker"
"2.18800000","10.43400000","2024-06-04T22:15:22.511Z","buy","maker"
"2.18800000","12.02500000","2024-06-04T22:15:18.744Z","sell","maker"
"2.18600000","0.71700000","2024-06-04T22:15:16.996Z","buy","maker"
"2.18600000","1.58000000","2024-06-04T22:15:16.996Z","buy","maker"
"2.18600000","12.73300000","2024-06-04T22:15:04.663Z","buy","maker"
"2.18600000","196.80500000","2024-06-04T22:15:04.663Z","buy","maker"
"2.18700000","10.46200000","2024-06-04T22:15:04.663Z","buy","maker"
"2.18700000","18.27300000","2024-06-04T22:14:26.741Z","buy","maker"
"2.18900000","10.27000000","2024-06-04T22:13:57.945Z","buy","maker"
"2.19000000","151.69500000","2024-06-04T22:13:32.377Z","sell","maker"
"2.18900000","0.32700000","2024-06-04T22:13:20.460Z","sell","maker"
"2.18600000","1464.85100000","2024-06-04T22:12:33.674Z","sell","maker"
"2.18600000","1510.97700000","2024-06-04T22:12:33.672Z","sell","maker"
"2.18600000","407.81800000","2024-06-04T22:12:33.671Z","sell","maker"
"2.18600000","607.48700000","2024-06-04T22:12:33.671Z","sell","maker"
"2.18600000","2105.55800000","2024-06-04T22:12:30.404Z","sell","maker"
"2.18600000","1175.70200000","2024-06-04T22:12:30.404Z","sell","maker"
"2.18600000","10.38900000","2024-06-04T22:12:14.245Z","sell","maker"
"2.18600000","10.36900000","2024-06-04T22:12:05.118Z","buy","maker"
"2.18600000","1175.70200000","2024-06-04T22:11:44.763Z","sell","maker"
"2.18800000","8.06100000","2024-06-04T22:11:19.689Z","buy","maker"
"2.19300000","2.97500000","2024-06-04T22:10:41.943Z","sell","maker"
"2.18900000","0.45600000","2024-06-04T22:10:20.502Z","buy","maker"
"2.19200000","151.16700000","2024-06-04T22:09:18.878Z","buy","maker"
"2.19200000","150.49700000","2024-06-04T22:09:18.878Z","buy","maker"
"2.19200000","151.81000000","2024-06-04T22:09:13.632Z","sell","maker"
"2.19000000","359.66000000","2024-06-04T22:08:41.058Z","sell","maker"
"2.18900000","12.30000000","2024-06-04T22:08:41.058Z","sell","maker"
"2.18900000","228.62300000","2024-06-04T22:08:41.058Z","sell","maker"
"2.18800000","15.24300000","2024-06-04T22:08:38.332Z","buy","maker"
"2.18900000","1.65600000","2024-06-04T22:08:37.340Z","buy","maker"
"2.19100000","10.66000000","2024-06-04T22:08:33.914Z","buy","maker"
"2.19100000","10.71100000","2024-06-04T22:08:30.193Z","sell","maker"
"2.19100000","10.71100000","2024-06-04T22:08:15.272Z","buy","maker"
"2.18700000","116.20300000","2024-06-04T22:08:09.245Z","buy","maker"
"2.18700000","118.89100000","2024-06-04T22:08:09.245Z","buy","maker"
"2.18700000","16.00000000","2024-06-04T22:08:09.180Z","sell","maker"
"2.18700000","10.78300000","2024-06-04T22:08:09.180Z","sell","maker"
"2.18700000","116.20300000","2024-06-04T22:08:07.508Z","buy","maker"
"2.18700000","118.89100000","2024-06-04T22:08:07.508Z","buy","maker"
"2.18700000","217.00200000","2024-06-04T22:08:07.224Z","buy","maker"
"2.18800000","16.00000000","2024-06-04T22:08:07.186Z","buy","maker"
"2.18800000","10.72600000","2024-06-04T22:08:07.186Z","buy","maker"
"2.18800000","1175.70200000","2024-06-04T22:08:07.186Z","buy","maker"
"2.18700000","80.00000000","2024-06-04T22:07:26.917Z","sell","maker"
"2.18700000","80.00000000","2024-06-04T22:06:27.376Z","sell","maker"
"2.18500000","80.00000000","2024-06-04T22:06:10.795Z","sell","maker"
"2.18200000","20.82400000","2024-06-04T22:06:01.137Z","sell","maker"
"2.18200000","59.17600000","2024-06-04T22:06:01.129Z","sell","maker"
"2.17900000","176.54900000","2024-06-04T22:05:22.276Z","sell","maker"
"2.17700000","16.00000000","2024-06-04T22:05:20.848Z","sell","maker"
"2.17700000","181.62100000","2024-06-04T22:05:20.848Z","sell","maker"
"2.17700000","16.40900000","2024-06-04T22:05:06.266Z","sell","maker"
"2.17900000","0.48800000","2024-06-04T22:03:55.082Z","buy","maker"
"2.17900000","0.54000000","2024-06-04T22:03:50.531Z","buy","maker"
"2.18000000","0.58600000","2024-06-04T22:03:50.088Z","buy","maker"
"2.18300000","192.79600000","2024-06-04T22:03:43.833Z","buy","maker"
"2.18300000","1175.70200000","2024-06-04T22:03:43.833Z","buy","maker"
"2.18400000","0.85800000","2024-06-04T22:03:43.833Z","buy","maker"
"2.18600000","0.85800000","2024-06-04T22:03:43.486Z","buy","maker"
"2.18500000","0.38500000","2024-06-04T22:03:42.644Z","buy","maker"
"2.18600000","1.11500000","2024-06-04T22:03:42.644Z","buy","maker"
"2.18600000","1.58800000","2024-06-04T22:03:35.295Z","buy","maker"
"2.18700000","1.80900000","2024-06-04T22:03:35.295Z","buy","maker"
"2.18700000","3.18400000","2024-06-04T22:02:55.563Z","buy","maker"
"2.18700000","10.25300000","2024-06-04T22:02:55.563Z","buy","maker"
"2.18700000","6.71400000","2024-06-04T22:02:52.802Z","sell","maker"
"2.18100000","5.48000000","2024-06-04T22:02:19.241Z","sell","maker"
"2.17800000","2.08900000","2024-06-04T22:02:03.592Z","buy","maker"
"2.17600000","1044.35000000","2024-06-04T22:01:43.218Z","buy","maker"
"2.17700000","1175.70200000","2024-06-04T22:01:43.218Z","buy","maker"
"2.17700000","68.80700000","2024-06-04T22:01:43.218Z","buy","maker"
"2.17700000","407.02700000","2024-06-04T22:01:43.218Z","buy","maker"
"2.17800000","1175.70200000","2024-06-04T22:01:43.218Z","buy","maker"
"2.17800000","16.00000000","2024-06-04T22:01:43.218Z","buy","maker"
"2.17900000","10.07100000","2024-06-04T22:01:43.218Z","buy","maker"
"2.17900000","10.77900000","2024-06-04T22:01:43.218Z","buy","maker"
"2.18600000","0.45700000","2024-06-04T22:01:01.665Z","sell","maker"
"2.18700000","0.45700000","2024-06-04T22:00:57.207Z","sell","maker"
"2.18800000","0.45600000","2024-06-04T22:00:55.049Z","sell","maker"
"2.18700000","0.45700000","2024-06-04T22:00:52.349Z","sell","maker"
"2.18400000","10.07300000","2024-06-04T22:00:48.825Z","sell","maker"
"2.18400000","9.99100000","2024-06-04T22:00:45.641Z","buy","maker"
"2.18400000","18.19400000","2024-06-04T22:00:39.467Z","sell","maker"
"2.18500000","1.00400000","2024-06-04T22:00:25.084Z","sell","maker"
"2.18500000","5.10600000","2024-06-04T22:00:22.601Z","buy","maker"
"2.18400000","190.33300000","2024-06-04T22:00:22.577Z","buy","maker"
"2.18500000","5.10600000","2024-06-04T22:00:22.577Z","buy","maker"
"2.18700000","1.00300000","2024-06-04T22:00:17.438Z","sell","maker"
"2.18700000","1.00300000","2024-06-04T22:00:14.622Z","sell","maker"
"2.18600000","2.47500000","2024-06-04T22:00:12.941Z","buy","maker"
"2.18800000","1.00200000","2024-06-04T22:00:05.276Z","sell","maker"
"2.18900000","10.07300000","2024-06-04T22:00:04.050Z","buy","maker"
"2.19100000","1.00100000","2024-06-04T22:00:03.582Z","sell","maker"
"2.19200000","0.84100000","2024-06-04T22:00:03.390Z","sell","maker"
"2.19100000","1.00100000","2024-06-04T22:00:01.844Z","sell","maker"
"2.19100000","1.00100000","2024-06-04T21:59:36.310Z","sell","maker"
"2.19100000","1.00100000","2024-06-04T21:59:33.302Z","sell","maker"
"2.19200000","1.00000000","2024-06-04T21:59:26.435Z","sell","maker"
"2.19000000","1171.69800000","2024-06-04T21:59:24.369Z","sell","maker"
"2.19000000","1.00100000","2024-06-04T21:59:19.725Z","sell","maker"
"2.18900000","1.00200000","2024-06-04T21:59:18.502Z","sell","maker"
"2.19000000","1.00100000","2024-06-04T21:59:14.324Z","sell","maker"
"2.19000000","1.00100000","2024-06-04T21:59:09.316Z","sell","maker"
"2.19000000","1.00100000","2024-06-04T21:59:06.981Z","sell","maker"
"2.19000000","1.00100000","2024-06-04T21:59:05.194Z","sell","maker"
"2.18800000","80.00000000","2024-06-04T21:59:04.118Z","sell","maker"
"2.18800000","1.00200000","2024-06-04T21:58:47.163Z","sell","maker"
"2.18800000","1.00200000","2024-06-04T21:58:45.112Z","sell","maker"
"2.18700000","80.00000000","2024-06-04T21:58:43.480Z","sell","maker"
"2.18700000","70.10000000","2024-06-04T21:58:43.479Z","sell","maker"
"2.18900000","1.00200000","2024-06-04T21:58:35.751Z","sell","maker"
"2.18900000","1.00200000","2024-06-04T21:58:31.086Z","sell","maker"
"2.18900000","1.00200000","2024-06-04T21:58:29.426Z","sell","maker"
"2.18700000","3.61300000","2024-06-04T21:58:28.501Z","buy","maker"
"2.18900000","1.00200000","2024-06-04T21:58:24.394Z","sell","maker"
"2.18900000","1.00200000","2024-06-04T21:58:22.341Z","sell","maker"
"2.18900000","1.00200000","2024-06-04T21:58:17.632Z","sell","maker"
"2.18900000","1.00200000","2024-06-04T21:58:14.518Z","sell","maker"
"2.18800000","0.45600000","2024-06-04T21:58:06.613Z","sell","maker"
"2.18800000","0.45600000","2024-06-04T21:58:04.845Z","sell","maker"
"2.18800000","0.45600000","2024-06-04T21:58:03.185Z","sell","maker"
"2.18800000","0.45600000","2024-06-04T21:58:01.479Z","sell","maker"
"2.18600000","9.77800000","2024-06-04T21:57:59.857Z","sell","maker"
"2.18700000","9.77400000","2024-06-04T21:57:55.263Z","buy","maker"
"2.18900000","336.67600000","2024-06-04T21:57:35.120Z","sell","maker"
"2.18900000","80.00000000","2024-06-04T21:57:35.120Z","sell","maker"
"2.18900000","16.00000000","2024-06-04T21:57:35.120Z","sell","maker"
"2.19100000","0.45600000","2024-06-04T21:57:06.794Z","sell","maker"
"2.19100000","0.45600000","2024-06-04T21:57:04.708Z","sell","maker"
"2.19100000","0.45600000","2024-06-04T21:57:02.581Z","sell","maker"
"2.19100000","0.45600000","2024-06-04T21:56:48.894Z","sell","maker"
"2.19100000","0.45600000","2024-06-04T21:56:46.883Z","sell","maker"
"2.19000000","0.45600000","2024-06-04T21:56:33.738Z","sell","maker"
"2.18900000","1.12500000","2024-06-04T21:56:33.385Z","buy","maker"
"2.19000000","226.89700000","2024-06-04T21:56:31.324Z","sell","maker"
"2.19000000","69.96800000","2024-06-04T21:56:31.324Z","sell","maker"
"2.19000000","0.45600000","2024-06-04T21:56:31.106Z","sell","maker"
"2.19000000","0.45600000","2024-06-04T21:56:22.652Z","sell","maker"
"2.19000000","0.45600000","2024-06-04T21:56:17.025Z","sell","maker"
"2.19000000","0.45600000","2024-06-04T21:56:14.954Z","sell","maker"
"2.18900000","3.65200000","2024-06-04T21:56:14.265Z","buy","maker"
"2.18900000","0.45600000","2024-06-04T21:56:12.170Z","sell","maker"
"2.18700000","10.11700000","2024-06-04T21:56:10.676Z","sell","maker"
"2.18800000","10.11400000","2024-06-04T21:56:09.266Z","buy","maker"
"2.19000000","0.45600000","2024-06-04T21:56:01.031Z","sell","maker"
"2.19000000","0.45600000","2024-06-04T21:55:58.781Z","sell","maker"
"2.19000000","0.45600000","2024-06-04T21:55:56.836Z","sell","maker"
"2.19000000","0.45600000","2024-06-04T21:55:54.748Z","sell","maker"
"2.19000000","0.45600000","2024-06-04T21:55:52.576Z","sell","maker"
"2.19000000","0.45600000","2024-06-04T21:55:50.494Z","sell","maker"
"2.19000000","0.45600000","2024-06-04T21:55:48.631Z","sell","maker"
"2.19000000","0.45600000","2024-06-04T21:55:46.745Z","sell","maker"
"2.19000000","0.45600000","2024-06-04T21:55:45.092Z","sell","maker"
"2.18900000","3.68800000","2024-06-04T21:55:44.251Z","buy","maker"
"2.19000000","0.45600000","2024-06-04T21:55:43.390Z","sell","maker"
"2.19000000","0.45600000","2024-06-04T21:55:41.593Z","sell","maker"
"2.19000000","0.45600000","2024-06-04T21:55:39.588Z","sell","maker"
"2.19000000","0.45600000","2024-06-04T21:55:37.470Z","sell","maker"
"2.19000000","0.45600000","2024-06-04T21:55:35.493Z","sell","maker"
"2.19000000","0.45600000","2024-06-04T21:55:33.625Z","sell","maker"
"2.19000000","0.45600000","2024-06-04T21:55:31.823Z","sell","maker"
"2.19000000","0.45600000","2024-06-04T21:55:30.106Z","sell","maker"
"2.18900000","1.89000000","2024-06-04T21:55:29.084Z","buy","maker"
"2.19000000","0.45600000","2024-06-04T21:55:27.442Z","sell","maker"
"2.18900000","2.45600000","2024-06-04T21:55:23.785Z","buy","maker"
"2.19100000","0.45600000","2024-06-04T21:55:04.141Z","sell","maker"
"2.19000000","2.15500000","2024-06-04T21:55:03.221Z","buy","maker"
"2.19100000","0.45600000","2024-06-04T21:55:01.696Z","sell","maker"
"2.19000000","4.19700000","2024-06-04T21:55:00.781Z","buy","maker"
"2.19100000","0.45600000","2024-06-04T21:54:59.442Z","sell","maker"
"2.19100000","0.45600000","2024-06-04T21:54:56.476Z","sell","maker"
"2.19000000","2.07700000","2024-06-04T21:54:54.736Z","buy","maker"
"2.19300000","0.45500000","2024-06-04T21:54:30.011Z","sell","maker"
"2.19300000","0.45500000","2024-06-04T21:54:27.928Z","sell","maker"
"2.19300000","0.45500000","2024-06-04T21:54:26.028Z","sell","maker"
"2.19300000","0.45500000","2024-06-04T21:54:21.378Z","sell","maker"
"2.19200000","1065.61700000","2024-06-04T21:54:18.910Z","buy","maker"
"2.19400000","0.45500000","2024-06-04T21:54:15.069Z","sell","maker"
"2.19300000","0.45500000","2024-06-04T21:54:07.178Z","sell","maker"
"2.19400000","0.45500000","2024-06-04T21:54:05.155Z","sell","maker"
"2.19200000","3.60500000","2024-06-04T21:54:04.219Z","buy","maker"
"2.19300000","0.45500000","2024-06-04T21:54:03.176Z","sell","maker"
"2.19200000","1.77800000","2024-06-04T21:54:00.136Z","buy","maker"
"2.19400000","0.45500000","2024-06-04T21:53:54.550Z","sell","maker"
"2.19300000","2.31500000","2024-06-04T21:53:52.875Z","buy","maker"
"2.19300000","78.63500000","2024-06-04T21:53:52.860Z","sell","maker"
"2.19300000","0.45500000","2024-06-04T21:53:46.664Z","sell","maker"
"2.19200000","1.19900000","2024-06-04T21:53:45.307Z","buy","maker"
"2.19300000","0.45500000","2024-06-04T21:53:44.481Z","sell","maker"
"2.19300000","0.45500000","2024-06-04T21:53:41.867Z","sell","maker"
"2.19500000","0.45500000","2024-06-04T21:53:33.835Z","sell","maker"
"2.19300000","9.51300000","2024-06-04T21:53:32.704Z","sell","maker"
"2.19300000","0.45500000","2024-06-04T21:53:31.420Z","sell","maker"
"2.19200000","1483.35400000","2024-06-04T21:53:28.955Z","buy","maker"
"2.19300000","0.45500000","2024-06-04T21:53:27.515Z","sell","maker"
"2.19200000","191.94900000","2024-06-04T21:53:26.691Z","buy","maker"
"2.19200000","167.55700000","2024-06-04T21:53:26.690Z","buy","maker"
"2.19300000","16.00000000","2024-06-04T21:53:26.626Z","buy","maker"
"2.19300000","10.08800000","2024-06-04T21:53:26.626Z","buy","maker"
"2.19500000","0.45500000","2024-06-04T21:53:25.091Z","sell","maker"
"2.19500000","0.45500000","2024-06-04T21:53:23.014Z","sell","maker"
"2.19500000","0.45500000","2024-06-04T21:53:14.799Z","sell","maker"
"2.19500000","0.45500000","2024-06-04T21:53:12.409Z","sell","maker"
"2.19500000","0.45500000","2024-06-04T21:53:10.671Z","sell","maker"
"2.19500000","11.27600000","2024-06-04T21:53:03.940Z","sell","maker"
"2.19500000","0.45500000","2024-06-04T21:53:02.882Z","sell","maker"
"2.19500000","0.45500000","2024-06-04T21:53:00.487Z","sell","maker"
"2.19400000","1.57800000","2024-06-04T21:52:59.686Z","sell","maker"
"2.19400000","0.45500000","2024-06-04T21:52:58.064Z","sell","maker"
"2.19200000","2.37800000","2024-06-04T21:52:56.367Z","buy","maker"
"2.19400000","0.45500000","2024-06-04T21:52:56.355Z","sell","maker"
"2.19500000","0.45500000","2024-06-04T21:52:50.705Z","sell","maker"
"2.19500000","0.45500000","2024-06-04T21:52:48.613Z","sell","maker"
"2.19500000","0.45500000","2024-06-04T21:52:46.475Z","sell","maker"
"2.19300000","0.45500000","2024-06-04T21:52:44.325Z","sell","maker"
"2.19300000","180.00000000","2024-06-04T21:52:28.859Z","sell","maker"
"2.19200000","80.00000000","2024-06-04T21:52:28.859Z","sell","maker"
"2.19300000","0.45500000","2024-06-04T21:51:49.188Z","sell","maker"
"2.19300000","0.45500000","2024-06-04T21:51:40.195Z","sell","maker"
"2.19300000","0.45500000","2024-06-04T21:51:37.540Z","sell","maker"
"2.19300000","0.45500000","2024-06-04T21:51:35.826Z","sell","maker"
"2.19200000","0.45600000","2024-06-04T21:51:30.541Z","sell","maker"
"2.19200000","0.45600000","2024-06-04T21:51:26.668Z","sell","maker"
"2.19200000","0.45600000","2024-06-04T21:51:24.983Z","sell","maker"
"2.19200000","407.93000000","2024-06-04T21:51:09.673Z","sell","maker"
"2.19200000","0.45600000","2024-06-04T21:51:09.523Z","sell","maker"
"2.19300000","0.45500000","2024-06-04T21:51:06.943Z","sell","maker"
"2.19100000","0.45600000","2024-06-04T21:50:55.221Z","sell","maker"
"2.19100000","0.45600000","2024-06-04T21:50:40.280Z","sell","maker"
"2.19100000","0.45600000","2024-06-04T21:50:37.116Z","sell","maker"
"2.19100000","0.45600000","2024-06-04T21:50:32.088Z","sell","maker"
"2.19100000","0.45600000","2024-06-04T21:50:29.659Z","sell","maker"
"2.19100000","0.45600000","2024-06-04T21:50:27.039Z","sell","maker"
"2.19100000","0.45600000","2024-06-04T21:50:24.221Z","sell","maker"
"2.19100000","0.45600000","2024-06-04T21:50:20.866Z","sell","maker"
"2.19100000","0.45600000","2024-06-04T21:50:18.678Z","sell","maker"
"2.19100000","0.45600000","2024-06-04T21:50:16.536Z","sell","maker"
"2.19100000","0.45600000","2024-06-04T21:50:14.060Z","sell","maker"
"2.18900000","0.45600000","2024-06-04T21:50:10.084Z","sell","maker"
"2.18900000","0.45600000","2024-06-04T21:50:07.435Z","sell","maker"