"price","volume","timestamp","type"
"1.11","45.046","2024-06-05T00:23:47.542Z","bid"
"1.1","529.847","2024-06-05T00:23:47.542Z","bid"
"1.09","40.295","2024-06-05T00:23:47.542Z","bid"
"1.082","1","2024-06-05T00:23:47.542Z","bid"
"1.08","138.694","2024-06-05T00:23:47.542Z","bid"
"1.066","2.322","2024-06-05T00:23:47.542Z","bid"
"1.06","223.383","2024-06-05T00:23:47.542Z","bid"
"1.051","47.564","2024-06-05T00:23:47.542Z","bid"
"1.006","98.21","2024-06-05T00:23:47.542Z","bid"
"1","971.064","2024-06-05T00:23:47.542Z","bid"
"0.96","525","2024-06-05T00:23:47.542Z","bid"
"0.95","19.189","2024-06-05T00:23:47.542Z","bid"
"0.92","3.6","2024-06-05T00:23:47.542Z","bid"
"0.9","16.666","2024-06-05T00:23:47.542Z","bid"
"0.89","3.7","2024-06-05T00:23:47.542Z","bid"
"0.883","2.84","2024-06-05T00:23:47.542Z","bid"
"0.876","1.132","2024-06-05T00:23:47.542Z","bid"
"0.87","150","2024-06-05T00:23:47.542Z","bid"
"0.86","137.451","2024-06-05T00:23:47.542Z","bid"
"0.85","29.411","2024-06-05T00:23:47.542Z","bid"
"0.805","1436.847","2024-06-05T00:23:47.542Z","bid"
"0.8","18.75","2024-06-05T00:23:47.542Z","bid"
"0.777","0.034","2024-06-05T00:23:47.542Z","bid"
"0.75","40","2024-06-05T00:23:47.542Z","bid"
"0.74","268.648","2024-06-05T00:23:47.542Z","bid"
"0.711","135","2024-06-05T00:23:47.542Z","bid"
"0.7","121.428","2024-06-05T00:23:47.542Z","bid"
"0.67","180","2024-06-05T00:23:47.542Z","bid"
"0.661","135","2024-06-05T00:23:47.542Z","bid"
"0.66","37.67","2024-06-05T00:23:47.542Z","bid"
"0.65","23.076","2024-06-05T00:23:47.542Z","bid"
"0.64","157.25","2024-06-05T00:23:47.542Z","bid"
"0.637","155.102","2024-06-05T00:23:47.542Z","bid"
"0.6","25","2024-06-05T00:23:47.542Z","bid"
"0.59","190","2024-06-05T00:23:47.542Z","bid"
"0.575","200","2024-06-05T00:23:47.542Z","bid"
"0.55","27.272","2024-06-05T00:23:47.542Z","bid"
"0.524","2.84","2024-06-05T00:23:47.542Z","bid"
"0.5","40","2024-06-05T00:23:47.542Z","bid"
"0.45","33.333","2024-06-05T00:23:47.542Z","bid"
"0.4","37.5","2024-06-05T00:23:47.542Z","bid"
"0.36","138.888","2024-06-05T00:23:47.542Z","bid"
"0.35","42.857","2024-06-05T00:23:47.542Z","bid"
"0.3","50","2024-06-05T00:23:47.542Z","bid"
"0.2","75","2024-06-05T00:23:47.542Z","bid"
"0.002","510","2024-06-05T00:23:47.542Z","bid"
"0.001","16939.976","2024-06-05T00:23:47.542Z","bid"
"7.09","150","2024-06-05T00:23:47.541Z","ask"
"7.344","2.84","2024-06-05T00:23:47.541Z","ask"
"7.4","7.722","2024-06-05T00:23:47.541Z","ask"
"7.45","154.401","2024-06-05T00:23:47.541Z","ask"
"7.5","7209.738","2024-06-05T00:23:47.541Z","ask"
"7.511","15.842","2024-06-05T00:23:47.541Z","ask"
"7.6","33.5","2024-06-05T00:23:47.541Z","ask"
"7.703","2.84","2024-06-05T00:23:47.541Z","ask"
"7.8","362.217","2024-06-05T00:23:47.541Z","ask"
"7.85","1","2024-06-05T00:23:47.541Z","ask"
"8","476.521","2024-06-05T00:23:47.541Z","ask"
"8.062","2.84","2024-06-05T00:23:47.541Z","ask"
"8.108","19.783","2024-06-05T00:23:47.541Z","ask"
"8.149","18.883","2024-06-05T00:23:47.541Z","ask"
"8.17","3.75","2024-06-05T00:23:47.541Z","ask"
"8.421","2.84","2024-06-05T00:23:47.541Z","ask"
"8.5","1","2024-06-05T00:23:47.541Z","ask"
"8.55","110","2024-06-05T00:23:47.541Z","ask"
"8.599","1.1","2024-06-05T00:23:47.541Z","ask"
"8.6","20","2024-06-05T00:23:47.541Z","ask"
"8.78","2.84","2024-06-05T00:23:47.541Z","ask"
"8.8","10","2024-06-05T00:23:47.541Z","ask"
"9","1","2024-06-05T00:23:47.541Z","ask"
"9.001","7.455","2024-06-05T00:23:47.541Z","ask"
"9.139","2.84","2024-06-05T00:23:47.541Z","ask"
"9.37","7.843","2024-06-05T00:23:47.541Z","ask"
"9.44","10","2024-06-05T00:23:47.541Z","ask"
"9.498","2.84","2024-06-05T00:23:47.541Z","ask"
"9.5","33","2024-06-05T00:23:47.541Z","ask"
"9.6","10.554","2024-06-05T00:23:47.541Z","ask"
"9.71","106.897","2024-06-05T00:23:47.541Z","ask"
"9.85","106.598","2024-06-05T00:23:47.541Z","ask"
"9.857","2.84","2024-06-05T00:23:47.541Z","ask"
"9.98","62","2024-06-05T00:23:47.541Z","ask"
"10","298.568","2024-06-05T00:23:47.541Z","ask"
"10.216","2.84","2024-06-05T00:23:47.541Z","ask"
"10.3","575.327","2024-06-05T00:23:47.541Z","ask"
"10.575","2.84","2024-06-05T00:23:47.541Z","ask"
"10.934","2.84","2024-06-05T00:23:47.541Z","ask"
"11.068","2.84","2024-06-05T00:23:47.541Z","ask"
"11.4","67","2024-06-05T00:23:47.541Z","ask"
"11.42","5","2024-06-05T00:23:47.541Z","ask"
"11.45","196.129","2024-06-05T00:23:47.541Z","ask"
"11.54","0.99","2024-06-05T00:23:47.541Z","ask"
"11.862","7.843","2024-06-05T00:23:47.541Z","ask"
"11.98","341.007","2024-06-05T00:23:47.541Z","ask"
"12","8.669","2024-06-05T00:23:47.541Z","ask"
"12.177","275","2024-06-05T00:23:47.541Z","ask"
"12.27","21.578","2024-06-05T00:23:47.541Z","ask"
"13","5","2024-06-05T00:23:47.541Z","ask"
"13.18","7.617","2024-06-05T00:23:47.541Z","ask"
"13.69","2.141","2024-06-05T00:23:47.541Z","ask"
"13.9","100","2024-06-05T00:23:47.541Z","ask"
"14","1","2024-06-05T00:23:47.541Z","ask"
"14.244","275","2024-06-05T00:23:47.541Z","ask"
"14.353","7.843","2024-06-05T00:23:47.541Z","ask"
"15","1036.593","2024-06-05T00:23:47.541Z","ask"
"15.64","197.3","2024-06-05T00:23:47.541Z","ask"
"16","100","2024-06-05T00:23:47.541Z","ask"
"16.845","7.843","2024-06-05T00:23:47.541Z","ask"
"17","28.544","2024-06-05T00:23:47.541Z","ask"
"18","17.706","2024-06-05T00:23:47.541Z","ask"
"18.25","1100","2024-06-05T00:23:47.541Z","ask"
"18.87","26.497","2024-06-05T00:23:47.541Z","ask"
"18.95","10.553","2024-06-05T00:23:47.541Z","ask"
"19.17","30","2024-06-05T00:23:47.541Z","ask"
"19.337","7.843","2024-06-05T00:23:47.541Z","ask"
"19.424","106.824","2024-06-05T00:23:47.541Z","ask"
"20","1473.084","2024-06-05T00:23:47.541Z","ask"
"21","34.756","2024-06-05T00:23:47.541Z","ask"
"21.35","445.727","2024-06-05T00:23:47.541Z","ask"
"21.5","129.891","2024-06-05T00:23:47.541Z","ask"
"21.56","366.321","2024-06-05T00:23:47.541Z","ask"
"21.829","7.843","2024-06-05T00:23:47.541Z","ask"
"23","30","2024-06-05T00:23:47.541Z","ask"
"24.321","7.844","2024-06-05T00:23:47.541Z","ask"
"25","1533.822","2024-06-05T00:23:47.541Z","ask"
"25.5","372.23","2024-06-05T00:23:47.541Z","ask"
"27.127","225","2024-06-05T00:23:47.541Z","ask"
"29","43.947","2024-06-05T00:23:47.541Z","ask"
"30","34","2024-06-05T00:23:47.541Z","ask"
"32","39.309","2024-06-05T00:23:47.541Z","ask"
"34.667","225","2024-06-05T00:23:47.541Z","ask"
"35","2.5","2024-06-05T00:23:47.541Z","ask"
"38","76.488","2024-06-05T00:23:47.541Z","ask"
"39","25","2024-06-05T00:23:47.541Z","ask"
"40","66.494","2024-06-05T00:23:47.541Z","ask"
"40.27","27","2024-06-05T00:23:47.541Z","ask"
"42","19.627","2024-06-05T00:23:47.541Z","ask"
"42.4","260.13","2024-06-05T00:23:47.541Z","ask"
"42.55","12.755","2024-06-05T00:23:47.541Z","ask"
"44","14.43","2024-06-05T00:23:47.541Z","ask"
"44.4","228.943","2024-06-05T00:23:47.541Z","ask"
"45","316.892","2024-06-05T00:23:47.541Z","ask"
"48.892","2.214","2024-06-05T00:23:47.541Z","ask"
"50","7.936","2024-06-05T00:23:47.541Z","ask"
"51.53","238.59","2024-06-05T00:23:47.541Z","ask"
"60","20.2","2024-06-05T00:23:47.541Z","ask"
"64","5","2024-06-05T00:23:47.541Z","ask"
"67","3.363","2024-06-05T00:23:47.541Z","ask"
"75","2.5","2024-06-05T00:23:47.541Z","ask"
"99","21","2024-06-05T00:23:47.541Z","ask"
"100","6057.996","2024-06-05T00:23:47.541Z","ask"
"109","21.317","2024-06-05T00:23:47.541Z","ask"
"119","25","2024-06-05T00:23:47.541Z","ask"
"120","5","2024-06-05T00:23:47.541Z","ask"
"160","51.02","2024-06-05T00:23:47.541Z","ask"
"250","13145.198","2024-06-05T00:23:47.541Z","ask"
"400","13144.724","2024-06-05T00:23:47.541Z","ask"
"930","44","2024-06-05T00:23:47.541Z","ask"
"123456","1","2024-06-05T00:23:47.541Z","ask"
"2.165","6522.338","2024-06-05T00:23:47.541Z","bid"
"2.164","1175.702","2024-06-05T00:23:47.541Z","bid"
"2.163","1437.792","2024-06-05T00:23:47.541Z","bid"
"2.162","2521.219","2024-06-05T00:23:47.541Z","bid"
"2.161","3080.321","2024-06-05T00:23:47.541Z","bid"
"2.16","290.739","2024-06-05T00:23:47.541Z","bid"
"2.159","1000","2024-06-05T00:23:47.541Z","bid"
"2.158","1152.696","2024-06-05T00:23:47.541Z","bid"
"2.156","4977.424","2024-06-05T00:23:47.541Z","bid"
"2.152","2933.631","2024-06-05T00:23:47.541Z","bid"
"2.151","555.007","2024-06-05T00:23:47.541Z","bid"
"2.147","833.381","2024-06-05T00:23:47.541Z","bid"
"2.144","4124.444","2024-06-05T00:23:47.541Z","bid"
"2.143","1050.118","2024-06-05T00:23:47.541Z","bid"
"2.14","1561.736","2024-06-05T00:23:47.541Z","bid"
"2.134","908.56","2024-06-05T00:23:47.541Z","bid"
"2.131","3604.713","2024-06-05T00:23:47.541Z","bid"
"2.128","2021.201","2024-06-05T00:23:47.541Z","bid"
"2.126","15.632","2024-06-05T00:23:47.541Z","bid"
"2.115","8.813","2024-06-05T00:23:47.541Z","bid"
"2.112","1090.271","2024-06-05T00:23:47.541Z","bid"
"2.111","13.343","2024-06-05T00:23:47.541Z","bid"
"2.11","14.793","2024-06-05T00:23:47.541Z","bid"
"2.106","4447.607","2024-06-05T00:23:47.541Z","bid"
"2.105","1600","2024-06-05T00:23:47.541Z","bid"
"2.104","1323.368","2024-06-05T00:23:47.541Z","bid"
"2.102","1435.212","2024-06-05T00:23:47.541Z","bid"
"2.1","23.619","2024-06-05T00:23:47.541Z","bid"
"2.094","2019.957","2024-06-05T00:23:47.541Z","bid"
"2.091","6.263","2024-06-05T00:23:47.541Z","bid"
"2.09","1707.148","2024-06-05T00:23:47.541Z","bid"
"2.089","11.968","2024-06-05T00:23:47.541Z","bid"
"2.087","45.356","2024-06-05T00:23:47.541Z","bid"
"2.085","237.703","2024-06-05T00:23:47.541Z","bid"
"2.084","24.256","2024-06-05T00:23:47.541Z","bid"
"2.083","0.601","2024-06-05T00:23:47.541Z","bid"
"2.081","23.342","2024-06-05T00:23:47.541Z","bid"
"2.08","0.057","2024-06-05T00:23:47.541Z","bid"
"2.079","22","2024-06-05T00:23:47.541Z","bid"
"2.078","226.061","2024-06-05T00:23:47.541Z","bid"
"2.075","42.309","2024-06-05T00:23:47.541Z","bid"
"2.071","12.194","2024-06-05T00:23:47.541Z","bid"
"2.07","497.085","2024-06-05T00:23:47.541Z","bid"
"2.069","0.5","2024-06-05T00:23:47.541Z","bid"
"2.067","202.4","2024-06-05T00:23:47.541Z","bid"
"2.065","468.225","2024-06-05T00:23:47.541Z","bid"
"2.061","260.855","2024-06-05T00:23:47.541Z","bid"
"2.06","2049.406","2024-06-05T00:23:47.541Z","bid"
"2.059","14.516","2024-06-05T00:23:47.541Z","bid"
"2.058","71.402","2024-06-05T00:23:47.541Z","bid"
"2.056","15.182","2024-06-05T00:23:47.541Z","bid"
"2.053","13.536","2024-06-05T00:23:47.541Z","bid"
"2.051","1.5","2024-06-05T00:23:47.541Z","bid"
"2.05","333.718","2024-06-05T00:23:47.541Z","bid"
"2.045","13.637","2024-06-05T00:23:47.541Z","bid"
"2.041","48.55","2024-06-05T00:23:47.541Z","bid"
"2.04","3100","2024-06-05T00:23:47.541Z","bid"
"2.038","4.398","2024-06-05T00:23:47.541Z","bid"
"2.035","577.094","2024-06-05T00:23:47.541Z","bid"
"2.033","43.809","2024-06-05T00:23:47.541Z","bid"
"2.027","49.333","2024-06-05T00:23:47.541Z","bid"
"2.026","7.851","2024-06-05T00:23:47.541Z","bid"
"2.025","157.408","2024-06-05T00:23:47.541Z","bid"
"2.018","135.492","2024-06-05T00:23:47.541Z","bid"
"2.017","23.342","2024-06-05T00:23:47.541Z","bid"
"2.001","11.164","2024-06-05T00:23:47.541Z","bid"
"2","1467.442","2024-06-05T00:23:47.541Z","bid"
"1.992","39.673","2024-06-05T00:23:47.541Z","bid"
"1.99","8.008","2024-06-05T00:23:47.541Z","bid"
"1.989","50.276","2024-06-05T00:23:47.541Z","bid"
"1.984","6.342","2024-06-05T00:23:47.541Z","bid"
"1.981","39.677","2024-06-05T00:23:47.541Z","bid"
"1.98","1502.789","2024-06-05T00:23:47.541Z","bid"
"1.971","104.811","2024-06-05T00:23:47.541Z","bid"
"1.959","62.187","2024-06-05T00:23:47.541Z","bid"
"1.958","602.885","2024-06-05T00:23:47.541Z","bid"
"1.955","181.144","2024-06-05T00:23:47.541Z","bid"
"1.953","23.342","2024-06-05T00:23:47.541Z","bid"
"1.952","349.496","2024-06-05T00:23:47.541Z","bid"
"1.951","51.255","2024-06-05T00:23:47.541Z","bid"
"1.948","0.642","2024-06-05T00:23:47.541Z","bid"
"1.931","122.256","2024-06-05T00:23:47.541Z","bid"
"1.926","10.342","2024-06-05T00:23:47.541Z","bid"
"1.915","33.516","2024-06-05T00:23:47.541Z","bid"
"1.914","52.246","2024-06-05T00:23:47.541Z","bid"
"1.901","6.874","2024-06-05T00:23:47.541Z","bid"
"1.9","81.578","2024-06-05T00:23:47.541Z","bid"
"1.889","23.342","2024-06-05T00:23:47.541Z","bid"
"1.876","53.304","2024-06-05T00:23:47.541Z","bid"
"1.855","16.107","2024-06-05T00:23:47.541Z","bid"
"1.85","10","2024-06-05T00:23:47.541Z","bid"
"1.841","159.477","2024-06-05T00:23:47.541Z","bid"
"1.84","4.871","2024-06-05T00:23:47.541Z","bid"
"1.838","54.406","2024-06-05T00:23:47.541Z","bid"
"1.828","9.722","2024-06-05T00:23:47.541Z","bid"
"1.825","23.342","2024-06-05T00:23:47.541Z","bid"
"1.82","578.14","2024-06-05T00:23:47.541Z","bid"
"1.815","905.862","2024-06-05T00:23:47.541Z","bid"
"1.809","8.557","2024-06-05T00:23:47.541Z","bid"
"1.801","55.524","2024-06-05T00:23:47.541Z","bid"
"1.8","46.571","2024-06-05T00:23:47.541Z","bid"
"1.775","9.714","2024-06-05T00:23:47.541Z","bid"
"1.77","1000","2024-06-05T00:23:47.541Z","bid"
"1.763","56.721","2024-06-05T00:23:47.541Z","bid"
"1.761","1439.44","2024-06-05T00:23:47.541Z","bid"
"1.75","194.973","2024-06-05T00:23:47.541Z","bid"
"1.74","8.557","2024-06-05T00:23:47.541Z","bid"
"1.725","57.97","2024-06-05T00:23:47.541Z","bid"
"1.723","9.705","2024-06-05T00:23:47.541Z","bid"
"1.71","58.479","2024-06-05T00:23:47.541Z","bid"
"1.7","4","2024-06-05T00:23:47.541Z","bid"
"1.697","23.342","2024-06-05T00:23:47.541Z","bid"
"1.69","300","2024-06-05T00:23:47.541Z","bid"
"1.688","59.241","2024-06-05T00:23:47.541Z","bid"
"1.633","23.342","2024-06-05T00:23:47.541Z","bid"
"1.63","610.335","2024-06-05T00:23:47.541Z","bid"
"1.6","327.375","2024-06-05T00:23:47.541Z","bid"
"1.55","6","2024-06-05T00:23:47.541Z","bid"
"1.54","165.548","2024-06-05T00:23:47.541Z","bid"
"1.53","653.594","2024-06-05T00:23:47.541Z","bid"
"1.527","19.646","2024-06-05T00:23:47.541Z","bid"
"1.504","3.299","2024-06-05T00:23:47.541Z","bid"
"1.5","3.308","2024-06-05T00:23:47.541Z","bid"
"1.472","250","2024-06-05T00:23:47.541Z","bid"
"1.41","1000","2024-06-05T00:23:47.541Z","bid"
"1.404","2030.42","2024-06-05T00:23:47.541Z","bid"
"1.4","24.854","2024-06-05T00:23:47.541Z","bid"
"1.39","3076.373","2024-06-05T00:23:47.541Z","bid"
"1.35","373.675","2024-06-05T00:23:47.541Z","bid"
"1.315","115.087","2024-06-05T00:23:47.541Z","bid"
"1.3","1245.912","2024-06-05T00:23:47.541Z","bid"
"1.29","15.903","2024-06-05T00:23:47.541Z","bid"
"1.25","1051.045","2024-06-05T00:23:47.541Z","bid"
"1.246","80.256","2024-06-05T00:23:47.541Z","bid"
"1.242","2.84","2024-06-05T00:23:47.541Z","bid"
"1.22","342.363","2024-06-05T00:23:47.541Z","bid"
"1.212","500","2024-06-05T00:23:47.541Z","bid"
"1.2","152.708","2024-06-05T00:23:47.541Z","bid"
"1.158","0.068","2024-06-05T00:23:47.541Z","bid"
"2.289","1335.21","2024-06-05T00:23:47.540Z","ask"
"2.29","986.5","2024-06-05T00:23:47.540Z","ask"
"2.291","126.149","2024-06-05T00:23:47.540Z","ask"
"2.294","305.95","2024-06-05T00:23:47.540Z","ask"
"2.297","14.047","2024-06-05T00:23:47.540Z","ask"
"2.298","78.125","2024-06-05T00:23:47.540Z","ask"
"2.299","25.753","2024-06-05T00:23:47.540Z","ask"
"2.3","618.009","2024-06-05T00:23:47.540Z","ask"
"2.303","812.351","2024-06-05T00:23:47.540Z","ask"
"2.305","200","2024-06-05T00:23:47.540Z","ask"
"2.31","431.451","2024-06-05T00:23:47.540Z","ask"
"2.311","15.308","2024-06-05T00:23:47.540Z","ask"
"2.315","319.375","2024-06-05T00:23:47.540Z","ask"
"2.32","637.254","2024-06-05T00:23:47.540Z","ask"
"2.335","164.531","2024-06-05T00:23:47.540Z","ask"
"2.337","23.342","2024-06-05T00:23:47.540Z","ask"
"2.344","120","2024-06-05T00:23:47.540Z","ask"
"2.347","15.308","2024-06-05T00:23:47.540Z","ask"
"2.348","1167.485","2024-06-05T00:23:47.540Z","ask"
"2.35","277.403","2024-06-05T00:23:47.540Z","ask"
"2.352","143.649","2024-06-05T00:23:47.540Z","ask"
"2.355","246.797","2024-06-05T00:23:47.540Z","ask"
"2.357","13.69","2024-06-05T00:23:47.540Z","ask"
"2.359","14.884","2024-06-05T00:23:47.540Z","ask"
"2.36","243.179","2024-06-05T00:23:47.540Z","ask"
"2.361","4.591","2024-06-05T00:23:47.540Z","ask"
"2.37","120","2024-06-05T00:23:47.540Z","ask"
"2.38","165","2024-06-05T00:23:47.540Z","ask"
"2.383","89.948","2024-06-05T00:23:47.540Z","ask"
"2.384","884.732","2024-06-05T00:23:47.540Z","ask"
"2.385","249.274","2024-06-05T00:23:47.540Z","ask"
"2.39","120","2024-06-05T00:23:47.540Z","ask"
"2.392","87.739","2024-06-05T00:23:47.540Z","ask"
"2.393","59.566","2024-06-05T00:23:47.540Z","ask"
"2.394","22.732","2024-06-05T00:23:47.540Z","ask"
"2.395","146.241","2024-06-05T00:23:47.540Z","ask"
"2.396","146.18","2024-06-05T00:23:47.540Z","ask"
"2.399","43","2024-06-05T00:23:47.540Z","ask"
"2.4","255.088","2024-06-05T00:23:47.540Z","ask"
"2.401","23.342","2024-06-05T00:23:47.540Z","ask"
"2.402","3.947","2024-06-05T00:23:47.540Z","ask"
"2.405","419.159","2024-06-05T00:23:47.540Z","ask"
"2.408","7.006","2024-06-05T00:23:47.540Z","ask"
"2.409","2539.676","2024-06-05T00:23:47.540Z","ask"
"2.41","243.398","2024-06-05T00:23:47.540Z","ask"
"2.412","5.184","2024-06-05T00:23:47.540Z","ask"
"2.415","67.931","2024-06-05T00:23:47.540Z","ask"
"2.419","13.339","2024-06-05T00:23:47.540Z","ask"
"2.42","306.454","2024-06-05T00:23:47.540Z","ask"
"2.43","139","2024-06-05T00:23:47.540Z","ask"
"2.435","8.784","2024-06-05T00:23:47.540Z","ask"
"2.437","209.825","2024-06-05T00:23:47.540Z","ask"
"2.438","8","2024-06-05T00:23:47.540Z","ask"
"2.44","79","2024-06-05T00:23:47.540Z","ask"
"2.45","1939.187","2024-06-05T00:23:47.540Z","ask"
"2.457","30.526","2024-06-05T00:23:47.540Z","ask"
"2.46","1","2024-06-05T00:23:47.540Z","ask"
"2.462","18.89","2024-06-05T00:23:47.540Z","ask"
"2.465","23.342","2024-06-05T00:23:47.540Z","ask"
"2.469","8.485","2024-06-05T00:23:47.540Z","ask"
"2.47","3170.651","2024-06-05T00:23:47.540Z","ask"
"2.477","271.687","2024-06-05T00:23:47.540Z","ask"
"2.48","452.912","2024-06-05T00:23:47.540Z","ask"
"2.482","13","2024-06-05T00:23:47.540Z","ask"
"2.488","4.105","2024-06-05T00:23:47.540Z","ask"
"2.49","1","2024-06-05T00:23:47.540Z","ask"
"2.495","15.308","2024-06-05T00:23:47.540Z","ask"
"2.5","3155.324","2024-06-05T00:23:47.540Z","ask"
"2.506","22.502","2024-06-05T00:23:47.540Z","ask"
"2.507","121.664","2024-06-05T00:23:47.540Z","ask"
"2.517","11.961","2024-06-05T00:23:47.540Z","ask"
"2.522","0.416","2024-06-05T00:23:47.540Z","ask"
"2.525","978.427","2024-06-05T00:23:47.540Z","ask"
"2.529","23.342","2024-06-05T00:23:47.540Z","ask"
"2.532","15.308","2024-06-05T00:23:47.540Z","ask"
"2.533","981.902","2024-06-05T00:23:47.540Z","ask"
"2.547","12.668","2024-06-05T00:23:47.540Z","ask"
"2.553","4.053","2024-06-05T00:23:47.540Z","ask"
"2.56","2.135","2024-06-05T00:23:47.540Z","ask"
"2.562","8","2024-06-05T00:23:47.540Z","ask"
"2.564","4.105","2024-06-05T00:23:47.540Z","ask"
"2.567","3.68","2024-06-05T00:23:47.540Z","ask"
"2.569","15.308","2024-06-05T00:23:47.540Z","ask"
"2.574","13.228","2024-06-05T00:23:47.540Z","ask"
"2.576","8454.725","2024-06-05T00:23:47.540Z","ask"
"2.587","5.502","2024-06-05T00:23:47.540Z","ask"
"2.593","23.342","2024-06-05T00:23:47.540Z","ask"
"2.6","3513.133","2024-06-05T00:23:47.540Z","ask"
"2.605","12.722","2024-06-05T00:23:47.540Z","ask"
"2.608","15.308","2024-06-05T00:23:47.540Z","ask"
"2.611","1312.16","2024-06-05T00:23:47.540Z","ask"
"2.613","12.347","2024-06-05T00:23:47.540Z","ask"
"2.615","1493.023","2024-06-05T00:23:47.540Z","ask"
"2.618","193.023","2024-06-05T00:23:47.540Z","ask"
"2.626","8.268","2024-06-05T00:23:47.540Z","ask"
"2.638","1252.609","2024-06-05T00:23:47.540Z","ask"
"2.647","15.308","2024-06-05T00:23:47.540Z","ask"
"2.648","3.901","2024-06-05T00:23:47.540Z","ask"
"2.657","23.342","2024-06-05T00:23:47.540Z","ask"
"2.658","10","2024-06-05T00:23:47.540Z","ask"
"2.673","285.035","2024-06-05T00:23:47.540Z","ask"
"2.68","583.375","2024-06-05T00:23:47.540Z","ask"
"2.681","12.033","2024-06-05T00:23:47.540Z","ask"
"2.687","15.308","2024-06-05T00:23:47.540Z","ask"
"2.692","8","2024-06-05T00:23:47.540Z","ask"
"2.7","265.543","2024-06-05T00:23:47.540Z","ask"
"2.71","2300","2024-06-05T00:23:47.540Z","ask"
"2.721","23.342","2024-06-05T00:23:47.540Z","ask"
"2.725","92.324","2024-06-05T00:23:47.540Z","ask"
"2.726","0.144","2024-06-05T00:23:47.540Z","ask"
"2.727","15.308","2024-06-05T00:23:47.540Z","ask"
"2.73","0.144","2024-06-05T00:23:47.540Z","ask"
"2.746","34.397","2024-06-05T00:23:47.540Z","ask"
"2.749","7.499","2024-06-05T00:23:47.540Z","ask"
"2.75","442.504","2024-06-05T00:23:47.540Z","ask"
"2.752","11.726","2024-06-05T00:23:47.540Z","ask"
"2.768","15.308","2024-06-05T00:23:47.540Z","ask"
"2.78","200.04","2024-06-05T00:23:47.540Z","ask"
"2.785","23.342","2024-06-05T00:23:47.540Z","ask"
"2.79","18.89","2024-06-05T00:23:47.540Z","ask"
"2.8","9636.744","2024-06-05T00:23:47.540Z","ask"
"2.806","51.721","2024-06-05T00:23:47.540Z","ask"
"2.809","15.308","2024-06-05T00:23:47.540Z","ask"
"2.81","36.984","2024-06-05T00:23:47.540Z","ask"
"2.811","18.89","2024-06-05T00:23:47.540Z","ask"
"2.814","219.652","2024-06-05T00:23:47.540Z","ask"
"2.823","11.429","2024-06-05T00:23:47.540Z","ask"
"2.828","8","2024-06-05T00:23:47.540Z","ask"
"2.829","20","2024-06-05T00:23:47.540Z","ask"
"2.835","18916.557","2024-06-05T00:23:47.540Z","ask"
"2.84","10","2024-06-05T00:23:47.540Z","ask"
"2.849","23.342","2024-06-05T00:23:47.540Z","ask"
"2.85","333.798","2024-06-05T00:23:47.540Z","ask"
"2.851","15.308","2024-06-05T00:23:47.540Z","ask"
"2.858","37.462","2024-06-05T00:23:47.540Z","ask"
"2.86","5788.306","2024-06-05T00:23:47.540Z","ask"
"2.863","16.393","2024-06-05T00:23:47.540Z","ask"
"2.87","696.35","2024-06-05T00:23:47.540Z","ask"
"2.893","15.308","2024-06-05T00:23:47.540Z","ask"
"2.896","11.14","2024-06-05T00:23:47.540Z","ask"
"2.9","134.298","2024-06-05T00:23:47.540Z","ask"
"2.913","23.342","2024-06-05T00:23:47.540Z","ask"
"2.92","26.679","2024-06-05T00:23:47.540Z","ask"
"2.922","2","2024-06-05T00:23:47.540Z","ask"
"2.93","17.507","2024-06-05T00:23:47.540Z","ask"
"2.937","15.308","2024-06-05T00:23:47.540Z","ask"
"2.94","34.718","2024-06-05T00:23:47.540Z","ask"
"2.95","833.836","2024-06-05T00:23:47.540Z","ask"
"2.97","3405.792","2024-06-05T00:23:47.540Z","ask"
"2.972","18.857","2024-06-05T00:23:47.540Z","ask"
"2.977","37.031","2024-06-05T00:23:47.540Z","ask"
"2.98","82.694","2024-06-05T00:23:47.540Z","ask"
"2.981","15.308","2024-06-05T00:23:47.540Z","ask"
"2.999","3.353","2024-06-05T00:23:47.540Z","ask"
"3","2187.266","2024-06-05T00:23:47.540Z","ask"
"3.012","4.6","2024-06-05T00:23:47.540Z","ask"
"3.015","563.917","2024-06-05T00:23:47.540Z","ask"
"3.025","15.308","2024-06-05T00:23:47.540Z","ask"
"3.036","2.84","2024-06-05T00:23:47.540Z","ask"
"3.07","15.308","2024-06-05T00:23:47.540Z","ask"
"3.084","5.51","2024-06-05T00:23:47.540Z","ask"
"3.09","26.679","2024-06-05T00:23:47.540Z","ask"
"3.1","494.601","2024-06-05T00:23:47.540Z","ask"
"3.116","15.308","2024-06-05T00:23:47.540Z","ask"
"3.123","8","2024-06-05T00:23:47.540Z","ask"
"3.131","114.03","2024-06-05T00:23:47.540Z","ask"
"3.15","311.677","2024-06-05T00:23:47.540Z","ask"
"3.162","15.308","2024-06-05T00:23:47.540Z","ask"
"3.17","10","2024-06-05T00:23:47.540Z","ask"
"3.177","10","2024-06-05T00:23:47.540Z","ask"
"3.2","264.756","2024-06-05T00:23:47.540Z","ask"
"3.209","15.308","2024-06-05T00:23:47.540Z","ask"
"3.24","1460.519","2024-06-05T00:23:47.540Z","ask"
"3.257","15.308","2024-06-05T00:23:47.540Z","ask"
"3.259","3.086","2024-06-05T00:23:47.540Z","ask"
"3.281","8","2024-06-05T00:23:47.540Z","ask"
"3.282","40","2024-06-05T00:23:47.540Z","ask"
"3.3","684.728","2024-06-05T00:23:47.540Z","ask"
"3.306","15.308","2024-06-05T00:23:47.540Z","ask"
"3.311","30.47","2024-06-05T00:23:47.540Z","ask"
"3.334","45.247","2024-06-05T00:23:47.540Z","ask"
"3.355","15.308","2024-06-05T00:23:47.540Z","ask"
"3.36","15","2024-06-05T00:23:47.540Z","ask"
"3.375","30","2024-06-05T00:23:47.540Z","ask"
"3.39","2.14","2024-06-05T00:23:47.540Z","ask"
"3.395","2.84","2024-06-05T00:23:47.540Z","ask"
"3.4","250","2024-06-05T00:23:47.540Z","ask"
"3.405","15.308","2024-06-05T00:23:47.540Z","ask"
"3.448","8","2024-06-05T00:23:47.540Z","ask"
"3.456","15.308","2024-06-05T00:23:47.540Z","ask"
"3.49","19","2024-06-05T00:23:47.540Z","ask"
"3.5","779.807","2024-06-05T00:23:47.540Z","ask"
"3.505","5","2024-06-05T00:23:47.540Z","ask"
"3.507","15.308","2024-06-05T00:23:47.540Z","ask"
"3.523","121","2024-06-05T00:23:47.540Z","ask"
"3.56","15.308","2024-06-05T00:23:47.540Z","ask"
"3.57","41.173","2024-06-05T00:23:47.540Z","ask"
"3.591","57.014","2024-06-05T00:23:47.540Z","ask"
"3.6","1202","2024-06-05T00:23:47.540Z","ask"
"3.613","15.308","2024-06-05T00:23:47.540Z","ask"
"3.62","10106.945","2024-06-05T00:23:47.540Z","ask"
"3.623","8","2024-06-05T00:23:47.540Z","ask"
"3.667","15.308","2024-06-05T00:23:47.540Z","ask"
"3.68","315.301","2024-06-05T00:23:47.540Z","ask"
"3.69","34.34","2024-06-05T00:23:47.540Z","ask"
"3.7","250","2024-06-05T00:23:47.540Z","ask"
"3.721","15.308","2024-06-05T00:23:47.540Z","ask"
"3.747","286.22","2024-06-05T00:23:47.540Z","ask"
"3.754","2.84","2024-06-05T00:23:47.540Z","ask"
"3.777","15.308","2024-06-05T00:23:47.540Z","ask"
"3.8","320.55","2024-06-05T00:23:47.540Z","ask"
"3.807","8","2024-06-05T00:23:47.540Z","ask"
"3.82","3075.54","2024-06-05T00:23:47.540Z","ask"
"3.834","15.308","2024-06-05T00:23:47.540Z","ask"
"3.86","236.476","2024-06-05T00:23:47.540Z","ask"
"3.885","26.379","2024-06-05T00:23:47.540Z","ask"
"3.891","15.308","2024-06-05T00:23:47.540Z","ask"
"3.9","3.095","2024-06-05T00:23:47.540Z","ask"
"3.948","15.308","2024-06-05T00:23:47.540Z","ask"
"3.949","7.44","2024-06-05T00:23:47.540Z","ask"
"3.95","63.916","2024-06-05T00:23:47.540Z","ask"
"4","11362.383","2024-06-05T00:23:47.540Z","ask"
"4.008","15.308","2024-06-05T00:23:47.540Z","ask"
"4.019","7","2024-06-05T00:23:47.540Z","ask"
"4.06","320","2024-06-05T00:23:47.540Z","ask"
"4.067","15.308","2024-06-05T00:23:47.540Z","ask"
"4.113","2.84","2024-06-05T00:23:47.540Z","ask"
"4.128","15.308","2024-06-05T00:23:47.540Z","ask"
"4.163","4.082","2024-06-05T00:23:47.540Z","ask"
"4.19","15.308","2024-06-05T00:23:47.540Z","ask"
"4.252","15.308","2024-06-05T00:23:47.540Z","ask"
"4.316","15.308","2024-06-05T00:23:47.540Z","ask"
"4.376","57.014","2024-06-05T00:23:47.540Z","ask"
"4.38","25","2024-06-05T00:23:47.540Z","ask"
"4.386","7.843","2024-06-05T00:23:47.540Z","ask"
"4.39","83.526","2024-06-05T00:23:47.540Z","ask"
"4.4","2100","2024-06-05T00:23:47.540Z","ask"
"4.45","15","2024-06-05T00:23:47.540Z","ask"
"4.472","2.84","2024-06-05T00:23:47.540Z","ask"
"4.5","538.302","2024-06-05T00:23:47.540Z","ask"
"4.542","25","2024-06-05T00:23:47.540Z","ask"
"4.562","23","2024-06-05T00:23:47.540Z","ask"
"4.59","167.526","2024-06-05T00:23:47.540Z","ask"
"4.68","919.466","2024-06-05T00:23:47.540Z","ask"
"4.75","2540.211","2024-06-05T00:23:47.540Z","ask"
"4.8","4686.031","2024-06-05T00:23:47.540Z","ask"
"4.831","2.84","2024-06-05T00:23:47.540Z","ask"
"4.856","213.75","2024-06-05T00:23:47.540Z","ask"
"4.89","0.9","2024-06-05T00:23:47.540Z","ask"
"4.92","3.161","2024-06-05T00:23:47.540Z","ask"
"5","615.532","2024-06-05T00:23:47.540Z","ask"
"5.02","167.525","2024-06-05T00:23:47.540Z","ask"
"5.15","10","2024-06-05T00:23:47.540Z","ask"
"5.19","2.84","2024-06-05T00:23:47.540Z","ask"
"5.2","17","2024-06-05T00:23:47.540Z","ask"
"5.4","21.107","2024-06-05T00:23:47.540Z","ask"
"5.49","7","2024-06-05T00:23:47.540Z","ask"
"5.5","75.148","2024-06-05T00:23:47.540Z","ask"
"5.549","2.84","2024-06-05T00:23:47.540Z","ask"
"5.62","3.024","2024-06-05T00:23:47.540Z","ask"
"5.7","1","2024-06-05T00:23:47.540Z","ask"
"5.73","35","2024-06-05T00:23:47.540Z","ask"
"5.78","0.9","2024-06-05T00:23:47.540Z","ask"
"5.908","2.84","2024-06-05T00:23:47.540Z","ask"
"5.999","9.114","2024-06-05T00:23:47.540Z","ask"
"6","41.171","2024-06-05T00:23:47.540Z","ask"
"6.267","2.84","2024-06-05T00:23:47.540Z","ask"
"6.315","574.143","2024-06-05T00:23:47.540Z","ask"
"6.33","1126.269","2024-06-05T00:23:47.540Z","ask"
"6.59","15.234","2024-06-05T00:23:47.540Z","ask"
"6.626","2.84","2024-06-05T00:23:47.540Z","ask"
"6.699","1.52","2024-06-05T00:23:47.540Z","ask"
"6.8","243","2024-06-05T00:23:47.540Z","ask"
"6.823","0.988","2024-06-05T00:23:47.540Z","ask"
"6.843","7","2024-06-05T00:23:47.540Z","ask"
"6.86","585.254","2024-06-05T00:23:47.540Z","ask"
"6.878","7.843","2024-06-05T00:23:47.540Z","ask"
"6.985","2.84","2024-06-05T00:23:47.540Z","ask"
"7","2.458","2024-06-05T00:23:47.540Z","ask"
"2.166","245.246","2024-06-05T00:23:47.539Z","ask"
"2.168","1513.129","2024-06-05T00:23:47.539Z","ask"
"2.169","1267.883","2024-06-05T00:23:47.539Z","ask"
"2.17","1684.273","2024-06-05T00:23:47.539Z","ask"
"2.171","1375.902","2024-06-05T00:23:47.539Z","ask"
"2.172","1780.128","2024-06-05T00:23:47.539Z","ask"
"2.173","245.246","2024-06-05T00:23:47.539Z","ask"
"2.174","288.051","2024-06-05T00:23:47.539Z","ask"
"2.177","452.058","2024-06-05T00:23:47.539Z","ask"
"2.179","315.393","2024-06-05T00:23:47.539Z","ask"
"2.182","601.91","2024-06-05T00:23:47.539Z","ask"
"2.186","709","2024-06-05T00:23:47.539Z","ask"
"2.187","720.128","2024-06-05T00:23:47.539Z","ask"
"2.191","27","2024-06-05T00:23:47.539Z","ask"
"2.192","33.5","2024-06-05T00:23:47.539Z","ask"
"2.194","1681.276","2024-06-05T00:23:47.539Z","ask"
"2.195","31","2024-06-05T00:23:47.539Z","ask"
"2.196","55.056","2024-06-05T00:23:47.539Z","ask"
"2.197","1829.308","2024-06-05T00:23:47.539Z","ask"
"2.2","35.364","2024-06-05T00:23:47.539Z","ask"
"2.201","900.16","2024-06-05T00:23:47.539Z","ask"
"2.203","11.377","2024-06-05T00:23:47.539Z","ask"
"2.205","276.644","2024-06-05T00:23:47.539Z","ask"
"2.206","5457.81","2024-06-05T00:23:47.539Z","ask"
"2.207","3630.188","2024-06-05T00:23:47.539Z","ask"
"2.208","99.308","2024-06-05T00:23:47.539Z","ask"
"2.209","23.342","2024-06-05T00:23:47.539Z","ask"
"2.21","173.513","2024-06-05T00:23:47.539Z","ask"
"2.211","25","2024-06-05T00:23:47.539Z","ask"
"2.212","1.5","2024-06-05T00:23:47.539Z","ask"
"2.213","6658.906","2024-06-05T00:23:47.539Z","ask"
"2.215","32","2024-06-05T00:23:47.539Z","ask"
"2.22","558","2024-06-05T00:23:47.539Z","ask"
"2.221","30","2024-06-05T00:23:47.539Z","ask"
"2.222","6964.193","2024-06-05T00:23:47.539Z","ask"
"2.224","0.418","2024-06-05T00:23:47.539Z","ask"
"2.226","1912.466","2024-06-05T00:23:47.539Z","ask"
"2.227","0.468","2024-06-05T00:23:47.539Z","ask"
"2.23","400","2024-06-05T00:23:47.539Z","ask"
"2.232","1.5","2024-06-05T00:23:47.539Z","ask"
"2.234","3.462","2024-06-05T00:23:47.539Z","ask"
"2.235","500","2024-06-05T00:23:47.539Z","ask"
"2.238","14.417","2024-06-05T00:23:47.539Z","ask"
"2.24","854","2024-06-05T00:23:47.539Z","ask"
"2.242","15.308","2024-06-05T00:23:47.539Z","ask"
"2.245","400","2024-06-05T00:23:47.539Z","ask"
"2.25","1025","2024-06-05T00:23:47.539Z","ask"
"2.253","1.5","2024-06-05T00:23:47.539Z","ask"
"2.255","464.769","2024-06-05T00:23:47.539Z","ask"
"2.257","216.324","2024-06-05T00:23:47.539Z","ask"
"2.26","756","2024-06-05T00:23:47.539Z","ask"
"2.264","1350.036","2024-06-05T00:23:47.539Z","ask"
"2.265","399.194","2024-06-05T00:23:47.539Z","ask"
"2.27","617","2024-06-05T00:23:47.539Z","ask"
"2.271","1346.047","2024-06-05T00:23:47.539Z","ask"
"2.273","24.842","2024-06-05T00:23:47.539Z","ask"
"2.274","314.404","2024-06-05T00:23:47.539Z","ask"
"2.277","1611.47","2024-06-05T00:23:47.539Z","ask"
"2.278","904.744","2024-06-05T00:23:47.539Z","ask"
"2.28","682.516","2024-06-05T00:23:47.539Z","ask"
"2.282","72.674","2024-06-05T00:23:47.539Z","ask"
"2.283","176.189","2024-06-05T00:23:47.539Z","ask"
"2.284","10943.932","2024-06-05T00:23:47.539Z","ask"
"2.285","50","2024-06-05T00:23:47.539Z","ask"
"2.287","47","2024-06-05T00:23:47.539Z","ask"
"2.288","49","2024-06-05T00:23:47.539Z","ask"