"price","volume","time","side","orderType"
"0.00678000","496.00000000","2024-06-05T00:15:49.832Z","buy","maker"
"0.00680000","2695.00000000","2024-06-05T00:15:16.467Z","sell","maker"
"0.00678000","2658.00000000","2024-06-05T00:14:45.259Z","buy","maker"
"0.00679000","163.00000000","2024-06-05T00:14:45.259Z","buy","maker"
"0.00679000","21851.00000000","2024-06-05T00:14:45.259Z","buy","maker"
"0.00680000","1967.00000000","2024-06-05T00:14:43.580Z","sell","maker"
"0.00679000","51602.00000000","2024-06-05T00:14:28.054Z","buy","maker"
"0.00679000","179.00000000","2024-06-05T00:14:28.054Z","buy","maker"
"0.00680000","179.00000000","2024-06-05T00:14:20.347Z","sell","maker"
"0.00680000","550.00000000","2024-06-05T00:14:20.347Z","sell","maker"
"0.00680000","1823.00000000","2024-06-05T00:13:18.358Z","sell","maker"
"0.00680000","1823.00000000","2024-06-05T00:13:16.701Z","sell","maker"
"0.00680000","716.00000000","2024-06-05T00:12:40.299Z","sell","maker"
"0.00679000","9978.00000000","2024-06-05T00:12:38.951Z","buy","maker"
"0.00679000","222.00000000","2024-06-05T00:12:38.951Z","buy","maker"
"0.00679000","2500.00000000","2024-06-05T00:12:38.951Z","buy","maker"
"0.00678000","24756.00000000","2024-06-05T00:10:48.610Z","buy","maker"
"0.00678000","18941.00000000","2024-06-05T00:10:48.610Z","buy","maker"
"0.00679000","638.00000000","2024-06-05T00:10:47.557Z","sell","maker"
"0.00679000","5717.00000000","2024-06-05T00:10:01.922Z","sell","maker"
"0.00679000","1251.00000000","2024-06-05T00:09:42.179Z","sell","maker"
"0.00678000","32.00000000","2024-06-05T00:08:36.398Z","buy","maker"
"0.00678000","4.00000000","2024-06-05T00:08:03.756Z","buy","maker"
"0.00678000","4.00000000","2024-06-05T00:06:41.643Z","buy","maker"
"0.00678000","64.00000000","2024-06-05T00:06:09.429Z","buy","maker"
"0.00678000","207.00000000","2024-06-05T00:05:06.236Z","buy","maker"
"0.00678000","3748.00000000","2024-06-05T00:05:06.129Z","buy","maker"
"0.00678000","11324.00000000","2024-06-05T00:05:06.129Z","buy","maker"
"0.00678000","11324.00000000","2024-06-05T00:05:06.129Z","buy","maker"
"0.00678000","29469.00000000","2024-06-05T00:05:06.129Z","buy","maker"
"0.00678000","30000.00000000","2024-06-05T00:05:06.129Z","buy","maker"
"0.00678000","338954.00000000","2024-06-05T00:05:06.129Z","buy","maker"
"0.00678000","13085.00000000","2024-06-05T00:04:07.199Z","buy","maker"
"0.00679000","5596.00000000","2024-06-05T00:04:03.225Z","sell","maker"
"0.00679000","105.00000000","2024-06-05T00:04:03.225Z","sell","maker"
"0.00678000","73.00000000","2024-06-05T00:03:22.093Z","buy","maker"
"0.00679000","8812.00000000","2024-06-05T00:03:15.972Z","sell","maker"
"0.00679000","62.00000000","2024-06-05T00:03:15.972Z","sell","maker"
"0.00678000","567.00000000","2024-06-05T00:02:41.862Z","buy","maker"
"0.00678000","4840.00000000","2024-06-05T00:01:47.159Z","buy","maker"
"0.00678000","1998.00000000","2024-06-05T00:01:34.622Z","buy","maker"
"0.00678000","466.00000000","2024-06-05T00:00:58.449Z","buy","maker"
"0.00678000","217.00000000","2024-06-04T23:59:16.597Z","buy","maker"
"0.00678000","39800.00000000","2024-06-04T23:56:35.262Z","buy","maker"
"0.00678000","21542.00000000","2024-06-04T23:56:35.262Z","buy","maker"
"0.00678000","59.00000000","2024-06-04T23:55:03.526Z","buy","maker"
"0.00678000","3421.00000000","2024-06-04T23:54:41.194Z","buy","maker"
"0.00678000","7.00000000","2024-06-04T23:53:14.295Z","buy","maker"
"0.00678000","171.00000000","2024-06-04T23:53:05.075Z","buy","maker"
"0.00679000","11621.00000000","2024-06-04T23:51:36.103Z","sell","maker"
"0.00679000","550.00000000","2024-06-04T23:51:36.103Z","sell","maker"
"0.00678000","51.00000000","2024-06-04T23:50:43.319Z","buy","maker"
"0.00677000","69.00000000","2024-06-04T23:50:32.039Z","buy","maker"
"0.00677000","22523.00000000","2024-06-04T23:50:32.039Z","buy","maker"
"0.00677000","750.00000000","2024-06-04T23:50:32.039Z","buy","maker"
"0.00678000","3963.00000000","2024-06-04T23:50:32.039Z","buy","maker"
"0.00678000","510.00000000","2024-06-04T23:50:32.039Z","buy","maker"
"0.00678000","865.00000000","2024-06-04T23:50:22.249Z","buy","maker"
"0.00676000","280.00000000","2024-06-04T23:46:30.664Z","buy","maker"
"0.00678000","6362.00000000","2024-06-04T23:46:27.536Z","sell","maker"
"0.00677000","43638.00000000","2024-06-04T23:46:27.536Z","sell","maker"
"0.00676000","135.00000000","2024-06-04T23:46:13.680Z","buy","maker"
"0.00677000","1408.00000000","2024-06-04T23:45:37.332Z","sell","maker"
"0.00677000","65.00000000","2024-06-04T23:45:37.332Z","sell","maker"
"0.00676000","298.00000000","2024-06-04T23:45:14.709Z","buy","maker"
"0.00676000","32599.00000000","2024-06-04T23:45:02.314Z","buy","maker"
"0.00676000","727253.00000000","2024-06-04T23:45:02.314Z","buy","maker"
"0.00677000","43870.00000000","2024-06-04T23:44:26.149Z","sell","maker"
"0.00677000","4096.00000000","2024-06-04T23:43:54.773Z","sell","maker"
"0.00676000","282.00000000","2024-06-04T23:43:00.804Z","buy","maker"
"0.00676000","1148.00000000","2024-06-04T23:40:59.963Z","buy","maker"
"0.00677000","5873.00000000","2024-06-04T23:40:53.857Z","sell","maker"
"0.00677000","29200.00000000","2024-06-04T23:40:53.857Z","sell","maker"
"0.00677000","36950.00000000","2024-06-04T23:40:53.857Z","sell","maker"
"0.00677000","33426.00000000","2024-06-04T23:39:43.898Z","sell","maker"
"0.00677000","3544.00000000","2024-06-04T23:39:43.895Z","sell","maker"
"0.00677000","25300.00000000","2024-06-04T23:39:43.895Z","sell","maker"
"0.00677000","4582.00000000","2024-06-04T23:39:43.895Z","sell","maker"
"0.00676000","6893.00000000","2024-06-04T23:38:02.409Z","buy","maker"
"0.00676000","432.00000000","2024-06-04T23:38:02.409Z","buy","maker"
"0.00677000","204.00000000","2024-06-04T23:38:02.409Z","buy","maker"
"0.00677000","550.00000000","2024-06-04T23:38:02.409Z","buy","maker"
"0.00678000","74.00000000","2024-06-04T23:37:52.002Z","sell","maker"
"0.00678000","260.00000000","2024-06-04T23:37:26.472Z","buy","maker"
"0.00678000","59.00000000","2024-06-04T23:36:36.085Z","buy","maker"
"0.00679000","85841.00000000","2024-06-04T23:36:36.033Z","sell","maker"
"0.00678000","186.00000000","2024-06-04T23:35:42.736Z","buy","maker"
"0.00678000","61.00000000","2024-06-04T23:34:44.453Z","buy","maker"
"0.00679000","11.00000000","2024-06-04T23:34:36.062Z","sell","maker"
"0.00679000","5080.00000000","2024-06-04T23:34:36.062Z","sell","maker"
"0.00679000","1458.00000000","2024-06-04T23:34:35.850Z","sell","maker"
"0.00679000","4785.00000000","2024-06-04T23:32:35.718Z","sell","maker"
"0.00679000","26100.00000000","2024-06-04T23:32:35.718Z","sell","maker"
"0.00679000","21048.00000000","2024-06-04T23:32:35.718Z","sell","maker"
"0.00679000","1952.00000000","2024-06-04T23:32:27.795Z","sell","maker"
"0.00678000","3.00000000","2024-06-04T23:31:52.393Z","buy","maker"
"0.00678000","23000.00000000","2024-06-04T23:31:16.775Z","buy","maker"
"0.00678000","23000.00000000","2024-06-04T23:31:16.762Z","buy","maker"
"0.00678000","280.00000000","2024-06-04T23:31:16.762Z","buy","maker"
"0.00680000","9809.00000000","2024-06-04T23:31:16.647Z","sell","maker"
"0.00677000","246763.00000000","2024-06-04T23:31:16.618Z","buy","maker"
"0.00677000","31600.00000000","2024-06-04T23:31:16.618Z","buy","maker"
"0.00678000","11304.00000000","2024-06-04T23:31:16.618Z","buy","maker"
"0.00678000","9863.00000000","2024-06-04T23:31:16.618Z","buy","maker"
"0.00678000","29451.00000000","2024-06-04T23:31:16.618Z","buy","maker"
"0.00678000","24500.00000000","2024-06-04T23:31:16.618Z","buy","maker"
"0.00679000","18299.00000000","2024-06-04T23:31:16.618Z","buy","maker"
"0.00679000","279.00000000","2024-06-04T23:31:16.618Z","buy","maker"
"0.00678000","100887.00000000","2024-06-04T23:29:46.745Z","buy","maker"
"0.00678000","14242.00000000","2024-06-04T23:29:46.745Z","buy","maker"
"0.00678000","11307.00000000","2024-06-04T23:29:46.745Z","buy","maker"
"0.00678000","3540.00000000","2024-06-04T23:29:46.745Z","buy","maker"
"0.00678000","28300.00000000","2024-06-04T23:29:46.745Z","buy","maker"
"0.00678000","21662.00000000","2024-06-04T23:29:46.745Z","buy","maker"
"0.00679000","6927.00000000","2024-06-04T23:28:16.941Z","sell","maker"
"0.00679000","2936.00000000","2024-06-04T23:27:33.821Z","sell","maker"
"0.00678000","184.00000000","2024-06-04T23:27:21.393Z","buy","maker"
"0.00678000","1154.00000000","2024-06-04T23:26:15.212Z","buy","maker"
"0.00678000","2550.00000000","2024-06-04T23:26:15.212Z","buy","maker"
"0.00679000","14242.00000000","2024-06-04T23:26:00.127Z","sell","maker"
"0.00679000","338.00000000","2024-06-04T23:26:00.127Z","sell","maker"
"0.00678000","61.00000000","2024-06-04T23:24:31.241Z","buy","maker"
"0.00678000","56.00000000","2024-06-04T23:23:51.371Z","buy","maker"
"0.00679000","51930.00000000","2024-06-04T23:23:40.214Z","sell","maker"
"0.00678000","2814.00000000","2024-06-04T23:23:38.515Z","buy","maker"
"0.00680000","22029.00000000","2024-06-04T23:23:18.263Z","sell","maker"
"0.00680000","25623.00000000","2024-06-04T23:23:18.263Z","sell","maker"
"0.00680000","550.00000000","2024-06-04T23:23:18.263Z","sell","maker"
"0.00680000","100000.00000000","2024-06-04T23:23:18.263Z","sell","maker"
"0.00680000","33500.00000000","2024-06-04T23:23:18.263Z","sell","maker"
"0.00680000","23000.00000000","2024-06-04T23:23:18.263Z","sell","maker"
"0.00679000","3350.00000000","2024-06-04T23:23:18.263Z","sell","maker"
"0.00679000","29300.00000000","2024-06-04T23:23:18.263Z","sell","maker"
"0.00679000","23000.00000000","2024-06-04T23:23:18.263Z","sell","maker"
"0.00679000","36863.00000000","2024-06-04T23:23:18.263Z","sell","maker"
"0.00679000","11307.00000000","2024-06-04T23:23:18.263Z","sell","maker"
"0.00679000","290930.00000000","2024-06-04T23:23:18.263Z","sell","maker"
"0.00679000","115835.00000000","2024-06-04T23:23:18.263Z","sell","maker"
"0.00678000","7735.00000000","2024-06-04T23:22:58.461Z","buy","maker"
"0.00678000","308.00000000","2024-06-04T23:22:56.975Z","buy","maker"
"0.00679000","15715.00000000","2024-06-04T23:22:22.374Z","sell","maker"
"0.00678000","397.00000000","2024-06-04T23:21:55.454Z","buy","maker"
"0.00678000","23443.00000000","2024-06-04T23:21:45.859Z","buy","maker"
"0.00678000","772.00000000","2024-06-04T23:21:45.859Z","buy","maker"
"0.00678000","12604.00000000","2024-06-04T23:21:45.859Z","buy","maker"
"0.00678000","451.00000000","2024-06-04T23:20:44.698Z","buy","maker"
"0.00679000","51934.00000000","2024-06-04T23:20:15.332Z","sell","maker"
"0.00678000","49.00000000","2024-06-04T23:19:43.776Z","buy","maker"
"0.00678000","112.00000000","2024-06-04T23:19:02.953Z","buy","maker"
"0.00678000","1902.00000000","2024-06-04T23:18:46.498Z","buy","maker"
"0.00679000","51932.00000000","2024-06-04T23:18:27.350Z","sell","maker"
"0.00679000","14352.00000000","2024-06-04T23:18:16.710Z","sell","maker"
"0.00678000","5138.00000000","2024-06-04T23:17:52.116Z","buy","maker"
"0.00678000","26432.00000000","2024-06-04T23:17:52.116Z","buy","maker"
"0.00678000","663.00000000","2024-06-04T23:17:40.352Z","buy","maker"
"0.00677000","74.00000000","2024-06-04T23:16:54.196Z","buy","maker"
"0.00678000","19047.00000000","2024-06-04T23:16:54.036Z","sell","maker"
"0.00678000","3913.00000000","2024-06-04T23:16:54.036Z","sell","maker"
"0.00678000","730.00000000","2024-06-04T23:16:42.065Z","sell","maker"
"0.00677000","147811.00000000","2024-06-04T23:15:34.330Z","buy","maker"
"0.00677000","11307.00000000","2024-06-04T23:15:34.330Z","buy","maker"
"0.00677000","31200.00000000","2024-06-04T23:15:34.330Z","buy","maker"
"0.00677000","32146.00000000","2024-06-04T23:15:34.330Z","buy","maker"
"0.00677000","62510.00000000","2024-06-04T23:15:34.330Z","buy","maker"
"0.00678000","22279.00000000","2024-06-04T23:15:24.630Z","buy","maker"
"0.00678000","18763.00000000","2024-06-04T23:15:24.630Z","buy","maker"
"0.00678000","29.00000000","2024-06-04T23:15:04.974Z","buy","maker"
"0.00678000","74.00000000","2024-06-04T23:15:03.100Z","buy","maker"
"0.00679000","535.00000000","2024-06-04T23:14:08.162Z","sell","maker"
"0.00679000","585.00000000","2024-06-04T23:13:47.091Z","sell","maker"
"0.00678000","7215.00000000","2024-06-04T23:13:41.797Z","buy","maker"
"0.00678000","151.00000000","2024-06-04T23:13:41.797Z","buy","maker"
"0.00679000","717.00000000","2024-06-04T23:12:38.591Z","sell","maker"
"0.00679000","724.00000000","2024-06-04T23:12:35.579Z","sell","maker"
"0.00678000","103.00000000","2024-06-04T23:12:35.523Z","buy","maker"
"0.00678000","56.00000000","2024-06-04T23:11:35.543Z","buy","maker"
"0.00677000","24866.00000000","2024-06-04T23:10:32.631Z","buy","maker"
"0.00678000","21327.00000000","2024-06-04T23:10:32.631Z","buy","maker"
"0.00678000","318.00000000","2024-06-04T23:10:32.631Z","buy","maker"
"0.00679000","10868.00000000","2024-06-04T23:09:48.495Z","sell","maker"
"0.00679000","714.00000000","2024-06-04T23:09:12.530Z","sell","maker"
"0.00678000","205.00000000","2024-06-04T23:08:45.233Z","buy","maker"
"0.00679000","146455.00000000","2024-06-04T23:08:10.710Z","sell","maker"
"0.00678000","56.00000000","2024-06-04T23:08:08.635Z","buy","maker"
"0.00678000","310.00000000","2024-06-04T23:07:14.312Z","buy","maker"
"0.00677000","60059.00000000","2024-06-04T23:06:03.055Z","buy","maker"
"0.00677000","550.00000000","2024-06-04T23:06:03.055Z","buy","maker"
"0.00678000","3494.00000000","2024-06-04T23:06:03.055Z","buy","maker"
"0.00678000","18104.00000000","2024-06-04T23:06:03.055Z","buy","maker"
"0.00678000","29000.00000000","2024-06-04T23:06:03.055Z","buy","maker"
"0.00678000","211952.00000000","2024-06-04T23:06:03.055Z","buy","maker"
"0.00678000","122837.00000000","2024-06-04T23:06:03.055Z","buy","maker"
"0.00678000","52.00000000","2024-06-04T23:05:22.164Z","buy","maker"
"0.00678000","11.00000000","2024-06-04T23:04:18.613Z","buy","maker"
"0.00679000","22412.00000000","2024-06-04T23:04:09.053Z","sell","maker"
"0.00679000","11307.00000000","2024-06-04T23:04:09.053Z","sell","maker"
"0.00679000","5187.00000000","2024-06-04T23:04:09.053Z","sell","maker"
"0.00679000","33995.00000000","2024-06-04T23:04:09.053Z","sell","maker"
"0.00678000","200066.00000000","2024-06-04T23:03:48.327Z","buy","maker"
"0.00678000","8.00000000","2024-06-04T23:03:39.546Z","buy","maker"
"0.00678000","50.00000000","2024-06-04T23:02:53.967Z","buy","maker"
"0.00678000","98.00000000","2024-06-04T23:02:47.367Z","buy","maker"
"0.00678000","128.00000000","2024-06-04T23:02:16.170Z","buy","maker"
"0.00678000","76750.00000000","2024-06-04T23:01:03.426Z","buy","maker"
"0.00678000","20345.00000000","2024-06-04T23:01:03.426Z","buy","maker"
"0.00678000","892.00000000","2024-06-04T23:00:22.677Z","buy","maker"
"0.00679000","2005.00000000","2024-06-04T23:00:03.498Z","sell","maker"
"0.00678000","1963.00000000","2024-06-04T22:59:59.732Z","buy","maker"
"0.00679000","241.00000000","2024-06-04T22:59:25.851Z","buy","maker"
"0.00679000","25839.00000000","2024-06-04T22:59:25.851Z","buy","maker"
"0.00680000","415.00000000","2024-06-04T22:59:16.314Z","buy","maker"
"0.00680000","415.00000000","2024-06-04T22:59:16.303Z","buy","maker"
"0.00678000","926979.00000000","2024-06-04T22:59:15.631Z","buy","maker"
"0.00678000","271809.00000000","2024-06-04T22:59:15.631Z","buy","maker"
"0.00678000","550.00000000","2024-06-04T22:59:15.631Z","buy","maker"
"0.00678000","325863.00000000","2024-06-04T22:59:15.631Z","buy","maker"
"0.00679000","11224.00000000","2024-06-04T22:59:15.631Z","buy","maker"
"0.00679000","290930.00000000","2024-06-04T22:59:15.631Z","buy","maker"
"0.00679000","400000.00000000","2024-06-04T22:59:15.631Z","buy","maker"
"0.00679000","432778.00000000","2024-06-04T22:59:15.631Z","buy","maker"
"0.00679000","26365.00000000","2024-06-04T22:59:15.631Z","buy","maker"
"0.00679000","52731.00000000","2024-06-04T22:59:15.631Z","buy","maker"
"0.00679000","570948.00000000","2024-06-04T22:59:15.631Z","buy","maker"
"0.00679000","108723.00000000","2024-06-04T22:59:15.631Z","buy","maker"
"0.00679000","23200.00000000","2024-06-04T22:59:15.631Z","buy","maker"
"0.00679000","570948.00000000","2024-06-04T22:59:15.631Z","buy","maker"
"0.00679000","217447.00000000","2024-06-04T22:59:15.631Z","buy","maker"
"0.00679000","550.00000000","2024-06-04T22:59:15.631Z","buy","maker"
"0.00679000","1471172.00000000","2024-06-04T22:59:15.631Z","buy","maker"
"0.00680000","29900.00000000","2024-06-04T22:59:15.631Z","buy","maker"
"0.00680000","11224.00000000","2024-06-04T22:59:15.631Z","buy","maker"
"0.00680000","22320.00000000","2024-06-04T22:59:15.631Z","buy","maker"
"0.00680000","9857.00000000","2024-06-04T22:59:15.631Z","buy","maker"
"0.00680000","754.00000000","2024-06-04T22:59:15.631Z","buy","maker"
"0.00680000","27164.00000000","2024-06-04T22:59:15.631Z","buy","maker"
"0.00680000","141.00000000","2024-06-04T22:59:03.861Z","buy","maker"
"0.00680000","79152.00000000","2024-06-04T22:59:01.835Z","buy","maker"
"0.00680000","3381.00000000","2024-06-04T22:59:01.835Z","buy","maker"
"0.00680000","31957.00000000","2024-06-04T22:59:01.835Z","buy","maker"
"0.00680000","29354.00000000","2024-06-04T22:59:01.835Z","buy","maker"
"0.00680000","23000.00000000","2024-06-04T22:59:01.835Z","buy","maker"
"0.00680000","11224.00000000","2024-06-04T22:59:01.835Z","buy","maker"
"0.00680000","22230.00000000","2024-06-04T22:59:01.835Z","buy","maker"
"0.00681000","109.00000000","2024-06-04T22:58:52.279Z","sell","maker"
"0.00680000","48.00000000","2024-06-04T22:58:46.509Z","buy","maker"
"0.00680000","28.00000000","2024-06-04T22:58:24.477Z","buy","maker"
"0.00680000","73.00000000","2024-06-04T22:58:19.373Z","buy","maker"
"0.00681000","4508.00000000","2024-06-04T22:57:39.691Z","sell","maker"
"0.00681000","249.00000000","2024-06-04T22:57:04.227Z","sell","maker"
"0.00680000","312.00000000","2024-06-04T22:54:46.516Z","buy","maker"
"0.00680000","47.00000000","2024-06-04T22:54:36.074Z","buy","maker"
"0.00680000","257.00000000","2024-06-04T22:54:27.192Z","buy","maker"
"0.00681000","46751.00000000","2024-06-04T22:53:42.055Z","sell","maker"
"0.00681000","1452.00000000","2024-06-04T22:53:19.092Z","sell","maker"
"0.00680000","7.00000000","2024-06-04T22:52:58.896Z","buy","maker"
"0.00680000","59.00000000","2024-06-04T22:52:48.297Z","buy","maker"
"0.00682000","709.00000000","2024-06-04T22:52:08.468Z","sell","maker"
"0.00680000","98.00000000","2024-06-04T22:51:55.760Z","buy","maker"
"0.00680000","127.00000000","2024-06-04T22:51:48.856Z","buy","maker"
"0.00680000","114.00000000","2024-06-04T22:51:46.915Z","buy","maker"
"0.00682000","4346.00000000","2024-06-04T22:51:33.592Z","sell","maker"
"0.00682000","108692.00000000","2024-06-04T22:50:52.933Z","sell","maker"
"0.00682000","11224.00000000","2024-06-04T22:50:52.933Z","sell","maker"
"0.00682000","35695.00000000","2024-06-04T22:50:52.933Z","sell","maker"
"0.00681000","4700.00000000","2024-06-04T22:50:32.074Z","buy","maker"
"0.00680000","796.00000000","2024-06-04T22:48:51.771Z","buy","maker"
"0.00682000","849.00000000","2024-06-04T22:48:22.908Z","sell","maker"
"0.00682000","25400.00000000","2024-06-04T22:48:22.908Z","sell","maker"
"0.00682000","19708.00000000","2024-06-04T22:48:22.908Z","sell","maker"
"0.00680000","13.00000000","2024-06-04T22:48:05.273Z","buy","maker"
"0.00681000","8252.00000000","2024-06-04T22:47:27.126Z","sell","maker"
"0.00681000","1748.00000000","2024-06-04T22:47:27.126Z","sell","maker"
"0.00680000","657.00000000","2024-06-04T22:47:14.723Z","buy","maker"
"0.00680000","93.00000000","2024-06-04T22:46:46.771Z","buy","maker"
"0.00681000","1459.00000000","2024-06-04T22:46:10.418Z","sell","maker"
"0.00681000","131.00000000","2024-06-04T22:46:10.400Z","sell","maker"
"0.00682000","3292.00000000","2024-06-04T22:45:36.241Z","sell","maker"
"0.00682000","3966.00000000","2024-06-04T22:45:36.241Z","sell","maker"
"0.00682000","7258.00000000","2024-06-04T22:45:32.096Z","sell","maker"
"0.00681000","4457.00000000","2024-06-04T22:45:15.991Z","buy","maker"
"0.00681000","661.00000000","2024-06-04T22:45:03.322Z","buy","maker"
"0.00682000","7258.00000000","2024-06-04T22:44:48.989Z","sell","maker"
"0.00682000","7258.00000000","2024-06-04T22:44:33.665Z","sell","maker"
"0.00682000","14516.00000000","2024-06-04T22:44:26.266Z","sell","maker"
"0.00680000","243421.00000000","2024-06-04T22:44:02.331Z","buy","maker"
"0.00680000","54362.00000000","2024-06-04T22:44:02.331Z","buy","maker"
"0.00680000","27181.00000000","2024-06-04T22:44:02.331Z","buy","maker"
"0.00680000","550.00000000","2024-06-04T22:44:02.331Z","buy","maker"
"0.00680000","318395.00000000","2024-06-04T22:44:02.331Z","buy","maker"
"0.00681000","26800.00000000","2024-06-04T22:44:02.331Z","buy","maker"
"0.00681000","3337.00000000","2024-06-04T22:44:02.331Z","buy","maker"
"0.00681000","76630.00000000","2024-06-04T22:44:02.331Z","buy","maker"
"0.00682000","2089.00000000","2024-06-04T22:44:00.283Z","sell","maker"
"0.00682000","5169.00000000","2024-06-04T22:44:00.283Z","sell","maker"
"0.00681000","3.00000000","2024-06-04T22:43:39.121Z","buy","maker"
"0.00682000","6055.00000000","2024-06-04T22:43:38.886Z","sell","maker"
"0.00682000","1203.00000000","2024-06-04T22:43:38.886Z","sell","maker"
"0.00681000","9429.00000000","2024-06-04T22:43:36.487Z","buy","maker"
"0.00682000","7258.00000000","2024-06-04T22:43:14.178Z","sell","maker"
"0.00681000","11.00000000","2024-06-04T22:42:43.400Z","buy","maker"
"0.00682000","1452.00000000","2024-06-04T22:41:43.832Z","sell","maker"
"0.00681000","32472.00000000","2024-06-04T22:41:36.112Z","buy","maker"
"0.00683000","3537.00000000","2024-06-04T22:41:18.991Z","sell","maker"
"0.00682000","487.00000000","2024-06-04T22:41:18.991Z","sell","maker"
"0.00682000","11224.00000000","2024-06-04T22:41:18.991Z","sell","maker"
"0.00682000","75000.00000000","2024-06-04T22:41:18.991Z","sell","maker"
"0.00682000","3112.00000000","2024-06-04T22:41:18.991Z","sell","maker"
"0.00681000","12023.00000000","2024-06-04T22:41:13.505Z","buy","maker"
"0.00681000","277.00000000","2024-06-04T22:40:47.579Z","buy","maker"
"0.00682000","13973.00000000","2024-06-04T22:40:25.734Z","sell","maker"
"0.00682000","7258.00000000","2024-06-04T22:38:57.420Z","sell","maker"
"0.00681000","87.00000000","2024-06-04T22:38:40.725Z","buy","maker"
"0.00681000","10.00000000","2024-06-04T22:38:36.973Z","buy","maker"
"0.00681000","56.00000000","2024-06-04T22:38:21.270Z","buy","maker"
"0.00682000","9473.00000000","2024-06-04T22:36:27.431Z","sell","maker"
"0.00681000","461.00000000","2024-06-04T22:36:20.759Z","buy","maker"
"0.00681000","634.00000000","2024-06-04T22:36:10.117Z","sell","maker"
"0.00681000","14162.00000000","2024-06-04T22:36:10.117Z","sell","maker"
"0.00681000","15149.00000000","2024-06-04T22:36:06.831Z","sell","maker"
"0.00680000","2863.00000000","2024-06-04T22:35:15.740Z","buy","maker"
"0.00681000","3876.00000000","2024-06-04T22:32:18.150Z","sell","maker"
"0.00681000","3393.00000000","2024-06-04T22:32:18.150Z","sell","maker"
"0.00680000","796.00000000","2024-06-04T22:31:51.252Z","buy","maker"
"0.00680000","91.00000000","2024-06-04T22:31:24.749Z","buy","maker"
"0.00680000","10461.00000000","2024-06-04T22:31:20.153Z","buy","maker"
"0.00680000","37.00000000","2024-06-04T22:31:12.727Z","buy","maker"
"0.00680000","1067357.00000000","2024-06-04T22:29:33.884Z","buy","maker"
"0.00681000","11195.00000000","2024-06-04T22:29:33.884Z","buy","maker"
"0.00681000","31661.00000000","2024-06-04T22:29:33.884Z","buy","maker"
"0.00681000","3376.00000000","2024-06-04T22:29:33.884Z","buy","maker"
"0.00681000","24500.00000000","2024-06-04T22:29:33.884Z","buy","maker"
"0.00681000","550.00000000","2024-06-04T22:29:33.884Z","buy","maker"
"0.00681000","1320047.00000000","2024-06-04T22:29:33.884Z","buy","maker"
"0.00682000","2177.00000000","2024-06-04T22:28:38.089Z","sell","maker"
"0.00681000","49.00000000","2024-06-04T22:28:17.875Z","buy","maker"
"0.00681000","52.00000000","2024-06-04T22:27:37.484Z","buy","maker"
"0.00682000","34.00000000","2024-06-04T22:27:12.257Z","sell","maker"
"0.00682000","14516.00000000","2024-06-04T22:25:54.798Z","sell","maker"
"0.00681000","216.00000000","2024-06-04T22:25:41.349Z","buy","maker"
"0.00682000","5000.00000000","2024-06-04T22:23:51.498Z","sell","maker"
"0.00681000","5500.00000000","2024-06-04T22:23:26.443Z","buy","maker"
"0.00681000","113.00000000","2024-06-04T22:23:24.450Z","buy","maker"
"0.00681000","73000.00000000","2024-06-04T22:23:10.260Z","buy","maker"
"0.00681000","256.00000000","2024-06-04T22:23:08.045Z","buy","maker"
"0.00681000","7735.00000000","2024-06-04T22:22:56.494Z","buy","maker"
"0.00681000","112.00000000","2024-06-04T22:21:54.536Z","buy","maker"
"0.00681000","701.00000000","2024-06-04T22:21:21.832Z","buy","maker"
"0.00682000","708.00000000","2024-06-04T22:21:00.530Z","sell","maker"
"0.00681000","125.00000000","2024-06-04T22:20:56.011Z","buy","maker"
"0.00681000","436.00000000","2024-06-04T22:20:28.090Z","buy","maker"
"0.00683000","1455.00000000","2024-06-04T22:20:07.141Z","sell","maker"
"0.00681000","106.00000000","2024-06-04T22:19:53.266Z","buy","maker"
"0.00683000","2336.00000000","2024-06-04T22:19:34.592Z","sell","maker"
"0.00683000","347.00000000","2024-06-04T22:19:34.592Z","sell","maker"
"0.00681000","676.00000000","2024-06-04T22:17:56.773Z","buy","maker"
"0.00681000","153.00000000","2024-06-04T22:16:57.775Z","buy","maker"
"0.00681000","379.00000000","2024-06-04T22:16:00.266Z","buy","maker"
"0.00681000","43.00000000","2024-06-04T22:14:28.621Z","buy","maker"
"0.00681000","35.00000000","2024-06-04T22:14:26.735Z","buy","maker"
"0.00681000","1479.00000000","2024-06-04T22:14:15.853Z","buy","maker"
"0.00681000","26001.00000000","2024-06-04T22:13:58.254Z","buy","maker"
"0.00682000","76.00000000","2024-06-04T22:13:29.079Z","buy","maker"
"0.00682000","205.00000000","2024-06-04T22:12:29.318Z","buy","maker"
"0.00682000","7984.00000000","2024-06-04T22:11:26.970Z","sell","maker"
"0.00682000","21157.00000000","2024-06-04T22:11:16.128Z","sell","maker"
"0.00681000","206.00000000","2024-06-04T22:11:12.627Z","buy","maker"
"0.00681000","9.00000000","2024-06-04T22:09:18.356Z","buy","maker"
"0.00681000","204.00000000","2024-06-04T22:09:03.258Z","buy","maker"
"0.00681000","360.00000000","2024-06-04T22:08:56.699Z","buy","maker"
"0.00681000","7425.00000000","2024-06-04T22:08:37.464Z","buy","maker"
"0.00682000","14582.00000000","2024-06-04T22:05:12.555Z","sell","maker"
"0.00681000","319.00000000","2024-06-04T22:04:21.645Z","buy","maker"
"0.00681000","50918.00000000","2024-06-04T22:03:13.986Z","buy","maker"
"0.00681000","4657.00000000","2024-06-04T22:02:58.102Z","buy","maker"
"0.00681000","89144.00000000","2024-06-04T22:02:58.102Z","buy","maker"
"0.00682000","709.00000000","2024-06-04T22:02:28.886Z","sell","maker"
"0.00681000","958.00000000","2024-06-04T22:02:18.377Z","buy","maker"
"0.00681000","25.00000000","2024-06-04T22:01:32.654Z","buy","maker"
"0.00681000","158037.00000000","2024-06-04T22:01:10.788Z","buy","maker"
"0.00682000","23000.00000000","2024-06-04T22:01:10.788Z","buy","maker"
"0.00682000","19608.00000000","2024-06-04T22:01:10.788Z","buy","maker"
"0.00682000","49.00000000","2024-06-04T22:00:13.798Z","buy","maker"
"0.00682000","233.00000000","2024-06-04T22:00:10.805Z","buy","maker"
"0.00683000","9334.00000000","2024-06-04T21:58:50.221Z","sell","maker"
"0.00683000","11164.00000000","2024-06-04T21:58:50.221Z","sell","maker"
"0.00683000","23000.00000000","2024-06-04T21:58:50.221Z","sell","maker"
"0.00683000","32100.00000000","2024-06-04T21:58:50.221Z","sell","maker"
"0.00683000","38580.00000000","2024-06-04T21:58:50.221Z","sell","maker"
"0.00683000","11164.00000000","2024-06-04T21:58:50.221Z","sell","maker"
"0.00682000","38539.00000000","2024-06-04T21:58:50.221Z","sell","maker"
"0.00682000","31700.00000000","2024-06-04T21:58:50.221Z","sell","maker"
"0.00682000","5064.00000000","2024-06-04T21:58:50.221Z","sell","maker"
"0.00681000","855.00000000","2024-06-04T21:57:48.045Z","buy","maker"
"0.00682000","835.00000000","2024-06-04T21:56:55.319Z","buy","maker"
"0.00682000","11730.00000000","2024-06-04T21:56:55.314Z","buy","maker"
"0.00682000","831.00000000","2024-06-04T21:56:55.314Z","buy","maker"
"0.00682000","22433.00000000","2024-06-04T21:56:55.314Z","buy","maker"
"0.00682000","25.00000000","2024-06-04T21:56:39.250Z","buy","maker"
"0.00682000","199.00000000","2024-06-04T21:56:37.765Z","buy","maker"
"0.00682000","343.00000000","2024-06-04T21:55:55.752Z","buy","maker"
"0.00682000","132780.00000000","2024-06-04T21:55:43.933Z","buy","maker"
"0.00682000","3414.00000000","2024-06-04T21:55:43.933Z","buy","maker"
"0.00682000","12930.00000000","2024-06-04T21:55:43.933Z","buy","maker"
"0.00682000","23000.00000000","2024-06-04T21:55:43.933Z","buy","maker"
"0.00682000","15843.00000000","2024-06-04T21:55:43.933Z","buy","maker"
"0.00682000","94.00000000","2024-06-04T21:54:55.906Z","buy","maker"
"0.00683000","2188.00000000","2024-06-04T21:54:43.799Z","sell","maker"
"0.00682000","261.00000000","2024-06-04T21:54:11.952Z","buy","maker"
"0.00682000","51.00000000","2024-06-04T21:53:55.734Z","buy","maker"
"0.00682000","244.00000000","2024-06-04T21:51:57.386Z","buy","maker"
"0.00682000","25843.00000000","2024-06-04T21:51:57.386Z","buy","maker"
"0.00682000","17.00000000","2024-06-04T21:51:12.639Z","buy","maker"
"0.00683000","632.00000000","2024-06-04T21:51:12.120Z","sell","maker"
"0.00682000","11728.00000000","2024-06-04T21:50:19.260Z","buy","maker"
"0.00683000","691.00000000","2024-06-04T21:50:18.512Z","sell","maker"
"0.00684000","25411.00000000","2024-06-04T21:50:18.482Z","sell","maker"
"0.00684000","164416.00000000","2024-06-04T21:50:18.482Z","sell","maker"
"0.00684000","23000.00000000","2024-06-04T21:50:18.482Z","sell","maker"
"0.00684000","100000.00000000","2024-06-04T21:50:18.482Z","sell","maker"
"0.00684000","100000.00000000","2024-06-04T21:50:18.482Z","sell","maker"
"0.00684000","32146.00000000","2024-06-04T21:50:18.482Z","sell","maker"
"0.00684000","550.00000000","2024-06-04T21:50:18.482Z","sell","maker"
"0.00683000","521405.00000000","2024-06-04T21:50:18.482Z","sell","maker"
"0.00683000","11200.00000000","2024-06-04T21:50:18.482Z","sell","maker"
"0.00683000","11200.00000000","2024-06-04T21:50:18.482Z","sell","maker"
"0.00683000","400000.00000000","2024-06-04T21:50:18.482Z","sell","maker"
"0.00683000","41104.00000000","2024-06-04T21:50:18.482Z","sell","maker"
"0.00683000","20552.00000000","2024-06-04T21:50:18.482Z","sell","maker"
"0.00683000","100000.00000000","2024-06-04T21:50:18.482Z","sell","maker"
"0.00683000","550.00000000","2024-06-04T21:50:18.482Z","sell","maker"
"0.00683000","23000.00000000","2024-06-04T21:50:18.482Z","sell","maker"
"0.00683000","52926.00000000","2024-06-04T21:50:18.482Z","sell","maker"
"0.00682000","38370.00000000","2024-06-04T21:50:18.482Z","sell","maker"
"0.00682000","31212.00000000","2024-06-04T21:50:18.482Z","sell","maker"
"0.00682000","30720.00000000","2024-06-04T21:50:18.482Z","sell","maker"
"0.00681000","65.00000000","2024-06-04T21:49:41.134Z","buy","maker"
"0.00681000","5434.00000000","2024-06-04T21:48:02.453Z","buy","maker"
"0.00681000","26500.00000000","2024-06-04T21:47:58.708Z","buy","maker"
"0.00682000","280.00000000","2024-06-04T21:47:52.157Z","sell","maker"
"0.00681000","15449.00000000","2024-06-04T21:47:49.977Z","buy","maker"
"0.00681000","3569.00000000","2024-06-04T21:46:41.315Z","buy","maker"
"0.00681000","4852.00000000","2024-06-04T21:45:56.253Z","buy","maker"
"0.00681000","11.00000000","2024-06-04T21:45:33.695Z","buy","maker"
"0.00682000","14516.00000000","2024-06-04T21:45:27.507Z","sell","maker"
"0.00681000","2962.00000000","2024-06-04T21:45:16.480Z","buy","maker"
"0.00681000","63240.00000000","2024-06-04T21:45:13.099Z","buy","maker"
"0.00681000","61575.00000000","2024-06-04T21:45:06.007Z","buy","maker"
"0.00681000","819.00000000","2024-06-04T21:44:49.085Z","buy","maker"
"0.00681000","4776.00000000","2024-06-04T21:44:31.826Z","buy","maker"
"0.00682000","170.00000000","2024-06-04T21:44:20.630Z","sell","maker"
"0.00682000","5763.00000000","2024-06-04T21:44:20.604Z","sell","maker"
"0.00682000","400000.00000000","2024-06-04T21:44:20.604Z","sell","maker"
"0.00682000","18886.00000000","2024-06-04T21:44:20.604Z","sell","maker"
"0.00681000","66929.00000000","2024-06-04T21:44:05.852Z","buy","maker"
"0.00682000","656.00000000","2024-06-04T21:43:47.954Z","sell","maker"
"0.00682000","7258.00000000","2024-06-04T21:43:39.454Z","sell","maker"
"0.00681000","11848.00000000","2024-06-04T21:43:38.914Z","buy","maker"
"0.00681000","59542.00000000","2024-06-04T21:43:34.256Z","buy","maker"
"0.00681000","59542.00000000","2024-06-04T21:43:32.551Z","buy","maker"
"0.00681000","52708.00000000","2024-06-04T21:43:31.137Z","buy","maker"
"0.00681000","8254.00000000","2024-06-04T21:43:13.863Z","buy","maker"
"0.00681000","18425.00000000","2024-06-04T21:42:42.365Z","buy","maker"
"0.00681000","12581.00000000","2024-06-04T21:41:54.105Z","buy","maker"
"0.00681000","11320.00000000","2024-06-04T21:41:52.925Z","buy","maker"
"0.00681000","4704.00000000","2024-06-04T21:41:52.142Z","buy","maker"
"0.00681000","81372.00000000","2024-06-04T21:41:51.598Z","buy","maker"
"0.00681000","81372.00000000","2024-06-04T21:41:50.496Z","buy","maker"
"0.00681000","81827.00000000","2024-06-04T21:41:49.848Z","buy","maker"
"0.00681000","81827.00000000","2024-06-04T21:41:47.255Z","buy","maker"
"0.00682000","7548.00000000","2024-06-04T21:41:44.975Z","sell","maker"
"0.00682000","550.00000000","2024-06-04T21:41:44.975Z","sell","maker"
"0.00682000","27525.00000000","2024-06-04T21:41:44.975Z","sell","maker"
"0.00682000","72475.00000000","2024-06-04T21:41:10.134Z","sell","maker"
"0.00682000","106.00000000","2024-06-04T21:41:10.134Z","sell","maker"
"0.00681000","7850.00000000","2024-06-04T21:40:56.376Z","buy","maker"
"0.00681000","8.00000000","2024-06-04T21:40:54.134Z","buy","maker"
"0.00681000","7312.00000000","2024-06-04T21:40:11.153Z","buy","maker"
"0.00681000","773.00000000","2024-06-04T21:38:59.016Z","buy","maker"
"0.00681000","414844.00000000","2024-06-04T21:38:11.771Z","buy","maker"
"0.00681000","11268.00000000","2024-06-04T21:38:11.771Z","buy","maker"
"0.00681000","13350.00000000","2024-06-04T21:38:11.771Z","buy","maker"
"0.00681000","48.00000000","2024-06-04T21:37:35.399Z","buy","maker"
"0.00681000","54.00000000","2024-06-04T21:37:27.334Z","buy","maker"
"0.00681000","243.00000000","2024-06-04T21:37:23.678Z","buy","maker"
"0.00681000","3529.00000000","2024-06-04T21:37:22.259Z","sell","maker"
"0.00680000","259.00000000","2024-06-04T21:37:09.325Z","buy","maker"
"0.00680000","2347.00000000","2024-06-04T21:34:34.523Z","buy","maker"
"0.00680000","223.00000000","2024-06-04T21:34:16.378Z","buy","maker"
"0.00680000","3510.00000000","2024-06-04T21:34:05.876Z","buy","maker"
"0.00680000","60.00000000","2024-06-04T21:34:05.327Z","buy","maker"
"0.00681000","10283.00000000","2024-06-04T21:34:02.459Z","sell","maker"
"0.00681000","213188.00000000","2024-06-04T21:34:02.459Z","sell","maker"
"0.00681000","15732.00000000","2024-06-04T21:34:02.459Z","sell","maker"
"0.00680000","108.00000000","2024-06-04T21:33:54.140Z","buy","maker"
"0.00679000","1457.00000000","2024-06-04T21:33:26.511Z","buy","maker"
"0.00679000","3536.00000000","2024-06-04T21:33:26.511Z","buy","maker"
"0.00679000","11564.00000000","2024-06-04T21:33:26.511Z","buy","maker"
"0.00679000","8542.00000000","2024-06-04T21:31:04.512Z","buy","maker"
"0.00680000","12626.00000000","2024-06-04T21:30:51.179Z","sell","maker"
"0.00680000","25900.00000000","2024-06-04T21:30:51.179Z","sell","maker"
"0.00679000","201.00000000","2024-06-04T21:30:07.906Z","buy","maker"
"0.00679000","275.00000000","2024-06-04T21:29:37.160Z","buy","maker"
"0.00679000","93.00000000","2024-06-04T21:28:37.941Z","buy","maker"
"0.00679000","6611.00000000","2024-06-04T21:28:11.899Z","buy","maker"
"0.00679000","22472.00000000","2024-06-04T21:28:11.899Z","buy","maker"
"0.00679000","7764.00000000","2024-06-04T21:28:11.899Z","buy","maker"
"0.00679000","1152.00000000","2024-06-04T21:28:11.899Z","buy","maker"
"0.00679000","29148.00000000","2024-06-04T21:27:54.748Z","buy","maker"
"0.00681000","7268.00000000","2024-06-04T21:27:45.698Z","sell","maker"
"0.00681000","27900.00000000","2024-06-04T21:27:45.698Z","sell","maker"
"0.00681000","500.00000000","2024-06-04T21:27:45.698Z","sell","maker"
"0.00681000","66810.00000000","2024-06-04T21:27:45.698Z","sell","maker"
"0.00680000","41164.00000000","2024-06-04T21:27:45.698Z","sell","maker"
"0.00680000","2840.00000000","2024-06-04T21:27:45.698Z","sell","maker"
"0.00679000","2820.00000000","2024-06-04T21:27:24.684Z","buy","maker"
"0.00678000","51.00000000","2024-06-04T21:25:37.285Z","buy","maker"
"0.00678000","28.00000000","2024-06-04T21:25:17.951Z","buy","maker"
"0.00678000","111726.00000000","2024-06-04T21:25:05.432Z","buy","maker"
"0.00678000","31.00000000","2024-06-04T21:24:47.362Z","buy","maker"
"0.00678000","55.00000000","2024-06-04T21:24:36.632Z","buy","maker"
"0.00678000","3.00000000","2024-06-04T21:23:39.129Z","buy","maker"
"0.00678000","7735.00000000","2024-06-04T21:22:55.583Z","buy","maker"
"0.00680000","24291.00000000","2024-06-04T21:22:18.306Z","sell","maker"
"0.00679000","4834.00000000","2024-06-04T21:22:18.306Z","sell","maker"
"0.00678000","106.00000000","2024-06-04T21:22:09.149Z","buy","maker"
"0.00678000","3755.00000000","2024-06-04T21:21:07.525Z","buy","maker"
"0.00678000","29.00000000","2024-06-04T21:18:29.707Z","buy","maker"
"0.00678000","153.00000000","2024-06-04T21:18:21.597Z","buy","maker"
"0.00679000","313.00000000","2024-06-04T21:18:21.597Z","buy","maker"
"0.00679000","169.00000000","2024-06-04T21:18:15.969Z","buy","maker"
"0.00679000","68.00000000","2024-06-04T21:17:20.970Z","buy","maker"
"0.00680000","4451.00000000","2024-06-04T21:15:32.822Z","buy","maker"
"0.00680000","248.00000000","2024-06-04T21:15:32.822Z","buy","maker"
"0.00680000","3380.00000000","2024-06-04T21:15:32.822Z","buy","maker"
"0.00680000","16837.00000000","2024-06-04T21:14:55.302Z","buy","maker"
"0.00680000","300.00000000","2024-06-04T21:14:55.302Z","buy","maker"
"0.00680000","11238.00000000","2024-06-04T21:14:55.302Z","buy","maker"
"0.00680000","11878.00000000","2024-06-04T21:14:55.302Z","buy","maker"
"0.00680000","164.00000000","2024-06-04T21:14:44.794Z","buy","maker"
"0.00680000","172.00000000","2024-06-04T21:14:41.590Z","buy","maker"
"0.00680000","179.00000000","2024-06-04T21:11:40.797Z","buy","maker"
"0.00680000","37.00000000","2024-06-04T21:11:26.151Z","buy","maker"
"0.00680000","15757.00000000","2024-06-04T21:11:24.724Z","buy","maker"
"0.00681000","18.00000000","2024-06-04T21:11:11.229Z","sell","maker"
"0.00680000","101.00000000","2024-06-04T21:10:39.152Z","buy","maker"
"0.00681000","7499.00000000","2024-06-04T21:10:07.604Z","sell","maker"
"0.00681000","673.00000000","2024-06-04T21:09:33.741Z","sell","maker"
"0.00680000","401.00000000","2024-06-04T21:09:00.623Z","buy","maker"
"0.00680000","213188.00000000","2024-06-04T21:08:19.955Z","buy","maker"
"0.00680000","550.00000000","2024-06-04T21:08:19.955Z","buy","maker"
"0.00680000","23000.00000000","2024-06-04T21:08:19.955Z","buy","maker"
"0.00680000","26200.00000000","2024-06-04T21:08:19.955Z","buy","maker"
"0.00681000","11204.00000000","2024-06-04T21:08:19.955Z","buy","maker"
"0.00681000","23000.00000000","2024-06-04T21:08:19.955Z","buy","maker"
"0.00681000","24429.00000000","2024-06-04T21:08:19.955Z","buy","maker"
"0.00681000","3430.00000000","2024-06-04T21:08:19.955Z","buy","maker"
"0.00681000","61.00000000","2024-06-04T21:07:11.354Z","buy","maker"
"0.00681000","58.00000000","2024-06-04T21:07:02.761Z","buy","maker"
"0.00681000","1062.00000000","2024-06-04T21:06:16.735Z","buy","maker"
"0.00682000","514.00000000","2024-06-04T21:06:05.247Z","sell","maker"
"0.00683000","47074.00000000","2024-06-04T21:06:05.218Z","sell","maker"
"0.00683000","226050.00000000","2024-06-04T21:06:05.218Z","sell","maker"
"0.00683000","400000.00000000","2024-06-04T21:06:05.218Z","sell","maker"
"0.00683000","23000.00000000","2024-06-04T21:06:05.218Z","sell","maker"
"0.00683000","550.00000000","2024-06-04T21:06:05.218Z","sell","maker"
"0.00682000","11246.00000000","2024-06-04T21:06:05.218Z","sell","maker"
"0.00682000","11246.00000000","2024-06-04T21:06:05.218Z","sell","maker"
"0.00682000","80223.00000000","2024-06-04T21:06:05.218Z","sell","maker"
"0.00682000","290930.00000000","2024-06-04T21:06:05.218Z","sell","maker"
"0.00682000","66614.00000000","2024-06-04T21:06:05.218Z","sell","maker"
"0.00682000","3737.00000000","2024-06-04T21:06:05.218Z","sell","maker"
"0.00682000","22540.00000000","2024-06-04T21:06:05.218Z","sell","maker"
"0.00682000","31500.00000000","2024-06-04T21:06:05.218Z","sell","maker"
"0.00682000","550.00000000","2024-06-04T21:06:05.218Z","sell","maker"
"0.00682000","23000.00000000","2024-06-04T21:06:05.218Z","sell","maker"
"0.00681000","41233.00000000","2024-06-04T21:06:05.218Z","sell","maker"
"0.00681000","4525.00000000","2024-06-04T21:06:05.218Z","sell","maker"
"0.00680000","104.00000000","2024-06-04T21:05:57.148Z","buy","maker"
"0.00680000","106.00000000","2024-06-04T21:05:15.277Z","buy","maker"
"0.00680000","339.00000000","2024-06-04T21:05:15.277Z","buy","maker"
"0.00679000","80223.00000000","2024-06-04T21:04:20.334Z","buy","maker"
"0.00679000","10742.00000000","2024-06-04T21:04:20.334Z","buy","maker"
"0.00679000","200.00000000","2024-06-04T21:04:20.334Z","buy","maker"
"0.00679000","31300.00000000","2024-06-04T21:04:20.334Z","buy","maker"
"0.00680000","602.00000000","2024-06-04T21:04:20.334Z","buy","maker"
"0.00680000","7625.00000000","2024-06-04T21:04:20.334Z","buy","maker"
"0.00680000","11258.00000000","2024-06-04T21:04:20.334Z","buy","maker"
"0.00680000","34050.00000000","2024-06-04T21:04:20.334Z","buy","maker"
"0.00680000","49.00000000","2024-06-04T21:04:07.178Z","buy","maker"
"0.00681000","583.00000000","2024-06-04T21:03:45.507Z","sell","maker"
"0.00680000","42.00000000","2024-06-04T21:03:33.882Z","buy","maker"
"0.00680000","197.00000000","2024-06-04T21:02:48.055Z","buy","maker"
"0.00681000","3242.00000000","2024-06-04T21:01:48.120Z","sell","maker"
"0.00681000","18017.00000000","2024-06-04T21:01:48.120Z","sell","maker"
"0.00681000","712.00000000","2024-06-04T21:01:48.120Z","sell","maker"
"0.00680000","7396.00000000","2024-06-04T21:01:22.161Z","buy","maker"
"0.00680000","3670.00000000","2024-06-04T21:01:22.161Z","buy","maker"
"0.00680000","1017.00000000","2024-06-04T21:00:45.425Z","sell","maker"
"0.00680000","751.00000000","2024-06-04T21:00:33.817Z","buy","maker"
"0.00680000","169.00000000","2024-06-04T21:00:26.633Z","buy","maker"
"0.00680000","50.00000000","2024-06-04T20:59:53.641Z","buy","maker"
"0.00680000","7.00000000","2024-06-04T20:56:29.469Z","buy","maker"
"0.00681000","461.00000000","2024-06-04T20:56:05.762Z","sell","maker"
"0.00681000","251.00000000","2024-06-04T20:56:05.762Z","sell","maker"
"0.00681000","299.00000000","2024-06-04T20:54:56.339Z","sell","maker"
"0.00680000","112601.00000000","2024-06-04T20:54:51.989Z","sell","maker"
"0.00680000","30096.00000000","2024-06-04T20:54:51.984Z","sell","maker"
"0.00680000","23000.00000000","2024-06-04T20:54:51.984Z","sell","maker"
"0.00680000","154.00000000","2024-06-04T20:54:51.984Z","sell","maker"
"0.00678000","927.00000000","2024-06-04T20:53:41.875Z","buy","maker"
"0.00678000","50.00000000","2024-06-04T20:53:30.364Z","buy","maker"
"0.00678000","14875.00000000","2024-06-04T20:50:56.470Z","buy","maker"
"0.00678000","405.00000000","2024-06-04T20:50:19.707Z","buy","maker"
"0.00678000","14.00000000","2024-06-04T20:50:04.039Z","buy","maker"
"0.00678000","48.00000000","2024-06-04T20:50:03.173Z","buy","maker"
"0.00678000","28380.00000000","2024-06-04T20:50:00.913Z","buy","maker"
"0.00679000","733.00000000","2024-06-04T20:50:00.913Z","buy","maker"
"0.00680000","396.00000000","2024-06-04T20:49:37.908Z","sell","maker"
"0.00678000","5707.00000000","2024-06-04T20:49:21.838Z","sell","maker"
"0.00678000","230811.00000000","2024-06-04T20:49:21.838Z","sell","maker"
"0.00678000","5531.00000000","2024-06-04T20:49:21.838Z","sell","maker"
"0.00677000","4.00000000","2024-06-04T20:49:18.019Z","buy","maker"
"0.00677000","5605.00000000","2024-06-04T20:48:39.906Z","buy","maker"
"0.00677000","1257.00000000","2024-06-04T20:47:31.516Z","buy","maker"
"0.00677000","54.00000000","2024-06-04T20:47:26.194Z","buy","maker"
"0.00677000","50.00000000","2024-06-04T20:47:24.983Z","buy","maker"
"0.00677000","55.00000000","2024-06-04T20:47:06.692Z","buy","maker"
"0.00677000","951.00000000","2024-06-04T20:46:57.762Z","buy","maker"
"0.00677000","10569.00000000","2024-06-04T20:46:57.565Z","buy","maker"
"0.00677000","4224.00000000","2024-06-04T20:46:57.362Z","buy","maker"
"0.00677000","218.00000000","2024-06-04T20:46:57.362Z","buy","maker"
"0.00677000","10514.00000000","2024-06-04T20:46:57.362Z","buy","maker"
"0.00677000","7437.00000000","2024-06-04T20:46:57.164Z","buy","maker"
"0.00677000","15098.00000000","2024-06-04T20:46:56.963Z","buy","maker"
"0.00677000","39.00000000","2024-06-04T20:46:53.269Z","buy","maker"
"0.00677000","447.00000000","2024-06-04T20:46:20.024Z","buy","maker"
"0.00677000","165.00000000","2024-06-04T20:45:59.806Z","buy","maker"
"0.00678000","3.00000000","2024-06-04T20:45:46.731Z","buy","maker"
"0.00678000","247.00000000","2024-06-04T20:45:46.731Z","buy","maker"
"0.00678000","11056.00000000","2024-06-04T20:45:36.493Z","buy","maker"
"0.00679000","729.00000000","2024-06-04T20:44:41.945Z","sell","maker"
"0.00678000","106.00000000","2024-06-04T20:44:16.996Z","buy","maker"
"0.00678000","11.00000000","2024-06-04T20:44:09.155Z","buy","maker"
"0.00678000","325.00000000","2024-06-04T20:44:09.155Z","buy","maker"
"0.00678000","15253.00000000","2024-06-04T20:43:39.680Z","buy","maker"
"0.00678000","437.00000000","2024-06-04T20:43:39.680Z","buy","maker"
"0.00678000","14540.00000000","2024-06-04T20:43:35.326Z","buy","maker"
"0.00678000","2880.00000000","2024-06-04T20:43:35.326Z","buy","maker"
"0.00678000","11335.00000000","2024-06-04T20:43:35.326Z","buy","maker"
"0.00678000","744.00000000","2024-06-04T20:43:35.326Z","buy","maker"
"0.00679000","7101.00000000","2024-06-04T20:43:05.070Z","sell","maker"
"0.00679000","3665.00000000","2024-06-04T20:42:59.374Z","sell","maker"
"0.00677000","3942.00000000","2024-06-04T20:41:43.072Z","buy","maker"
"0.00677000","19187.00000000","2024-06-04T20:41:43.072Z","buy","maker"
"0.00677000","11335.00000000","2024-06-04T20:41:43.072Z","buy","maker"
"0.00677000","8537.00000000","2024-06-04T20:41:43.072Z","buy","maker"
"0.00678000","3782.00000000","2024-06-04T20:41:43.072Z","buy","maker"
"0.00678000","100492.00000000","2024-06-04T20:41:43.072Z","buy","maker"
"0.00678000","7666.00000000","2024-06-04T20:41:34.628Z","buy","maker"
"0.00678000","11952.00000000","2024-06-04T20:41:18.495Z","buy","maker"
"0.00678000","25859.00000000","2024-06-04T20:40:24.159Z","sell","maker"
"0.00678000","1154.00000000","2024-06-04T20:40:24.159Z","sell","maker"
"0.00677000","604.00000000","2024-06-04T20:40:17.409Z","buy","maker"
"0.00677000","8193.00000000","2024-06-04T20:39:59.646Z","buy","maker"
"0.00677000","52.00000000","2024-06-04T20:39:14.003Z","buy","maker"
"0.00677000","899.00000000","2024-06-04T20:38:20.470Z","buy","maker"
"0.00677000","7615.00000000","2024-06-04T20:37:59.484Z","buy","maker"
"0.00678000","1162.00000000","2024-06-04T20:37:30.750Z","buy","maker"
"0.00678000","2667.00000000","2024-06-04T20:37:03.644Z","buy","maker"
"0.00678000","38.00000000","2024-06-04T20:36:43.825Z","buy","maker"
"0.00678000","458.00000000","2024-06-04T20:36:35.736Z","buy","maker"
"0.00678000","1985.00000000","2024-06-04T20:36:35.482Z","buy","maker"
"0.00678000","50.00000000","2024-06-04T20:36:08.693Z","buy","maker"
"0.00679000","1337.00000000","2024-06-04T20:35:43.269Z","sell","maker"
"0.00679000","313.00000000","2024-06-04T20:35:43.269Z","sell","maker"
"0.00678000","22912.00000000","2024-06-04T20:33:25.036Z","sell","maker"
"0.00678000","4541.00000000","2024-06-04T20:33:25.036Z","sell","maker"
"0.00677000","7085.00000000","2024-06-04T20:32:52.550Z","buy","maker"
"0.00677000","11340.00000000","2024-06-04T20:32:52.550Z","buy","maker"
"0.00677000","271.00000000","2024-06-04T20:32:52.550Z","buy","maker"
"0.00677000","7200.00000000","2024-06-04T20:32:50.227Z","buy","maker"
"0.00677000","22342.00000000","2024-06-04T20:32:50.227Z","buy","maker"
"0.00677000","20.00000000","2024-06-04T20:32:44.301Z","buy","maker"
"0.00677000","2622.00000000","2024-06-04T20:32:43.295Z","buy","maker"
"0.00677000","540.00000000","2024-06-04T20:32:43.295Z","buy","maker"
"0.00677000","10526.00000000","2024-06-04T20:32:42.073Z","buy","maker"
"0.00677000","60.00000000","2024-06-04T20:32:39.407Z","buy","maker"
"0.00677000","14936.00000000","2024-06-04T20:32:18.378Z","buy","maker"
"0.00677000","3638.00000000","2024-06-04T20:32:17.455Z","buy","maker"
"0.00677000","3710.00000000","2024-06-04T20:32:17.455Z","buy","maker"
"0.00677000","101.00000000","2024-06-04T20:32:00.173Z","buy","maker"
"0.00678000","507.00000000","2024-06-04T20:31:17.891Z","sell","maker"
"0.00677000","81.00000000","2024-06-04T20:31:08.212Z","buy","maker"
"0.00676000","118.00000000","2024-06-04T20:30:40.556Z","buy","maker"
"0.00677000","32.00000000","2024-06-04T20:29:11.014Z","buy","maker"
"0.00678000","721.00000000","2024-06-04T20:29:04.952Z","sell","maker"
"0.00677000","249.00000000","2024-06-04T20:28:32.526Z","buy","maker"
"0.00677000","29.00000000","2024-06-04T20:28:03.836Z","buy","maker"
"0.00677000","110.00000000","2024-06-04T20:26:16.295Z","buy","maker"
"0.00677000","59.00000000","2024-06-04T20:25:56.897Z","buy","maker"
"0.00677000","10342.00000000","2024-06-04T20:24:51.178Z","buy","maker"
"0.00677000","10.00000000","2024-06-04T20:24:51.178Z","buy","maker"
"0.00677000","550.00000000","2024-06-04T20:24:51.178Z","buy","maker"
"0.00678000","1463.00000000","2024-06-04T20:24:48.571Z","sell","maker"
"0.00678000","1463.00000000","2024-06-04T20:23:48.203Z","sell","maker"
"0.00678000","7735.00000000","2024-06-04T20:22:54.420Z","buy","maker"
"0.00678000","109.00000000","2024-06-04T20:22:04.694Z","buy","maker"
"0.00679000","147.00000000","2024-06-04T20:21:46.380Z","sell","maker"
"0.00678000","50.00000000","2024-06-04T20:21:10.211Z","buy","maker"
"0.00678000","112.00000000","2024-06-04T20:20:34.851Z","buy","maker"
"0.00678000","56.00000000","2024-06-04T20:20:33.488Z","buy","maker"
"0.00678000","346.00000000","2024-06-04T20:20:13.120Z","buy","maker"
"0.00678000","102.00000000","2024-06-04T20:20:03.066Z","buy","maker"
"0.00678000","9405.00000000","2024-06-04T20:19:45.207Z","buy","maker"
"0.00678000","3.00000000","2024-06-04T20:19:37.213Z","buy","maker"
"0.00678000","10772.00000000","2024-06-04T20:19:24.228Z","buy","maker"
"0.00678000","4822.00000000","2024-06-04T20:19:05.615Z","buy","maker"
"0.00679000","21325.00000000","2024-06-04T20:19:00.711Z","sell","maker"
"0.00678000","3205.00000000","2024-06-04T20:18:19.141Z","buy","maker"
"0.00678000","107.00000000","2024-06-04T20:18:16.681Z","buy","maker"
"0.00678000","445.00000000","2024-06-04T20:17:57.051Z","buy","maker"
"0.00679000","2813.00000000","2024-06-04T20:17:11.223Z","buy","maker"
"0.00679000","361.00000000","2024-06-04T20:17:11.223Z","buy","maker"
"0.00679000","826.00000000","2024-06-04T20:17:11.223Z","buy","maker"
"0.00679000","8921.00000000","2024-06-04T20:16:26.910Z","buy","maker"
"0.00679000","551.00000000","2024-06-04T20:16:26.910Z","buy","maker"
"0.00679000","23831.00000000","2024-06-04T20:16:26.910Z","buy","maker"
"0.00679000","30100.00000000","2024-06-04T20:16:26.910Z","buy","maker"
"0.00679000","86597.00000000","2024-06-04T20:16:26.910Z","buy","maker"
"0.00678000","71288.00000000","2024-06-04T20:15:46.206Z","buy","maker"
"0.00678000","24100.00000000","2024-06-04T20:15:46.206Z","buy","maker"
"0.00678000","550.00000000","2024-06-04T20:15:46.206Z","buy","maker"
"0.00678000","28371.00000000","2024-06-04T20:15:46.206Z","buy","maker"
"0.00679000","9747.00000000","2024-06-04T20:15:46.206Z","buy","maker"
"0.00679000","20533.00000000","2024-06-04T20:15:46.206Z","buy","maker"
"0.00679000","8380.00000000","2024-06-04T20:15:46.206Z","buy","maker"
"0.00679000","28900.00000000","2024-06-04T20:15:46.206Z","buy","maker"
"0.00679000","3732.00000000","2024-06-04T20:15:46.206Z","buy","maker"
"0.00679000","4393.00000000","2024-06-04T20:15:46.206Z","buy","maker"
"0.00679000","731.00000000","2024-06-04T20:13:27.213Z","sell","maker"
"0.00679000","10545.00000000","2024-06-04T20:12:50.600Z","sell","maker"
"0.00679000","3424.00000000","2024-06-04T20:12:50.600Z","sell","maker"
"0.00679000","718.00000000","2024-06-04T20:12:39.723Z","sell","maker"
"0.00679000","5.00000000","2024-06-04T20:12:20.259Z","sell","maker"
"0.00678000","41185.00000000","2024-06-04T20:09:46.128Z","buy","maker"
"0.00679000","177892.00000000","2024-06-04T20:09:46.128Z","buy","maker"
"0.00679000","871.00000000","2024-06-04T20:09:46.128Z","buy","maker"
"0.00679000","432778.00000000","2024-06-04T20:09:46.128Z","buy","maker"
"0.00679000","23000.00000000","2024-06-04T20:09:46.128Z","buy","maker"
"0.00679000","11263.00000000","2024-06-04T20:09:46.128Z","buy","maker"
"0.00679000","32000.00000000","2024-06-04T20:09:46.128Z","buy","maker"
"0.00679000","307568.00000000","2024-06-04T20:09:46.128Z","buy","maker"
"0.00679000","44.00000000","2024-06-04T20:09:20.607Z","buy","maker"
"0.00680000","717.00000000","2024-06-04T20:08:52.874Z","sell","maker"
"0.00679000","56.00000000","2024-06-04T20:08:51.139Z","buy","maker"
"0.00679000","3318.00000000","2024-06-04T20:07:59.154Z","buy","maker"
"0.00679000","3.00000000","2024-06-04T20:07:26.360Z","buy","maker"
"0.00679000","54442.00000000","2024-06-04T20:06:06.077Z","buy","maker"
"0.00679000","31878.00000000","2024-06-04T20:06:06.077Z","buy","maker"
"0.00679000","269.00000000","2024-06-04T20:06:01.103Z","buy","maker"
"0.00679000","73409.00000000","2024-06-04T20:05:17.336Z","buy","maker"
"0.00680000","4003.00000000","2024-06-04T20:05:17.336Z","buy","maker"
"0.00680000","71224.00000000","2024-06-04T20:05:17.336Z","buy","maker"
"0.00680000","1905.00000000","2024-06-04T20:03:49.796Z","sell","maker"
"0.00679000","5.00000000","2024-06-04T20:03:40.429Z","buy","maker"
"0.00680000","9364.00000000","2024-06-04T20:03:26.035Z","sell","maker"
"0.00680000","2372.00000000","2024-06-04T20:03:26.035Z","sell","maker"
"0.00679000","87393.00000000","2024-06-04T20:02:28.457Z","buy","maker"
"0.00679000","69.00000000","2024-06-04T20:01:49.883Z","buy","maker"
"0.00679000","75.00000000","2024-06-04T20:01:28.154Z","buy","maker"
"0.00679000","291.00000000","2024-06-04T20:01:14.706Z","buy","maker"
"0.00679000","129094.00000000","2024-06-04T20:00:58.939Z","buy","maker"
"0.00679000","42945.00000000","2024-06-04T20:00:46.476Z","buy","maker"
"0.00679000","24476.00000000","2024-06-04T20:00:46.476Z","buy","maker"
"0.00679000","23200.00000000","2024-06-04T20:00:46.476Z","buy","maker"
"0.00679000","8217.00000000","2024-06-04T20:00:46.476Z","buy","maker"
"0.00679000","23000.00000000","2024-06-04T20:00:46.476Z","buy","maker"
"0.00680000","715.00000000","2024-06-04T20:00:18.492Z","sell","maker"
"0.00680000","1312.00000000","2024-06-04T19:59:37.137Z","sell","maker"
"0.00678000","203452.00000000","2024-06-04T19:58:42.945Z","buy","maker"
"0.00679000","400.00000000","2024-06-04T19:58:42.945Z","buy","maker"
"0.00679000","16434.00000000","2024-06-04T19:58:42.945Z","buy","maker"
"0.00679000","22706.00000000","2024-06-04T19:58:42.945Z","buy","maker"
"0.00679000","24800.00000000","2024-06-04T19:58:42.945Z","buy","maker"
"0.00679000","14570.00000000","2024-06-04T19:58:42.945Z","buy","maker"
"0.00679000","5089.00000000","2024-06-04T19:58:24.267Z","buy","maker"
"0.00679000","2300.00000000","2024-06-04T19:57:54.179Z","buy","maker"
"0.00680000","32869.00000000","2024-06-04T19:57:15.839Z","buy","maker"
"0.00680000","3992.00000000","2024-06-04T19:57:15.839Z","buy","maker"
"0.00679000","366.00000000","2024-06-04T19:55:12.436Z","buy","maker"
"0.00681000","11177.00000000","2024-06-04T19:54:56.817Z","sell","maker"
"0.00680000","18025.00000000","2024-06-04T19:54:56.817Z","sell","maker"
"0.00680000","30200.00000000","2024-06-04T19:54:56.817Z","sell","maker"
"0.00680000","11939.00000000","2024-06-04T19:54:56.817Z","sell","maker"
"0.00681000","213.00000000","2024-06-04T19:54:12.994Z","sell","maker"
"0.00681000","1781.00000000","2024-06-04T19:54:05.035Z","sell","maker"
"0.00681000","39.00000000","2024-06-04T19:54:05.035Z","sell","maker"
"0.00679000","209.00000000","2024-06-04T19:53:48.776Z","buy","maker"
"0.00680000","500.00000000","2024-06-04T19:53:27.032Z","sell","maker"
"0.00681000","22017.00000000","2024-06-04T19:53:08.560Z","sell","maker"
"0.00680000","18059.00000000","2024-06-04T19:53:08.560Z","sell","maker"
"0.00680000","27300.00000000","2024-06-04T19:53:08.560Z","sell","maker"
"0.00680000","24353.00000000","2024-06-04T19:53:08.560Z","sell","maker"
"0.00680000","3843.00000000","2024-06-04T19:53:08.560Z","sell","maker"
"0.00680000","4428.00000000","2024-06-04T19:53:08.560Z","sell","maker"
"0.00679000","80.00000000","2024-06-04T19:52:48.329Z","buy","maker"
"0.00679000","223.00000000","2024-06-04T19:51:59.236Z","buy","maker"
"0.00679000","51.00000000","2024-06-04T19:51:56.150Z","buy","maker"
"0.00679000","60.00000000","2024-06-04T19:51:52.221Z","buy","maker"
"0.00679000","52.00000000","2024-06-04T19:49:38.450Z","buy","maker"
"0.00679000","3843.00000000","2024-06-04T19:49:03.649Z","buy","maker"
"0.00679000","21093.00000000","2024-06-04T19:49:03.649Z","buy","maker"
"0.00679000","23000.00000000","2024-06-04T19:49:03.649Z","buy","maker"
"0.00679000","40348.00000000","2024-06-04T19:49:03.649Z","buy","maker"
"0.00680000","185.00000000","2024-06-04T19:48:23.582Z","sell","maker"
"0.00680000","2737.00000000","2024-06-04T19:48:12.001Z","sell","maker"
"0.00680000","11277.00000000","2024-06-04T19:48:12.001Z","sell","maker"
"0.00680000","291.00000000","2024-06-04T19:47:32.283Z","sell","maker"
"0.00679000","66.00000000","2024-06-04T19:45:42.182Z","buy","maker"
"0.00680000","220.00000000","2024-06-04T19:44:52.617Z","buy","maker"
"0.00681000","227.00000000","2024-06-04T19:44:23.110Z","sell","maker"
"0.00680000","13787.00000000","2024-06-04T19:44:23.110Z","sell","maker"
"0.00679000","970.00000000","2024-06-04T19:43:46.588Z","buy","maker"
"0.00679000","9840.00000000","2024-06-04T19:43:31.131Z","sell","maker"
"0.00679000","11300.00000000","2024-06-04T19:43:31.131Z","sell","maker"
"0.00678000","7000.00000000","2024-06-04T19:43:11.668Z","buy","maker"
"0.00678000","591.00000000","2024-06-04T19:42:33.675Z","buy","maker"
"0.00678000","89.00000000","2024-06-04T19:42:13.176Z","buy","maker"
"0.00679000","4162.00000000","2024-06-04T19:40:39.431Z","sell","maker"
"0.00679000","23300.00000000","2024-06-04T19:40:39.431Z","sell","maker"
"0.00678000","232.00000000","2024-06-04T19:40:22.747Z","buy","maker"
"0.00678000","34.00000000","2024-06-04T19:40:17.474Z","buy","maker"
"0.00678000","110.00000000","2024-06-04T19:40:13.698Z","buy","maker"
"0.00678000","60.00000000","2024-06-04T19:40:11.302Z","buy","maker"
"0.00678000","1438.00000000","2024-06-04T19:39:55.381Z","buy","maker"
"0.00678000","533.00000000","2024-06-04T19:39:44.299Z","buy","maker"
"0.00678000","165548.00000000","2024-06-04T19:39:21.293Z","buy","maker"
"0.00678000","307.00000000","2024-06-04T19:39:20.213Z","buy","maker"
"0.00678000","144.00000000","2024-06-04T19:38:49.920Z","buy","maker"
"0.00678000","116.00000000","2024-06-04T19:38:47.498Z","buy","maker"
"0.00678000","47.00000000","2024-06-04T19:38:39.325Z","buy","maker"
"0.00679000","25100.00000000","2024-06-04T19:38:08.193Z","sell","maker"
"0.00679000","7322.00000000","2024-06-04T19:38:08.193Z","sell","maker"
"0.00679000","2070.00000000","2024-06-04T19:38:08.193Z","sell","maker"
"0.00678000","9.00000000","2024-06-04T19:38:05.646Z","buy","maker"
"0.00679000","1755.00000000","2024-06-04T19:38:05.431Z","sell","maker"
"0.00678000","197299.00000000","2024-06-04T19:37:20.053Z","buy","maker"
"0.00679000","29388.00000000","2024-06-04T19:37:19.722Z","buy","maker"
"0.00679000","9969.00000000","2024-06-04T19:37:19.722Z","buy","maker"
"0.00679000","8028.00000000","2024-06-04T19:37:19.717Z","buy","maker"
"0.00679000","3827.00000000","2024-06-04T19:37:19.717Z","buy","maker"
"0.00679000","23000.00000000","2024-06-04T19:37:19.717Z","buy","maker"
"0.00679000","550.00000000","2024-06-04T19:37:19.717Z","buy","maker"
"0.00680000","106595.00000000","2024-06-04T19:37:19.717Z","buy","maker"
"0.00680000","97288.00000000","2024-06-04T19:37:19.716Z","buy","maker"
"0.00680000","122370.00000000","2024-06-04T19:37:19.711Z","buy","maker"
"0.00680000","106595.00000000","2024-06-04T19:37:19.704Z","buy","maker"
"0.00681000","25.00000000","2024-06-04T19:37:16.276Z","sell","maker"
"0.00680000","76866.00000000","2024-06-04T19:37:15.530Z","buy","maker"
"0.00680000","72754.00000000","2024-06-04T19:37:13.719Z","buy","maker"
"0.00680000","435.00000000","2024-06-04T19:37:07.774Z","buy","maker"
"0.00680000","23286.00000000","2024-06-04T19:37:03.630Z","buy","maker"
"0.00680000","15640.00000000","2024-06-04T19:36:50.691Z","buy","maker"
"0.00680000","19105.00000000","2024-06-04T19:36:05.604Z","buy","maker"
"0.00680000","16349.00000000","2024-06-04T19:36:02.441Z","buy","maker"
"0.00681000","712.00000000","2024-06-04T19:36:02.097Z","sell","maker"
"0.00680000","51.00000000","2024-06-04T19:35:45.327Z","buy","maker"
"0.00680000","17916.00000000","2024-06-04T19:35:41.027Z","buy","maker"
"0.00680000","28398.00000000","2024-06-04T19:35:16.269Z","buy","maker"
"0.00680000","23254.00000000","2024-06-04T19:35:10.062Z","buy","maker"
"0.00680000","14074.00000000","2024-06-04T19:35:05.507Z","buy","maker"
"0.00680000","31884.00000000","2024-06-04T19:34:47.960Z","buy","maker"
"0.00680000","17140.00000000","2024-06-04T19:34:43.551Z","buy","maker"
"0.00680000","550.00000000","2024-06-04T19:34:43.551Z","buy","maker"
"0.00680000","14194.00000000","2024-06-04T19:34:43.551Z","buy","maker"
"0.00680000","24628.00000000","2024-06-04T19:34:40.419Z","buy","maker"
"0.00680000","14223.00000000","2024-06-04T19:34:13.202Z","buy","maker"
"0.00681000","8864.00000000","2024-06-04T19:33:47.784Z","sell","maker"
"0.00680000","11814.00000000","2024-06-04T19:33:28.015Z","buy","maker"
"0.00680000","113964.00000000","2024-06-04T19:33:06.795Z","buy","maker"
"0.00681000","16.00000000","2024-06-04T19:32:51.912Z","sell","maker"
"0.00680000","29530.00000000","2024-06-04T19:32:16.304Z","buy","maker"
"0.00681000","33012.00000000","2024-06-04T19:32:07.996Z","buy","maker"
"0.00681000","54446.00000000","2024-06-04T19:31:57.566Z","buy","maker"
"0.00681000","36070.00000000","2024-06-04T19:31:55.173Z","buy","maker"
"0.00681000","39804.00000000","2024-06-04T19:31:54.197Z","buy","maker"
"0.00681000","32668.00000000","2024-06-04T19:31:48.836Z","buy","maker"
"0.00681000","22634.00000000","2024-06-04T19:31:42.703Z","buy","maker"
"0.00681000","3709.00000000","2024-06-04T19:31:34.104Z","buy","maker"
"0.00681000","15476.00000000","2024-06-04T19:31:32.447Z","buy","maker"
"0.00681000","12766.00000000","2024-06-04T19:30:54.228Z","buy","maker"
"0.00681000","15249.00000000","2024-06-04T19:30:52.136Z","buy","maker"
"0.00681000","29687.00000000","2024-06-04T19:30:37.504Z","buy","maker"
"0.00681000","139.00000000","2024-06-04T19:30:36.226Z","buy","maker"
"0.00681000","628.00000000","2024-06-04T19:30:00.558Z","buy","maker"
"0.00682000","58448.00000000","2024-06-04T19:29:51.666Z","sell","maker"
"0.00681000","20287.00000000","2024-06-04T19:29:42.904Z","buy","maker"
"0.00681000","1201.00000000","2024-06-04T19:29:28.895Z","buy","maker"
"0.00681000","193.00000000","2024-06-04T19:29:00.816Z","buy","maker"
"0.00681000","55.00000000","2024-06-04T19:28:11.059Z","buy","maker"
"0.00681000","11017.00000000","2024-06-04T19:27:55.952Z","sell","maker"
"0.00681000","29700.00000000","2024-06-04T19:27:55.952Z","sell","maker"
"0.00681000","14644.00000000","2024-06-04T19:27:55.952Z","sell","maker"
"0.00682000","797.00000000","2024-06-04T19:27:49.880Z","sell","maker"
"0.00681000","3574.00000000","2024-06-04T19:27:15.662Z","buy","maker"
"0.00681000","5142.00000000","2024-06-04T19:26:30.601Z","buy","maker"
"0.00681000","9378.00000000","2024-06-04T19:26:19.997Z","buy","maker"
"0.00681000","11195.00000000","2024-06-04T19:26:16.800Z","buy","maker"
"0.00682000","1015.00000000","2024-06-04T19:26:04.544Z","sell","maker"
"0.00682000","20770.00000000","2024-06-04T19:26:04.544Z","sell","maker"
"0.00682000","23000.00000000","2024-06-04T19:26:04.544Z","sell","maker"
"0.00682000","30500.00000000","2024-06-04T19:26:04.544Z","sell","maker"
"0.00681000","12983.00000000","2024-06-04T19:26:04.544Z","sell","maker"
"0.00681000","11245.00000000","2024-06-04T19:26:04.544Z","sell","maker"
"0.00681000","33900.00000000","2024-06-04T19:26:04.544Z","sell","maker"
"0.00681000","9161.00000000","2024-06-04T19:26:04.544Z","sell","maker"
"0.00680000","103.00000000","2024-06-04T19:24:35.285Z","buy","maker"
"0.00681000","1679.00000000","2024-06-04T19:24:15.631Z","sell","maker"
"0.00681000","6156.00000000","2024-06-04T19:24:15.631Z","sell","maker"
"0.00681000","6827.00000000","2024-06-04T19:24:06.391Z","sell","maker"
"0.00681000","24512.00000000","2024-06-04T19:24:06.391Z","sell","maker"
"0.00681000","1288.00000000","2024-06-04T19:23:37.276Z","sell","maker"
"0.00680000","7460.00000000","2024-06-04T19:23:11.745Z","buy","maker"
"0.00680000","7735.00000000","2024-06-04T19:22:53.461Z","buy","maker"
"0.00680000","869.00000000","2024-06-04T19:22:48.291Z","buy","maker"
"0.00680000","16.00000000","2024-06-04T19:22:37.328Z","buy","maker"
"0.00680000","54.00000000","2024-06-04T19:22:35.347Z","buy","maker"
"0.00680000","6695.00000000","2024-06-04T19:22:23.281Z","buy","maker"
"0.00680000","6695.00000000","2024-06-04T19:22:21.787Z","buy","maker"
"0.00680000","4570.00000000","2024-06-04T19:22:19.860Z","buy","maker"
"0.00680000","8052.00000000","2024-06-04T19:21:31.416Z","buy","maker"
"0.00680000","7495.00000000","2024-06-04T19:21:19.315Z","buy","maker"
"0.00680000","7495.00000000","2024-06-04T19:21:13.756Z","buy","maker"
"0.00680000","8932.00000000","2024-06-04T19:20:45.628Z","buy","maker"
"0.00680000","364.00000000","2024-06-04T19:20:22.797Z","buy","maker"
"0.00681000","18887.00000000","2024-06-04T19:20:14.215Z","sell","maker"
"0.00681000","3617.00000000","2024-06-04T19:20:14.215Z","sell","maker"
"0.00681000","27900.00000000","2024-06-04T19:20:14.215Z","sell","maker"
"0.00680000","345569.00000000","2024-06-04T19:19:29.700Z","buy","maker"
"0.00680000","7071.00000000","2024-06-04T19:19:22.651Z","buy","maker"
"0.00681000","710.00000000","2024-06-04T19:18:54.154Z","sell","maker"
"0.00680000","42.00000000","2024-06-04T19:18:22.162Z","buy","maker"
"0.00680000","1868.00000000","2024-06-04T19:17:17.881Z","buy","maker"
"0.00680000","665.00000000","2024-06-04T19:16:19.966Z","buy","maker"
"0.00680000","549.00000000","2024-06-04T19:15:28.019Z","buy","maker"
"0.00681000","2191.00000000","2024-06-04T19:13:04.567Z","sell","maker"
"0.00680000","3948.00000000","2024-06-04T19:12:38.195Z","buy","maker"
"0.00681000","626.00000000","2024-06-04T19:12:38.195Z","buy","maker"
"0.00681000","483.00000000","2024-06-04T19:12:38.195Z","buy","maker"
"0.00681000","4858.00000000","2024-06-04T19:12:21.389Z","buy","maker"
"0.00681000","5924.00000000","2024-06-04T19:10:59.745Z","buy","maker"
"0.00681000","9660.00000000","2024-06-04T19:10:38.410Z","buy","maker"
"0.00681000","3025.00000000","2024-06-04T19:10:10.039Z","buy","maker"
"0.00681000","5857.00000000","2024-06-04T19:10:10.039Z","buy","maker"
"0.00681000","4041.00000000","2024-06-04T19:09:32.219Z","buy","maker"
"0.00681000","1185.00000000","2024-06-04T19:07:40.336Z","buy","maker"
"0.00683000","181269.00000000","2024-06-04T19:07:21.861Z","sell","maker"
"0.00683000","28900.00000000","2024-06-04T19:07:21.861Z","sell","maker"
"0.00683000","23000.00000000","2024-06-04T19:07:21.861Z","sell","maker"
"0.00683000","6560.00000000","2024-06-04T19:07:21.861Z","sell","maker"
"0.00682000","15036.00000000","2024-06-04T19:07:21.861Z","sell","maker"
"0.00682000","17989.00000000","2024-06-04T19:07:21.861Z","sell","maker"
"0.00682000","23000.00000000","2024-06-04T19:07:21.861Z","sell","maker"
"0.00682000","35417.00000000","2024-06-04T19:07:21.861Z","sell","maker"
"0.00682000","22846.00000000","2024-06-04T19:07:21.861Z","sell","maker"
"0.00682000","27500.00000000","2024-06-04T19:07:21.861Z","sell","maker"
"0.00681000","310103.00000000","2024-06-04T19:07:20.762Z","sell","maker"
"0.00680000","805883.00000000","2024-06-04T19:07:08.444Z","buy","maker"
"0.00681000","205132.00000000","2024-06-04T19:06:09.996Z","sell","maker"
"0.00681000","263.00000000","2024-06-04T19:06:09.996Z","sell","maker"
"0.00681000","20899.00000000","2024-06-04T19:06:09.996Z","sell","maker"
"0.00680000","297.00000000","2024-06-04T19:05:45.421Z","buy","maker"
"0.00682000","22723.00000000","2024-06-04T19:05:31.296Z","sell","maker"
"0.00682000","23715.00000000","2024-06-04T19:05:31.296Z","sell","maker"
"0.00681000","4984.00000000","2024-06-04T19:05:31.296Z","sell","maker"
"0.00681000","9681.00000000","2024-06-04T19:05:31.296Z","sell","maker"
"0.00681000","27979.00000000","2024-06-04T19:05:28.513Z","sell","maker"
"0.00681000","1461.00000000","2024-06-04T19:04:47.425Z","sell","maker"
"0.00680000","2269.00000000","2024-06-04T19:04:42.103Z","buy","maker"
"0.00680000","3747.00000000","2024-06-04T19:04:40.460Z","buy","maker"
"0.00680000","1415.00000000","2024-06-04T19:04:38.960Z","buy","maker"
"0.00680000","2254.00000000","2024-06-04T19:04:37.438Z","buy","maker"
"0.00680000","1415.00000000","2024-06-04T19:04:34.697Z","buy","maker"
"0.00680000","7374.00000000","2024-06-04T19:04:32.597Z","buy","maker"
"0.00680000","14444.00000000","2024-06-04T19:04:30.753Z","buy","maker"
"0.00680000","14444.00000000","2024-06-04T19:04:24.794Z","buy","maker"
"0.00680000","29410.00000000","2024-06-04T19:04:20.514Z","buy","maker"
"0.00680000","15320.00000000","2024-06-04T19:04:16.529Z","buy","maker"
"0.00680000","4124.00000000","2024-06-04T19:04:15.116Z","buy","maker"
"0.00680000","9559.00000000","2024-06-04T19:04:14.903Z","buy","maker"
"0.00680000","15320.00000000","2024-06-04T19:04:14.657Z","buy","maker"
"0.00680000","29412.00000000","2024-06-04T19:04:14.413Z","buy","maker"
"0.00680000","3135.00000000","2024-06-04T19:04:12.821Z","buy","maker"
"0.00680000","2383.00000000","2024-06-04T19:04:12.630Z","buy","maker"
"0.00680000","10450.00000000","2024-06-04T19:04:12.265Z","buy","maker"
"0.00680000","4124.00000000","2024-06-04T19:04:12.067Z","buy","maker"
"0.00680000","11004.00000000","2024-06-04T19:04:11.868Z","buy","maker"
"0.00680000","7344.00000000","2024-06-04T19:04:11.684Z","buy","maker"
"0.00680000","7942.00000000","2024-06-04T19:04:11.461Z","buy","maker"
"0.00680000","14929.00000000","2024-06-04T19:04:11.249Z","buy","maker"