"price","volume","timestamp","type"
"0.777","50000","2024-06-05T00:17:23.846Z","ask"
"0.7985","3000","2024-06-05T00:17:23.846Z","ask"
"0.8","98362","2024-06-05T00:17:23.846Z","ask"
"0.81","500","2024-06-05T00:17:23.846Z","ask"
"0.8326","3000","2024-06-05T00:17:23.846Z","ask"
"0.848","400","2024-06-05T00:17:23.846Z","ask"
"0.85247","19090","2024-06-05T00:17:23.846Z","ask"
"0.88","16071","2024-06-05T00:17:23.846Z","ask"
"0.89","5561","2024-06-05T00:17:23.846Z","ask"
"0.89786","549980","2024-06-05T00:17:23.846Z","ask"
"0.8985","5000","2024-06-05T00:17:23.846Z","ask"
"0.9","280042","2024-06-05T00:17:23.846Z","ask"
"0.91","18937","2024-06-05T00:17:23.846Z","ask"
"0.93","26622","2024-06-05T00:17:23.846Z","ask"
"0.94","654","2024-06-05T00:17:23.846Z","ask"
"0.95","317549","2024-06-05T00:17:23.846Z","ask"
"0.95409","1000","2024-06-05T00:17:23.846Z","ask"
"0.96","46296","2024-06-05T00:17:23.846Z","ask"
"0.97","375","2024-06-05T00:17:23.846Z","ask"
"0.978","300","2024-06-05T00:17:23.846Z","ask"
"0.98","2040","2024-06-05T00:17:23.846Z","ask"
"0.9885","15263","2024-06-05T00:17:23.846Z","ask"
"0.99","11260","2024-06-05T00:17:23.846Z","ask"
"0.99999","305","2024-06-05T00:17:23.846Z","ask"
"1","31787836","2024-06-05T00:17:23.846Z","ask"
"1.00477","500","2024-06-05T00:17:23.846Z","ask"
"1.00754","1","2024-06-05T00:17:23.846Z","ask"
"1.01","115924","2024-06-05T00:17:23.846Z","ask"
"1.01227","1","2024-06-05T00:17:23.846Z","ask"
"1.01241","1","2024-06-05T00:17:23.846Z","ask"
"1.01883","23960","2024-06-05T00:17:23.846Z","ask"
"1.02","27124","2024-06-05T00:17:23.846Z","ask"
"1.03","241676","2024-06-05T00:17:23.846Z","ask"
"1.03719","1","2024-06-05T00:17:23.846Z","ask"
"1.05","55251","2024-06-05T00:17:23.846Z","ask"
"1.06","6776","2024-06-05T00:17:23.846Z","ask"
"1.09","1000","2024-06-05T00:17:23.846Z","ask"
"1.1","74163","2024-06-05T00:17:23.846Z","ask"
"1.11","211477","2024-06-05T00:17:23.846Z","ask"
"1.115","275500","2024-06-05T00:17:23.846Z","ask"
"1.12","4584","2024-06-05T00:17:23.846Z","ask"
"1.14723","750","2024-06-05T00:17:23.846Z","ask"
"1.14999","106","2024-06-05T00:17:23.846Z","ask"
"1.15","137633","2024-06-05T00:17:23.846Z","ask"
"1.16","22863","2024-06-05T00:17:23.846Z","ask"
"1.2","42496","2024-06-05T00:17:23.846Z","ask"
"1.21","146199","2024-06-05T00:17:23.846Z","ask"
"1.2147","3000","2024-06-05T00:17:23.846Z","ask"
"1.25","1343","2024-06-05T00:17:23.846Z","ask"
"1.28","20000","2024-06-05T00:17:23.846Z","ask"
"1.35","57534","2024-06-05T00:17:23.846Z","ask"
"1.38","33721","2024-06-05T00:17:23.846Z","ask"
"1.39","50000","2024-06-05T00:17:23.846Z","ask"
"1.396","59","2024-06-05T00:17:23.846Z","ask"
"1.4","274872","2024-06-05T00:17:23.846Z","ask"
"1.42","4612","2024-06-05T00:17:23.846Z","ask"
"1.44","276721","2024-06-05T00:17:23.846Z","ask"
"1.46","5000","2024-06-05T00:17:23.846Z","ask"
"1.49","8000","2024-06-05T00:17:23.846Z","ask"
"1.5","56221","2024-06-05T00:17:23.846Z","ask"
"1.51","332","2024-06-05T00:17:23.846Z","ask"
"1.582","100000","2024-06-05T00:17:23.846Z","ask"
"1.60725","1","2024-06-05T00:17:23.846Z","ask"
"1.65","50000","2024-06-05T00:17:23.846Z","ask"
"1.75","6342","2024-06-05T00:17:23.846Z","ask"
"1.79","50000","2024-06-05T00:17:23.846Z","ask"
"1.8","132","2024-06-05T00:17:23.846Z","ask"
"1.8462","3000","2024-06-05T00:17:23.846Z","ask"
"1.92","18300","2024-06-05T00:17:23.846Z","ask"
"1.99","8963","2024-06-05T00:17:23.846Z","ask"
"2","1144710","2024-06-05T00:17:23.846Z","ask"
"2.01","501","2024-06-05T00:17:23.846Z","ask"
"2.02","500","2024-06-05T00:17:23.846Z","ask"
"2.22","500","2024-06-05T00:17:23.846Z","ask"
"2.25","20000","2024-06-05T00:17:23.846Z","ask"
"2.39","50000","2024-06-05T00:17:23.846Z","ask"
"2.4","20000","2024-06-05T00:17:23.846Z","ask"
"2.42","5000","2024-06-05T00:17:23.846Z","ask"
"2.4632","3000","2024-06-05T00:17:23.846Z","ask"
"2.49","8726","2024-06-05T00:17:23.846Z","ask"
"2.5","254840","2024-06-05T00:17:23.846Z","ask"
"2.7","68","2024-06-05T00:17:23.846Z","ask"
"2.75","500","2024-06-05T00:17:23.846Z","ask"
"2.85","54607","2024-06-05T00:17:23.846Z","ask"
"2.95","50000","2024-06-05T00:17:23.846Z","ask"
"2.98","16875","2024-06-05T00:17:23.846Z","ask"
"3","166962","2024-06-05T00:17:23.846Z","ask"
"3.03","500","2024-06-05T00:17:23.846Z","ask"
"3.25","50000","2024-06-05T00:17:23.846Z","ask"
"3.259","350000","2024-06-05T00:17:23.846Z","ask"
"3.69107","1","2024-06-05T00:17:23.846Z","ask"
"3.71091","1","2024-06-05T00:17:23.846Z","ask"
"3.79","50000","2024-06-05T00:17:23.846Z","ask"
"4","17271","2024-06-05T00:17:23.846Z","ask"
"4.00326","13478","2024-06-05T00:17:23.846Z","ask"
"4.2","50853","2024-06-05T00:17:23.846Z","ask"
"4.25","71405","2024-06-05T00:17:23.846Z","ask"
"4.5","22","2024-06-05T00:17:23.846Z","ask"
"4.97","375","2024-06-05T00:17:23.846Z","ask"
"5","4704975","2024-06-05T00:17:23.846Z","ask"
"5.24","29155","2024-06-05T00:17:23.846Z","ask"
"5.55","10000","2024-06-05T00:17:23.846Z","ask"
"5.99","375000","2024-06-05T00:17:23.846Z","ask"
"6","112","2024-06-05T00:17:23.846Z","ask"
"6.19304","17970","2024-06-05T00:17:23.846Z","ask"
"7","50892","2024-06-05T00:17:23.846Z","ask"
"7.5","1000","2024-06-05T00:17:23.846Z","ask"
"8","6000","2024-06-05T00:17:23.846Z","ask"
"8.5","3435","2024-06-05T00:17:23.846Z","ask"
"9","57800","2024-06-05T00:17:23.846Z","ask"
"9.08","113000","2024-06-05T00:17:23.846Z","ask"
"9.77","100000","2024-06-05T00:17:23.846Z","ask"
"9.89","122","2024-06-05T00:17:23.846Z","ask"
"9.97","375","2024-06-05T00:17:23.846Z","ask"
"9.99","125","2024-06-05T00:17:23.846Z","ask"
"10","538562","2024-06-05T00:17:23.846Z","ask"
"10.00477","300","2024-06-05T00:17:23.846Z","ask"
"10.01249","1","2024-06-05T00:17:23.846Z","ask"
"10.37162","40432","2024-06-05T00:17:23.846Z","ask"
"11","300","2024-06-05T00:17:23.846Z","ask"
"11.0034","1823","2024-06-05T00:17:23.846Z","ask"
"11.01261","1","2024-06-05T00:17:23.846Z","ask"
"12","41607","2024-06-05T00:17:23.846Z","ask"
"12.09","1","2024-06-05T00:17:23.846Z","ask"
"12.88","1177","2024-06-05T00:17:23.846Z","ask"
"15","1800","2024-06-05T00:17:23.846Z","ask"
"15.5","5000","2024-06-05T00:17:23.846Z","ask"
"19","100070","2024-06-05T00:17:23.846Z","ask"
"20","1003204","2024-06-05T00:17:23.846Z","ask"
"25","10828","2024-06-05T00:17:23.846Z","ask"
"25.8","565","2024-06-05T00:17:23.846Z","ask"
"26","44","2024-06-05T00:17:23.846Z","ask"
"28","28","2024-06-05T00:17:23.846Z","ask"
"30","300","2024-06-05T00:17:23.846Z","ask"
"34","29513","2024-06-05T00:17:23.846Z","ask"
"40","28241","2024-06-05T00:17:23.846Z","ask"
"49.97","375","2024-06-05T00:17:23.846Z","ask"
"50","34105","2024-06-05T00:17:23.846Z","ask"
"55","375","2024-06-05T00:17:23.846Z","ask"
"62","500","2024-06-05T00:17:23.846Z","ask"
"65","500","2024-06-05T00:17:23.846Z","ask"
"68","2000","2024-06-05T00:17:23.846Z","ask"
"71","100000","2024-06-05T00:17:23.846Z","ask"
"77.77","250326","2024-06-05T00:17:23.846Z","ask"
"98","10000","2024-06-05T00:17:23.846Z","ask"
"98.95","47732","2024-06-05T00:17:23.846Z","ask"
"100","221501","2024-06-05T00:17:23.846Z","ask"
"110","1733","2024-06-05T00:17:23.846Z","ask"
"120","525","2024-06-05T00:17:23.846Z","ask"
"125","500","2024-06-05T00:17:23.846Z","ask"
"200","5392","2024-06-05T00:17:23.846Z","ask"
"216.685","216","2024-06-05T00:17:23.846Z","ask"
"225","325","2024-06-05T00:17:23.846Z","ask"
"250","10601","2024-06-05T00:17:23.846Z","ask"
"265","500","2024-06-05T00:17:23.846Z","ask"
"425","500","2024-06-05T00:17:23.846Z","ask"
"500","21334","2024-06-05T00:17:23.846Z","ask"
"600","1227","2024-06-05T00:17:23.846Z","ask"
"900","20000","2024-06-05T00:17:23.846Z","ask"
"1000","44891","2024-06-05T00:17:23.846Z","ask"
"1125","1","2024-06-05T00:17:23.846Z","ask"
"3655","300","2024-06-05T00:17:23.846Z","ask"
"5000","45","2024-06-05T00:17:23.846Z","ask"
"10000","185","2024-06-05T00:17:23.846Z","ask"
"25000","724280","2024-06-05T00:17:23.846Z","ask"
"100000","300","2024-06-05T00:17:23.846Z","ask"
"9999999","4747","2024-06-05T00:17:23.846Z","ask"
"0.00678","453357","2024-06-05T00:17:23.846Z","bid"
"0.00677","3957138","2024-06-05T00:17:23.846Z","bid"
"0.00676","3707726","2024-06-05T00:17:23.846Z","bid"
"0.00675","3591993","2024-06-05T00:17:23.846Z","bid"
"0.00674","1716925","2024-06-05T00:17:23.846Z","bid"
"0.00673","1838007","2024-06-05T00:17:23.846Z","bid"
"0.00672","1450718","2024-06-05T00:17:23.846Z","bid"
"0.00671","270630","2024-06-05T00:17:23.846Z","bid"
"0.0067","4139935","2024-06-05T00:17:23.846Z","bid"
"0.00669","510947","2024-06-05T00:17:23.846Z","bid"
"0.00668","737423","2024-06-05T00:17:23.846Z","bid"
"0.00667","727860","2024-06-05T00:17:23.846Z","bid"
"0.00666","305446","2024-06-05T00:17:23.846Z","bid"
"0.00665","1002187","2024-06-05T00:17:23.846Z","bid"
"0.00664","1805758","2024-06-05T00:17:23.846Z","bid"
"0.00663","297449","2024-06-05T00:17:23.846Z","bid"
"0.00662","1274304","2024-06-05T00:17:23.846Z","bid"
"0.00661","317918","2024-06-05T00:17:23.846Z","bid"
"0.0066","1327362","2024-06-05T00:17:23.846Z","bid"
"0.00659","469525","2024-06-05T00:17:23.846Z","bid"
"0.00658","348587","2024-06-05T00:17:23.846Z","bid"
"0.00657","60943","2024-06-05T00:17:23.846Z","bid"
"0.00656","18510","2024-06-05T00:17:23.846Z","bid"
"0.00655","30847","2024-06-05T00:17:23.846Z","bid"
"0.00654","158377","2024-06-05T00:17:23.846Z","bid"
"0.00653","162645","2024-06-05T00:17:23.846Z","bid"
"0.00652","43496","2024-06-05T00:17:23.846Z","bid"
"0.00651","123459","2024-06-05T00:17:23.846Z","bid"
"0.0065","2652847","2024-06-05T00:17:23.846Z","bid"
"0.00649","100653","2024-06-05T00:17:23.846Z","bid"
"0.00648","20145","2024-06-05T00:17:23.846Z","bid"
"0.00647","40787","2024-06-05T00:17:23.846Z","bid"
"0.00646","5020","2024-06-05T00:17:23.846Z","bid"
"0.00645","20500","2024-06-05T00:17:23.846Z","bid"
"0.00644","45861","2024-06-05T00:17:23.846Z","bid"
"0.00643","96719","2024-06-05T00:17:23.846Z","bid"
"0.00642","115049","2024-06-05T00:17:23.846Z","bid"
"0.00641","20283","2024-06-05T00:17:23.846Z","bid"
"0.0064","864636","2024-06-05T00:17:23.846Z","bid"
"0.00639","17348","2024-06-05T00:17:23.846Z","bid"
"0.00638","7804","2024-06-05T00:17:23.846Z","bid"
"0.00637","4955","2024-06-05T00:17:23.846Z","bid"
"0.00635","16917","2024-06-05T00:17:23.846Z","bid"
"0.00634","14287","2024-06-05T00:17:23.846Z","bid"
"0.00633","29987","2024-06-05T00:17:23.846Z","bid"
"0.00632","5608","2024-06-05T00:17:23.846Z","bid"
"0.00631","33836","2024-06-05T00:17:23.846Z","bid"
"0.0063","965292","2024-06-05T00:17:23.846Z","bid"
"0.00629","9812","2024-06-05T00:17:23.846Z","bid"
"0.00628","10164","2024-06-05T00:17:23.846Z","bid"
"0.00627","793","2024-06-05T00:17:23.846Z","bid"
"0.00625","127910","2024-06-05T00:17:23.846Z","bid"
"0.00624","3045","2024-06-05T00:17:23.846Z","bid"
"0.00623","385","2024-06-05T00:17:23.846Z","bid"
"0.00621","5242","2024-06-05T00:17:23.846Z","bid"
"0.0062","11727","2024-06-05T00:17:23.846Z","bid"
"0.00619","7741","2024-06-05T00:17:23.846Z","bid"
"0.00618","16071","2024-06-05T00:17:23.846Z","bid"
"0.00617","5357","2024-06-05T00:17:23.846Z","bid"
"0.00616","162518","2024-06-05T00:17:23.846Z","bid"
"0.00615","12183","2024-06-05T00:17:23.846Z","bid"
"0.00614","3801","2024-06-05T00:17:23.846Z","bid"
"0.00613","12335","2024-06-05T00:17:23.846Z","bid"
"0.00612","2925","2024-06-05T00:17:23.846Z","bid"
"0.00611","13204","2024-06-05T00:17:23.846Z","bid"
"0.0061","13105","2024-06-05T00:17:23.846Z","bid"
"0.00609","11582","2024-06-05T00:17:23.846Z","bid"
"0.00608","1627615","2024-06-05T00:17:23.846Z","bid"
"0.00607","18950","2024-06-05T00:17:23.846Z","bid"
"0.00606","266398","2024-06-05T00:17:23.846Z","bid"
"0.00605","5217","2024-06-05T00:17:23.846Z","bid"
"0.00604","7933","2024-06-05T00:17:23.846Z","bid"
"0.00602","1000","2024-06-05T00:17:23.846Z","bid"
"0.00601","5252","2024-06-05T00:17:23.846Z","bid"
"0.006","2434792","2024-06-05T00:17:23.846Z","bid"
"0.00599","1812629","2024-06-05T00:17:23.846Z","bid"
"0.00598","11375","2024-06-05T00:17:23.846Z","bid"
"0.00597","11112","2024-06-05T00:17:23.846Z","bid"
"0.00596","2548","2024-06-05T00:17:23.846Z","bid"
"0.00595","17181","2024-06-05T00:17:23.846Z","bid"
"0.00593","5323","2024-06-05T00:17:23.846Z","bid"
"0.0059","202888","2024-06-05T00:17:23.846Z","bid"
"0.00589","5359","2024-06-05T00:17:23.846Z","bid"
"0.00587","7386","2024-06-05T00:17:23.846Z","bid"
"0.00586","62441","2024-06-05T00:17:23.846Z","bid"
"0.00585","2000","2024-06-05T00:17:23.846Z","bid"
"0.00584","5952","2024-06-05T00:17:23.846Z","bid"
"0.00583","7045","2024-06-05T00:17:23.846Z","bid"
"0.00582","9021","2024-06-05T00:17:23.846Z","bid"
"0.00581","400","2024-06-05T00:17:23.846Z","bid"
"0.0058","350775","2024-06-05T00:17:23.846Z","bid"
"0.00577","17764","2024-06-05T00:17:23.846Z","bid"
"0.00575","68433","2024-06-05T00:17:23.846Z","bid"
"0.00573","2650","2024-06-05T00:17:23.846Z","bid"
"0.00572","31527","2024-06-05T00:17:23.846Z","bid"
"0.00571","3466","2024-06-05T00:17:23.846Z","bid"
"0.0057","898200","2024-06-05T00:17:23.846Z","bid"
"0.00569","45620","2024-06-05T00:17:23.846Z","bid"
"0.00565","3000","2024-06-05T00:17:23.846Z","bid"
"0.00564","1","2024-06-05T00:17:23.846Z","bid"
"0.00563","2826","2024-06-05T00:17:23.846Z","bid"
"0.00561","11248","2024-06-05T00:17:23.846Z","bid"
"0.0056","649266","2024-06-05T00:17:23.846Z","bid"
"0.00559","5508","2024-06-05T00:17:23.846Z","bid"
"0.00557","179533","2024-06-05T00:17:23.846Z","bid"
"0.00555","23233","2024-06-05T00:17:23.846Z","bid"
"0.00553","38515","2024-06-05T00:17:23.846Z","bid"
"0.00551","7500","2024-06-05T00:17:23.846Z","bid"
"0.0055","2028256","2024-06-05T00:17:23.846Z","bid"
"0.00549","6900","2024-06-05T00:17:23.846Z","bid"
"0.00547","11586","2024-06-05T00:17:23.846Z","bid"
"0.00546","565","2024-06-05T00:17:23.846Z","bid"
"0.00544","3552","2024-06-05T00:17:23.846Z","bid"
"0.0054","67010","2024-06-05T00:17:23.846Z","bid"
"0.00536","4798","2024-06-05T00:17:23.846Z","bid"
"0.00534","8973","2024-06-05T00:17:23.846Z","bid"
"0.00532","2826","2024-06-05T00:17:23.846Z","bid"
"0.0053","110000","2024-06-05T00:17:23.846Z","bid"
"0.00529","2871","2024-06-05T00:17:23.846Z","bid"
"0.00528","1500","2024-06-05T00:17:23.846Z","bid"
"0.00527","55549","2024-06-05T00:17:23.846Z","bid"
"0.00521","9197","2024-06-05T00:17:23.846Z","bid"
"0.0052","27363","2024-06-05T00:17:23.846Z","bid"
"0.00519","17558","2024-06-05T00:17:23.846Z","bid"
"0.00518","8315","2024-06-05T00:17:23.846Z","bid"
"0.00516","96944","2024-06-05T00:17:23.846Z","bid"
"0.00513","1087","2024-06-05T00:17:23.846Z","bid"
"0.00511","19569","2024-06-05T00:17:23.846Z","bid"
"0.0051","45687","2024-06-05T00:17:23.846Z","bid"
"0.00509","12753","2024-06-05T00:17:23.846Z","bid"
"0.00508","9432","2024-06-05T00:17:23.846Z","bid"
"0.00507","19723","2024-06-05T00:17:23.846Z","bid"
"0.00505","1000","2024-06-05T00:17:23.846Z","bid"
"0.00504","500","2024-06-05T00:17:23.846Z","bid"
"0.005","6275635","2024-06-05T00:17:23.846Z","bid"
"0.00499","3043","2024-06-05T00:17:23.846Z","bid"
"0.00498","10051","2024-06-05T00:17:23.846Z","bid"
"0.00497","141","2024-06-05T00:17:23.846Z","bid"
"0.00496","9660","2024-06-05T00:17:23.846Z","bid"
"0.00495","5000","2024-06-05T00:17:23.846Z","bid"
"0.00492","14003","2024-06-05T00:17:23.846Z","bid"
"0.00491","331","2024-06-05T00:17:23.846Z","bid"
"0.0049","35715","2024-06-05T00:17:23.846Z","bid"
"0.00489","47365","2024-06-05T00:17:23.846Z","bid"
"0.00488","50839","2024-06-05T00:17:23.846Z","bid"
"0.00484","11034","2024-06-05T00:17:23.846Z","bid"
"0.00482","22910","2024-06-05T00:17:23.846Z","bid"
"0.0048","220625","2024-06-05T00:17:23.846Z","bid"
"0.00479","81294","2024-06-05T00:17:23.846Z","bid"
"0.00477","300","2024-06-05T00:17:23.846Z","bid"
"0.00473","2800","2024-06-05T00:17:23.846Z","bid"
"0.00472","10152","2024-06-05T00:17:23.846Z","bid"
"0.0047","15358","2024-06-05T00:17:23.846Z","bid"
"0.00466","1927","2024-06-05T00:17:23.846Z","bid"
"0.00464","70425","2024-06-05T00:17:23.846Z","bid"
"0.00461","3294","2024-06-05T00:17:23.846Z","bid"
"0.0046","209999","2024-06-05T00:17:23.846Z","bid"
"0.00459","290000","2024-06-05T00:17:23.846Z","bid"
"0.00455","329670","2024-06-05T00:17:23.846Z","bid"
"0.00453","2500","2024-06-05T00:17:23.846Z","bid"
"0.00452","3360","2024-06-05T00:17:23.846Z","bid"
"0.0045","499390","2024-06-05T00:17:23.846Z","bid"
"0.00449","424107","2024-06-05T00:17:23.846Z","bid"
"0.00448","1107","2024-06-05T00:17:23.846Z","bid"
"0.00446","5819","2024-06-05T00:17:23.846Z","bid"
"0.00443","3428","2024-06-05T00:17:23.846Z","bid"
"0.00442","1000","2024-06-05T00:17:23.846Z","bid"
"0.0044","45681","2024-06-05T00:17:23.846Z","bid"
"0.00439","10915","2024-06-05T00:17:23.846Z","bid"
"0.00434","154644","2024-06-05T00:17:23.846Z","bid"
"0.00431","23172","2024-06-05T00:17:23.846Z","bid"
"0.0043","62466","2024-06-05T00:17:23.846Z","bid"
"0.00428","11195","2024-06-05T00:17:23.846Z","bid"
"0.00426","3565","2024-06-05T00:17:23.846Z","bid"
"0.00421","2300","2024-06-05T00:17:23.846Z","bid"
"0.0042","211043","2024-06-05T00:17:23.846Z","bid"
"0.00418","3633","2024-06-05T00:17:23.846Z","bid"
"0.00417","11491","2024-06-05T00:17:23.846Z","bid"
"0.00412","45000","2024-06-05T00:17:23.846Z","bid"
"0.0041","137818","2024-06-05T00:17:23.846Z","bid"
"0.00409","247233","2024-06-05T00:17:23.846Z","bid"
"0.00407","19625","2024-06-05T00:17:23.846Z","bid"
"0.00405","3000","2024-06-05T00:17:23.846Z","bid"
"0.00404","67621","2024-06-05T00:17:23.846Z","bid"
"0.00401","3787","2024-06-05T00:17:23.846Z","bid"
"0.004","1447936","2024-06-05T00:17:23.846Z","bid"
"0.00399","8829","2024-06-05T00:17:23.846Z","bid"
"0.00397","12069","2024-06-05T00:17:23.846Z","bid"
"0.00395","15131","2024-06-05T00:17:23.846Z","bid"
"0.00394","3855","2024-06-05T00:17:23.846Z","bid"
"0.0039","93362","2024-06-05T00:17:23.846Z","bid"
"0.00389","64267","2024-06-05T00:17:23.846Z","bid"
"0.00388","12349","2024-06-05T00:17:23.846Z","bid"
"0.00386","3934","2024-06-05T00:17:23.846Z","bid"
"0.00384","1002","2024-06-05T00:17:23.846Z","bid"
"0.0038","170301","2024-06-05T00:17:23.846Z","bid"
"0.00379","17150","2024-06-05T00:17:23.846Z","bid"
"0.00378","16694","2024-06-05T00:17:23.846Z","bid"
"0.00375","12499","2024-06-05T00:17:23.846Z","bid"
"0.00371","4093","2024-06-05T00:17:23.846Z","bid"
"0.0037","109600","2024-06-05T00:17:23.846Z","bid"
"0.00369","12985","2024-06-05T00:17:23.846Z","bid"
"0.00367","544959","2024-06-05T00:17:23.846Z","bid"
"0.00365","2800","2024-06-05T00:17:23.846Z","bid"
"0.00364","4172","2024-06-05T00:17:23.846Z","bid"
"0.00362","330","2024-06-05T00:17:23.846Z","bid"
"0.00361","45650","2024-06-05T00:17:23.846Z","bid"
"0.0036","171980","2024-06-05T00:17:23.846Z","bid"
"0.00358","225000","2024-06-05T00:17:23.846Z","bid"
"0.00357","4254","2024-06-05T00:17:23.846Z","bid"
"0.00355","8000","2024-06-05T00:17:23.846Z","bid"
"0.00351","13651","2024-06-05T00:17:23.846Z","bid"
"0.0035","713751","2024-06-05T00:17:23.846Z","bid"
"0.00348","8556","2024-06-05T00:17:23.846Z","bid"
"0.00347","4700","2024-06-05T00:17:23.846Z","bid"
"0.00345","600","2024-06-05T00:17:23.846Z","bid"
"0.00343","18398","2024-06-05T00:17:23.846Z","bid"
"0.0034","442904","2024-06-05T00:17:23.846Z","bid"
"0.00338","9401","2024-06-05T00:17:23.846Z","bid"
"0.00337","3000","2024-06-05T00:17:23.846Z","bid"
"0.00336","4520","2024-06-05T00:17:23.846Z","bid"
"0.00335","300507","2024-06-05T00:17:23.846Z","bid"
"0.00334","14346","2024-06-05T00:17:23.846Z","bid"
"0.00332","597","2024-06-05T00:17:23.846Z","bid"
"0.0033","115305","2024-06-05T00:17:23.846Z","bid"
"0.00329","18136","2024-06-05T00:17:23.846Z","bid"
"0.00328","300","2024-06-05T00:17:23.846Z","bid"
"0.00327","30412","2024-06-05T00:17:23.846Z","bid"
"0.00326","14698","2024-06-05T00:17:23.846Z","bid"
"0.00325","190000","2024-06-05T00:17:23.846Z","bid"
"0.0032","331696","2024-06-05T00:17:23.846Z","bid"
"0.00319","7758","2024-06-05T00:17:23.846Z","bid"
"0.00318","15068","2024-06-05T00:17:23.846Z","bid"
"0.00316","1569","2024-06-05T00:17:23.846Z","bid"
"0.00315","13921","2024-06-05T00:17:23.846Z","bid"
"0.0031","30392","2024-06-05T00:17:23.846Z","bid"
"0.00307","1000","2024-06-05T00:17:23.846Z","bid"
"0.00304","310","2024-06-05T00:17:23.846Z","bid"
"0.00303","18454","2024-06-05T00:17:23.846Z","bid"
"0.00301","82776","2024-06-05T00:17:23.846Z","bid"
"0.003","2823057","2024-06-05T00:17:23.846Z","bid"
"0.00296","11","2024-06-05T00:17:23.846Z","bid"
"0.00295","175388","2024-06-05T00:17:23.846Z","bid"
"0.00293","3578","2024-06-05T00:17:23.846Z","bid"
"0.00292","15136","2024-06-05T00:17:23.846Z","bid"
"0.00291","82020","2024-06-05T00:17:23.846Z","bid"
"0.0029","10000","2024-06-05T00:17:23.846Z","bid"
"0.00288","17361","2024-06-05T00:17:23.846Z","bid"
"0.00287","31358","2024-06-05T00:17:23.846Z","bid"
"0.00282","20000","2024-06-05T00:17:23.846Z","bid"
"0.00281","32500","2024-06-05T00:17:23.846Z","bid"
"0.0028","52769","2024-06-05T00:17:23.846Z","bid"
"0.00278","33556","2024-06-05T00:17:23.846Z","bid"
"0.00277","1794","2024-06-05T00:17:23.846Z","bid"
"0.00275","650","2024-06-05T00:17:23.846Z","bid"
"0.0027","216657","2024-06-05T00:17:23.846Z","bid"
"0.00269","7394","2024-06-05T00:17:23.846Z","bid"
"0.00268","1000","2024-06-05T00:17:23.846Z","bid"
"0.00267","1000","2024-06-05T00:17:23.846Z","bid"
"0.00265","13512","2024-06-05T00:17:23.846Z","bid"
"0.0026","27469","2024-06-05T00:17:23.846Z","bid"
"0.00258","1000","2024-06-05T00:17:23.846Z","bid"
"0.00252","475","2024-06-05T00:17:23.846Z","bid"
"0.0025","723990","2024-06-05T00:17:23.846Z","bid"
"0.00245","2040","2024-06-05T00:17:23.846Z","bid"
"0.00244","500","2024-06-05T00:17:23.846Z","bid"
"0.00243","4074","2024-06-05T00:17:23.846Z","bid"
"0.0024","1808","2024-06-05T00:17:23.846Z","bid"
"0.00239","6250","2024-06-05T00:17:23.846Z","bid"
"0.00235","15118","2024-06-05T00:17:23.846Z","bid"
"0.0023","165434","2024-06-05T00:17:23.846Z","bid"
"0.00227","2189","2024-06-05T00:17:23.846Z","bid"
"0.00225","132533","2024-06-05T00:17:23.846Z","bid"
"0.00222","805742","2024-06-05T00:17:23.846Z","bid"
"0.0022","272004","2024-06-05T00:17:23.846Z","bid"
"0.00215","17500","2024-06-05T00:17:23.846Z","bid"
"0.0021","18159","2024-06-05T00:17:23.846Z","bid"
"0.00208","2394","2024-06-05T00:17:23.846Z","bid"
"0.00206","1516","2024-06-05T00:17:23.846Z","bid"
"0.00201","3010","2024-06-05T00:17:23.846Z","bid"
"0.002","1597805","2024-06-05T00:17:23.846Z","bid"
"0.00199","1068","2024-06-05T00:17:23.846Z","bid"
"0.00197","1351584","2024-06-05T00:17:23.846Z","bid"
"0.00196","1398468","2024-06-05T00:17:23.846Z","bid"
"0.00195","1350000","2024-06-05T00:17:23.846Z","bid"
"0.00194","1350000","2024-06-05T00:17:23.846Z","bid"
"0.00193","1550000","2024-06-05T00:17:23.846Z","bid"
"0.00192","1350000","2024-06-05T00:17:23.846Z","bid"
"0.00191","1421725","2024-06-05T00:17:23.846Z","bid"
"0.0019","1452631","2024-06-05T00:17:23.846Z","bid"
"0.00189","1350000","2024-06-05T00:17:23.846Z","bid"
"0.00188","1451656","2024-06-05T00:17:23.846Z","bid"
"0.00187","1374478","2024-06-05T00:17:23.846Z","bid"
"0.00186","1350510","2024-06-05T00:17:23.846Z","bid"
"0.00185","1477021","2024-06-05T00:17:23.846Z","bid"
"0.00184","1350000","2024-06-05T00:17:23.846Z","bid"
"0.00183","1375013","2024-06-05T00:17:23.846Z","bid"
"0.00182","500000","2024-06-05T00:17:23.846Z","bid"
"0.00181","1375289","2024-06-05T00:17:23.846Z","bid"
"0.0018","1456688","2024-06-05T00:17:23.846Z","bid"
"0.00179","1954212","2024-06-05T00:17:23.846Z","bid"
"0.00178","1350000","2024-06-05T00:17:23.846Z","bid"
"0.00177","1376365","2024-06-05T00:17:23.846Z","bid"
"0.00176","1350000","2024-06-05T00:17:23.846Z","bid"
"0.00175","1422240","2024-06-05T00:17:23.846Z","bid"
"0.00174","1566643","2024-06-05T00:17:23.846Z","bid"
"0.00173","1376458","2024-06-05T00:17:23.846Z","bid"
"0.00172","1350000","2024-06-05T00:17:23.846Z","bid"
"0.00171","1377268","2024-06-05T00:17:23.846Z","bid"
"0.0017","1350000","2024-06-05T00:17:23.846Z","bid"
"0.00169","1448513","2024-06-05T00:17:23.846Z","bid"
"0.00168","1350000","2024-06-05T00:17:23.846Z","bid"
"0.00167","1437932","2024-06-05T00:17:23.846Z","bid"
"0.00166","1350499","2024-06-05T00:17:23.846Z","bid"
"0.00165","1414402","2024-06-05T00:17:23.846Z","bid"
"0.00164","1350000","2024-06-05T00:17:23.846Z","bid"
"0.00163","1350000","2024-06-05T00:17:23.846Z","bid"
"0.00162","1350000","2024-06-05T00:17:23.846Z","bid"
"0.00161","1363774","2024-06-05T00:17:23.846Z","bid"
"0.0016","1363006","2024-06-05T00:17:23.846Z","bid"
"0.00158","1003782","2024-06-05T00:17:23.846Z","bid"
"0.00157","84690","2024-06-05T00:17:23.846Z","bid"
"0.00156","96154","2024-06-05T00:17:23.846Z","bid"
"0.00154","21428","2024-06-05T00:17:23.846Z","bid"
"0.00153","3000","2024-06-05T00:17:23.846Z","bid"
"0.00152","190000","2024-06-05T00:17:23.846Z","bid"
"0.00151","17053","2024-06-05T00:17:23.846Z","bid"
"0.0015","871329","2024-06-05T00:17:23.846Z","bid"
"0.00148","248437","2024-06-05T00:17:23.846Z","bid"
"0.00145","18337","2024-06-05T00:17:23.846Z","bid"
"0.00144","87565","2024-06-05T00:17:23.846Z","bid"
"0.0014","203458","2024-06-05T00:17:23.846Z","bid"
"0.00138","25321","2024-06-05T00:17:23.846Z","bid"
"0.00137","12208","2024-06-05T00:17:23.846Z","bid"
"0.00136","15945","2024-06-05T00:17:23.846Z","bid"
"0.00135","100000","2024-06-05T00:17:23.846Z","bid"
"0.0013","11538","2024-06-05T00:17:23.846Z","bid"
"0.00125","15904","2024-06-05T00:17:23.846Z","bid"
"0.00123","8065","2024-06-05T00:17:23.846Z","bid"
"0.00119","198294","2024-06-05T00:17:23.846Z","bid"
"0.00101","40000","2024-06-05T00:17:23.846Z","bid"
"0.001","1417425","2024-06-05T00:17:23.846Z","bid"
"0.00099","21480","2024-06-05T00:17:23.846Z","bid"
"0.0009","226888","2024-06-05T00:17:23.846Z","bid"
"0.00089","30000","2024-06-05T00:17:23.846Z","bid"
"0.00086","2800710","2024-06-05T00:17:23.846Z","bid"
"0.0008","1153716","2024-06-05T00:17:23.846Z","bid"
"0.00079","12658","2024-06-05T00:17:23.846Z","bid"
"0.0007","302","2024-06-05T00:17:23.846Z","bid"
"0.00062","10000","2024-06-05T00:17:23.846Z","bid"
"0.0006","62254","2024-06-05T00:17:23.846Z","bid"
"0.00055","1000","2024-06-05T00:17:23.846Z","bid"
"0.0005","30000","2024-06-05T00:17:23.846Z","bid"
"0.00049","6000","2024-06-05T00:17:23.846Z","bid"
"0.0004","248500","2024-06-05T00:17:23.846Z","bid"
"0.00032","1155074","2024-06-05T00:17:23.846Z","bid"
"0.00022","22545","2024-06-05T00:17:23.846Z","bid"
"0.00016","6666","2024-06-05T00:17:23.846Z","bid"
"0.00011","300000","2024-06-05T00:17:23.846Z","bid"
"0.0001","4375880","2024-06-05T00:17:23.846Z","bid"
"0.00009","2204","2024-06-05T00:17:23.846Z","bid"
"0.00008","126480","2024-06-05T00:17:23.846Z","bid"
"0.00007","2834","2024-06-05T00:17:23.846Z","bid"
"0.00006","69439","2024-06-05T00:17:23.846Z","bid"
"0.00005","3968","2024-06-05T00:17:23.846Z","bid"
"0.00004","4960","2024-06-05T00:17:23.846Z","bid"
"0.00003","7613","2024-06-05T00:17:23.846Z","bid"
"0.00002","2048920","2024-06-05T00:17:23.846Z","bid"
"0.00001","56109562","2024-06-05T00:17:23.846Z","bid"
"0.215","3073","2024-06-05T00:17:23.845Z","ask"
"0.21638","5000","2024-06-05T00:17:23.845Z","ask"
"0.21939","750","2024-06-05T00:17:23.845Z","ask"
"0.22","234079","2024-06-05T00:17:23.845Z","ask"
"0.222","161103","2024-06-05T00:17:23.845Z","ask"
"0.224","577","2024-06-05T00:17:23.845Z","ask"
"0.2241","1000","2024-06-05T00:17:23.845Z","ask"
"0.2285","300","2024-06-05T00:17:23.845Z","ask"
"0.23","803912","2024-06-05T00:17:23.845Z","ask"
"0.231","54512","2024-06-05T00:17:23.845Z","ask"
"0.232","92850","2024-06-05T00:17:23.845Z","ask"
"0.235","224257","2024-06-05T00:17:23.845Z","ask"
"0.2375","10000","2024-06-05T00:17:23.845Z","ask"
"0.238","1000","2024-06-05T00:17:23.845Z","ask"
"0.23976","10179","2024-06-05T00:17:23.845Z","ask"
"0.24","18704453","2024-06-05T00:17:23.845Z","ask"
"0.24013","500","2024-06-05T00:17:23.845Z","ask"
"0.2409","200000","2024-06-05T00:17:23.845Z","ask"
"0.2415","200000","2024-06-05T00:17:23.845Z","ask"
"0.2421","1000","2024-06-05T00:17:23.845Z","ask"
"0.24409","1000","2024-06-05T00:17:23.845Z","ask"
"0.245","120715","2024-06-05T00:17:23.845Z","ask"
"0.248","2000","2024-06-05T00:17:23.845Z","ask"
"0.2485","300","2024-06-05T00:17:23.845Z","ask"
"0.249","50000","2024-06-05T00:17:23.845Z","ask"
"0.2495","1208","2024-06-05T00:17:23.845Z","ask"
"0.2499","56168","2024-06-05T00:17:23.845Z","ask"
"0.25","7629548","2024-06-05T00:17:23.845Z","ask"
"0.2513","73073","2024-06-05T00:17:23.845Z","ask"
"0.2525","200000","2024-06-05T00:17:23.845Z","ask"
"0.255","1550792","2024-06-05T00:17:23.845Z","ask"
"0.2567","187863","2024-06-05T00:17:23.845Z","ask"
"0.26","83564","2024-06-05T00:17:23.845Z","ask"
"0.26407","1000","2024-06-05T00:17:23.845Z","ask"
"0.27","751123","2024-06-05T00:17:23.845Z","ask"
"0.274","1000","2024-06-05T00:17:23.845Z","ask"
"0.275","600","2024-06-05T00:17:23.845Z","ask"
"0.27675","374575","2024-06-05T00:17:23.845Z","ask"
"0.2785","300","2024-06-05T00:17:23.845Z","ask"
"0.28","5190580","2024-06-05T00:17:23.845Z","ask"
"0.2824","3500","2024-06-05T00:17:23.845Z","ask"
"0.28412","1000","2024-06-05T00:17:23.845Z","ask"
"0.2843","2500","2024-06-05T00:17:23.845Z","ask"
"0.289","111979","2024-06-05T00:17:23.845Z","ask"
"0.28999","397963","2024-06-05T00:17:23.845Z","ask"
"0.294","3000","2024-06-05T00:17:23.845Z","ask"
"0.295","906","2024-06-05T00:17:23.845Z","ask"
"0.2985","300","2024-06-05T00:17:23.845Z","ask"
"0.3","1781162","2024-06-05T00:17:23.845Z","ask"
"0.30041","349988","2024-06-05T00:17:23.845Z","ask"
"0.30407","1000","2024-06-05T00:17:23.845Z","ask"
"0.31","259755","2024-06-05T00:17:23.845Z","ask"
"0.3101","3672","2024-06-05T00:17:23.845Z","ask"
"0.32","300","2024-06-05T00:17:23.845Z","ask"
"0.3285","300","2024-06-05T00:17:23.845Z","ask"
"0.33","131921","2024-06-05T00:17:23.845Z","ask"
"0.3366","166317","2024-06-05T00:17:23.845Z","ask"
"0.34","28299","2024-06-05T00:17:23.845Z","ask"
"0.3432","3000","2024-06-05T00:17:23.845Z","ask"
"0.348","1500","2024-06-05T00:17:23.845Z","ask"
"0.3485","300","2024-06-05T00:17:23.845Z","ask"
"0.3499","59363","2024-06-05T00:17:23.845Z","ask"
"0.35","287689","2024-06-05T00:17:23.845Z","ask"
"0.35409","1500","2024-06-05T00:17:23.845Z","ask"
"0.356","17276","2024-06-05T00:17:23.845Z","ask"
"0.359","1360","2024-06-05T00:17:23.845Z","ask"
"0.36","35","2024-06-05T00:17:23.845Z","ask"
"0.363","200000","2024-06-05T00:17:23.845Z","ask"
"0.36885","16053","2024-06-05T00:17:23.845Z","ask"
"0.37","16459","2024-06-05T00:17:23.845Z","ask"
"0.374","1200","2024-06-05T00:17:23.845Z","ask"
"0.3785","300","2024-06-05T00:17:23.845Z","ask"
"0.38","11757","2024-06-05T00:17:23.845Z","ask"
"0.38464","111","2024-06-05T00:17:23.845Z","ask"
"0.3884","2500","2024-06-05T00:17:23.845Z","ask"
"0.3888","56021","2024-06-05T00:17:23.845Z","ask"
"0.389","1500","2024-06-05T00:17:23.845Z","ask"
"0.39","9475","2024-06-05T00:17:23.845Z","ask"
"0.394","2500","2024-06-05T00:17:23.845Z","ask"
"0.39535","44560","2024-06-05T00:17:23.845Z","ask"
"0.3975","87","2024-06-05T00:17:23.845Z","ask"
"0.3985","300","2024-06-05T00:17:23.845Z","ask"
"0.4","408200","2024-06-05T00:17:23.845Z","ask"
"0.40112","31947","2024-06-05T00:17:23.845Z","ask"
"0.41","686806","2024-06-05T00:17:23.845Z","ask"
"0.415","7088","2024-06-05T00:17:23.845Z","ask"
"0.42","282506","2024-06-05T00:17:23.845Z","ask"
"0.42218","399986","2024-06-05T00:17:23.845Z","ask"
"0.426","766415","2024-06-05T00:17:23.845Z","ask"
"0.43","10643137","2024-06-05T00:17:23.845Z","ask"
"0.4319","300","2024-06-05T00:17:23.845Z","ask"
"0.44","18828","2024-06-05T00:17:23.845Z","ask"
"0.448","1500","2024-06-05T00:17:23.845Z","ask"
"0.4485","300","2024-06-05T00:17:23.845Z","ask"
"0.45","266290","2024-06-05T00:17:23.845Z","ask"
"0.4541","1500","2024-06-05T00:17:23.845Z","ask"
"0.46","10000","2024-06-05T00:17:23.845Z","ask"
"0.469","2571","2024-06-05T00:17:23.845Z","ask"
"0.47","320300","2024-06-05T00:17:23.845Z","ask"
"0.472","561","2024-06-05T00:17:23.845Z","ask"
"0.474","1000","2024-06-05T00:17:23.845Z","ask"
"0.48","91598","2024-06-05T00:17:23.845Z","ask"
"0.485","749910","2024-06-05T00:17:23.845Z","ask"
"0.4874","3000","2024-06-05T00:17:23.845Z","ask"
"0.488","2000","2024-06-05T00:17:23.845Z","ask"
"0.489","2359","2024-06-05T00:17:23.845Z","ask"
"0.49","1157345","2024-06-05T00:17:23.845Z","ask"
"0.494","1500","2024-06-05T00:17:23.845Z","ask"
"0.4985","500","2024-06-05T00:17:23.845Z","ask"
"0.49859","231","2024-06-05T00:17:23.845Z","ask"
"0.49999","400","2024-06-05T00:17:23.845Z","ask"
"0.5","4791118","2024-06-05T00:17:23.845Z","ask"
"0.505","150175","2024-06-05T00:17:23.845Z","ask"
"0.51","134936","2024-06-05T00:17:23.845Z","ask"
"0.51378","73072","2024-06-05T00:17:23.845Z","ask"
"0.52","360379","2024-06-05T00:17:23.845Z","ask"
"0.53","40333","2024-06-05T00:17:23.845Z","ask"
"0.5485","500","2024-06-05T00:17:23.845Z","ask"
"0.55","2600","2024-06-05T00:17:23.845Z","ask"
"0.55407","1000","2024-06-05T00:17:23.845Z","ask"
"0.5555","560749","2024-06-05T00:17:23.845Z","ask"
"0.59","159954","2024-06-05T00:17:23.845Z","ask"
"0.5985","1000","2024-06-05T00:17:23.845Z","ask"
"0.6","3359899","2024-06-05T00:17:23.845Z","ask"
"0.61","500","2024-06-05T00:17:23.845Z","ask"
"0.62","207904","2024-06-05T00:17:23.845Z","ask"
"0.63","10300","2024-06-05T00:17:23.845Z","ask"
"0.636","200000","2024-06-05T00:17:23.845Z","ask"
"0.64","16213","2024-06-05T00:17:23.845Z","ask"
"0.65","1000","2024-06-05T00:17:23.845Z","ask"
"0.653","153539","2024-06-05T00:17:23.845Z","ask"
"0.6541","1000","2024-06-05T00:17:23.845Z","ask"
"0.67","100000","2024-06-05T00:17:23.845Z","ask"
"0.697","131","2024-06-05T00:17:23.845Z","ask"
"0.6985","2000","2024-06-05T00:17:23.845Z","ask"
"0.7","224765","2024-06-05T00:17:23.845Z","ask"
"0.71","21092","2024-06-05T00:17:23.845Z","ask"
"0.73","6081","2024-06-05T00:17:23.845Z","ask"
"0.735","400","2024-06-05T00:17:23.845Z","ask"
"0.75","502243","2024-06-05T00:17:23.845Z","ask"
"0.75408","1000","2024-06-05T00:17:23.845Z","ask"
"0.77","542787","2024-06-05T00:17:23.845Z","ask"
"0.0284","25000","2024-06-05T00:17:23.844Z","ask"
"0.0285","12644","2024-06-05T00:17:23.844Z","ask"
"0.02853","20773","2024-06-05T00:17:23.844Z","ask"
"0.02871","1717","2024-06-05T00:17:23.844Z","ask"
"0.02872","89842","2024-06-05T00:17:23.844Z","ask"
"0.0288","1189","2024-06-05T00:17:23.844Z","ask"
"0.02884","335","2024-06-05T00:17:23.844Z","ask"
"0.02888","11419","2024-06-05T00:17:23.844Z","ask"
"0.0289","2000","2024-06-05T00:17:23.844Z","ask"
"0.02894","9879","2024-06-05T00:17:23.844Z","ask"
"0.02897","60","2024-06-05T00:17:23.844Z","ask"
"0.029","882862","2024-06-05T00:17:23.844Z","ask"
"0.02905","600","2024-06-05T00:17:23.844Z","ask"
"0.02908","1000","2024-06-05T00:17:23.844Z","ask"
"0.0292","4576","2024-06-05T00:17:23.844Z","ask"
"0.0293","5701","2024-06-05T00:17:23.844Z","ask"
"0.02942","24345","2024-06-05T00:17:23.844Z","ask"
"0.02943","1022","2024-06-05T00:17:23.844Z","ask"
"0.02944","5000","2024-06-05T00:17:23.844Z","ask"
"0.02945","15000","2024-06-05T00:17:23.844Z","ask"
"0.0295","53399","2024-06-05T00:17:23.844Z","ask"
"0.0296","961000","2024-06-05T00:17:23.844Z","ask"
"0.0297","7415","2024-06-05T00:17:23.844Z","ask"
"0.02975","99760","2024-06-05T00:17:23.844Z","ask"
"0.02977","32037","2024-06-05T00:17:23.844Z","ask"
"0.0298","1991","2024-06-05T00:17:23.844Z","ask"
"0.02982","15000","2024-06-05T00:17:23.844Z","ask"
"0.02988","61768","2024-06-05T00:17:23.844Z","ask"
"0.0299","11000","2024-06-05T00:17:23.844Z","ask"
"0.02999","2450","2024-06-05T00:17:23.844Z","ask"
"0.03","8846931","2024-06-05T00:17:23.844Z","ask"
"0.0303","50000","2024-06-05T00:17:23.844Z","ask"
"0.03075","600","2024-06-05T00:17:23.844Z","ask"
"0.031","611540","2024-06-05T00:17:23.844Z","ask"
"0.03112","61","2024-06-05T00:17:23.844Z","ask"
"0.03125","106","2024-06-05T00:17:23.844Z","ask"
"0.03143","78","2024-06-05T00:17:23.844Z","ask"
"0.03144","5000","2024-06-05T00:17:23.844Z","ask"
"0.0316","33912","2024-06-05T00:17:23.844Z","ask"
"0.032","924970","2024-06-05T00:17:23.844Z","ask"
"0.0321","1234","2024-06-05T00:17:23.844Z","ask"
"0.0323","5749","2024-06-05T00:17:23.844Z","ask"
"0.0324","57500","2024-06-05T00:17:23.844Z","ask"
"0.0325","26594785","2024-06-05T00:17:23.844Z","ask"
"0.03254","20000","2024-06-05T00:17:23.844Z","ask"
"0.03255","600","2024-06-05T00:17:23.844Z","ask"
"0.03288","48024","2024-06-05T00:17:23.844Z","ask"
"0.0329","7901","2024-06-05T00:17:23.844Z","ask"
"0.03294","306","2024-06-05T00:17:23.844Z","ask"
"0.033","916655","2024-06-05T00:17:23.844Z","ask"
"0.0331","400","2024-06-05T00:17:23.844Z","ask"
"0.0333","3267","2024-06-05T00:17:23.844Z","ask"
"0.0337","60000","2024-06-05T00:17:23.844Z","ask"
"0.0338","300","2024-06-05T00:17:23.844Z","ask"
"0.034","21783","2024-06-05T00:17:23.844Z","ask"
"0.03409","1000","2024-06-05T00:17:23.844Z","ask"
"0.03412","1000","2024-06-05T00:17:23.844Z","ask"
"0.03444","5000","2024-06-05T00:17:23.844Z","ask"
"0.03445","600","2024-06-05T00:17:23.844Z","ask"
"0.0345","112849","2024-06-05T00:17:23.844Z","ask"
"0.03459","45000","2024-06-05T00:17:23.844Z","ask"
"0.0346","9000","2024-06-05T00:17:23.844Z","ask"
"0.0348","2889","2024-06-05T00:17:23.844Z","ask"
"0.03485","2881500","2024-06-05T00:17:23.844Z","ask"
"0.03491","24345","2024-06-05T00:17:23.844Z","ask"
"0.035","2096593","2024-06-05T00:17:23.844Z","ask"
"0.03523","8093","2024-06-05T00:17:23.844Z","ask"
"0.03525","9972","2024-06-05T00:17:23.844Z","ask"
"0.03555","2535","2024-06-05T00:17:23.844Z","ask"
"0.0356","101596","2024-06-05T00:17:23.844Z","ask"
"0.0357","188626","2024-06-05T00:17:23.844Z","ask"
"0.03575","6980","2024-06-05T00:17:23.844Z","ask"
"0.03577","300","2024-06-05T00:17:23.844Z","ask"
"0.03586","35000","2024-06-05T00:17:23.844Z","ask"
"0.03588","1822","2024-06-05T00:17:23.844Z","ask"
"0.0359","1005000","2024-06-05T00:17:23.844Z","ask"
"0.03599","1000","2024-06-05T00:17:23.844Z","ask"
"0.036","9788657","2024-06-05T00:17:23.844Z","ask"
"0.03618","1000","2024-06-05T00:17:23.844Z","ask"
"0.03624","871614","2024-06-05T00:17:23.844Z","ask"
"0.0364","95379","2024-06-05T00:17:23.844Z","ask"
"0.03645","600","2024-06-05T00:17:23.844Z","ask"
"0.03677","2000","2024-06-05T00:17:23.844Z","ask"
"0.0369","15000","2024-06-05T00:17:23.844Z","ask"
"0.037","3145120","2024-06-05T00:17:23.844Z","ask"
"0.0371","2288602","2024-06-05T00:17:23.844Z","ask"
"0.0372","104473","2024-06-05T00:17:23.844Z","ask"
"0.0374","6000","2024-06-05T00:17:23.844Z","ask"
"0.0375","69945","2024-06-05T00:17:23.844Z","ask"
"0.0377","12390","2024-06-05T00:17:23.844Z","ask"
"0.03772","6710","2024-06-05T00:17:23.844Z","ask"
"0.03777","500000","2024-06-05T00:17:23.844Z","ask"
"0.0378","100000","2024-06-05T00:17:23.844Z","ask"
"0.03785","3323","2024-06-05T00:17:23.844Z","ask"
"0.03786","3522","2024-06-05T00:17:23.844Z","ask"
"0.03793","24779","2024-06-05T00:17:23.844Z","ask"
"0.038","521915","2024-06-05T00:17:23.844Z","ask"
"0.0381","1385801","2024-06-05T00:17:23.844Z","ask"
"0.0382","400","2024-06-05T00:17:23.844Z","ask"
"0.03823","1193","2024-06-05T00:17:23.844Z","ask"
"0.03835","500","2024-06-05T00:17:23.844Z","ask"
"0.0384","3754","2024-06-05T00:17:23.844Z","ask"
"0.03842","13096","2024-06-05T00:17:23.844Z","ask"
"0.0387","13095","2024-06-05T00:17:23.844Z","ask"
"0.0389","30000","2024-06-05T00:17:23.844Z","ask"
"0.03898","2451","2024-06-05T00:17:23.844Z","ask"
"0.03899","1105","2024-06-05T00:17:23.844Z","ask"
"0.039","3434394","2024-06-05T00:17:23.844Z","ask"
"0.03923","140005","2024-06-05T00:17:23.844Z","ask"
"0.0393","554","2024-06-05T00:17:23.844Z","ask"
"0.0394","250","2024-06-05T00:17:23.844Z","ask"
"0.0395","103474","2024-06-05T00:17:23.844Z","ask"
"0.03958","2000","2024-06-05T00:17:23.844Z","ask"
"0.03959","56","2024-06-05T00:17:23.844Z","ask"
"0.0396","3537","2024-06-05T00:17:23.844Z","ask"
"0.0398","55349","2024-06-05T00:17:23.844Z","ask"
"0.03989","2000","2024-06-05T00:17:23.844Z","ask"
"0.0399","22500","2024-06-05T00:17:23.844Z","ask"
"0.03997","367","2024-06-05T00:17:23.844Z","ask"
"0.03998","2000","2024-06-05T00:17:23.844Z","ask"
"0.04","15564784","2024-06-05T00:17:23.844Z","ask"
"0.04035","500","2024-06-05T00:17:23.844Z","ask"
"0.0405","30000","2024-06-05T00:17:23.844Z","ask"
"0.0406","4322","2024-06-05T00:17:23.844Z","ask"
"0.04063","41566","2024-06-05T00:17:23.844Z","ask"
"0.041","367173","2024-06-05T00:17:23.844Z","ask"
"0.04195","80600","2024-06-05T00:17:23.844Z","ask"
"0.042","120991","2024-06-05T00:17:23.844Z","ask"
"0.04211","1329","2024-06-05T00:17:23.844Z","ask"
"0.0423","5000","2024-06-05T00:17:23.844Z","ask"
"0.04235","500","2024-06-05T00:17:23.844Z","ask"
"0.0424","500","2024-06-05T00:17:23.844Z","ask"
"0.04242","7677","2024-06-05T00:17:23.844Z","ask"
"0.0425","15500","2024-06-05T00:17:23.844Z","ask"
"0.04273","10000","2024-06-05T00:17:23.844Z","ask"
"0.0429","13580","2024-06-05T00:17:23.844Z","ask"
"0.04299","2079","2024-06-05T00:17:23.844Z","ask"
"0.043","46511","2024-06-05T00:17:23.844Z","ask"
"0.0431","300","2024-06-05T00:17:23.844Z","ask"
"0.04374","24345","2024-06-05T00:17:23.844Z","ask"
"0.044","255674","2024-06-05T00:17:23.844Z","ask"
"0.04412","1000","2024-06-05T00:17:23.844Z","ask"
"0.04434","5674","2024-06-05T00:17:23.844Z","ask"
"0.04435","500","2024-06-05T00:17:23.844Z","ask"
"0.0444","10293","2024-06-05T00:17:23.844Z","ask"
"0.04444","1002500","2024-06-05T00:17:23.844Z","ask"
"0.0445","22471","2024-06-05T00:17:23.844Z","ask"
"0.04457","2271","2024-06-05T00:17:23.844Z","ask"
"0.04477","4750","2024-06-05T00:17:23.844Z","ask"
"0.0448","1000000","2024-06-05T00:17:23.844Z","ask"
"0.0449","88559","2024-06-05T00:17:23.844Z","ask"
"0.04498","12000","2024-06-05T00:17:23.844Z","ask"
"0.04499","400","2024-06-05T00:17:23.844Z","ask"
"0.045","418870","2024-06-05T00:17:23.844Z","ask"
"0.0452","5000","2024-06-05T00:17:23.844Z","ask"
"0.0454","25000","2024-06-05T00:17:23.844Z","ask"
"0.04556","500","2024-06-05T00:17:23.844Z","ask"
"0.04567","1234","2024-06-05T00:17:23.844Z","ask"
"0.0457","2199","2024-06-05T00:17:23.844Z","ask"
"0.04575","960","2024-06-05T00:17:23.844Z","ask"
"0.0458","21018","2024-06-05T00:17:23.844Z","ask"
"0.046","1042530","2024-06-05T00:17:23.844Z","ask"
"0.04614","80600","2024-06-05T00:17:23.844Z","ask"
"0.04634","871614","2024-06-05T00:17:23.844Z","ask"
"0.04635","400","2024-06-05T00:17:23.844Z","ask"
"0.0464","10775","2024-06-05T00:17:23.844Z","ask"
"0.0465","204834","2024-06-05T00:17:23.844Z","ask"
"0.04657","9000","2024-06-05T00:17:23.844Z","ask"
"0.0468","300","2024-06-05T00:17:23.844Z","ask"
"0.047","304000","2024-06-05T00:17:23.844Z","ask"
"0.04709","1000","2024-06-05T00:17:23.844Z","ask"
"0.04715","5370","2024-06-05T00:17:23.844Z","ask"
"0.0472","25464","2024-06-05T00:17:23.844Z","ask"
"0.04731","6955","2024-06-05T00:17:23.844Z","ask"
"0.0474","4705","2024-06-05T00:17:23.844Z","ask"
"0.0475","36204","2024-06-05T00:17:23.844Z","ask"
"0.0476","6863","2024-06-05T00:17:23.844Z","ask"
"0.0479","5000","2024-06-05T00:17:23.844Z","ask"
"0.048","452455","2024-06-05T00:17:23.844Z","ask"
"0.04809","15820","2024-06-05T00:17:23.844Z","ask"
"0.0481","543","2024-06-05T00:17:23.844Z","ask"
"0.0482","49082","2024-06-05T00:17:23.844Z","ask"
"0.04835","400","2024-06-05T00:17:23.844Z","ask"
"0.04837","810","2024-06-05T00:17:23.844Z","ask"
"0.04838","80600","2024-06-05T00:17:23.844Z","ask"
"0.0484","138","2024-06-05T00:17:23.844Z","ask"
"0.0485","446882","2024-06-05T00:17:23.844Z","ask"
"0.0486","30000","2024-06-05T00:17:23.844Z","ask"
"0.04888","102045","2024-06-05T00:17:23.844Z","ask"
"0.0489","322173","2024-06-05T00:17:23.844Z","ask"
"0.049","1387089","2024-06-05T00:17:23.844Z","ask"
"0.04901","3801","2024-06-05T00:17:23.844Z","ask"
"0.0491","15000000","2024-06-05T00:17:23.844Z","ask"
"0.04943","25000","2024-06-05T00:17:23.844Z","ask"
"0.04947","180000","2024-06-05T00:17:23.844Z","ask"
"0.0495","16807","2024-06-05T00:17:23.844Z","ask"
"0.0496","332827","2024-06-05T00:17:23.844Z","ask"
"0.0497","10580","2024-06-05T00:17:23.844Z","ask"
"0.0498","48300","2024-06-05T00:17:23.844Z","ask"
"0.04982","15000","2024-06-05T00:17:23.844Z","ask"
"0.0499","25879","2024-06-05T00:17:23.844Z","ask"
"0.04999","368","2024-06-05T00:17:23.844Z","ask"
"0.05","13850863","2024-06-05T00:17:23.844Z","ask"
"0.05001","2442","2024-06-05T00:17:23.844Z","ask"
"0.05035","400","2024-06-05T00:17:23.844Z","ask"
"0.0505","215659","2024-06-05T00:17:23.844Z","ask"
"0.05082","379","2024-06-05T00:17:23.844Z","ask"
"0.0509","53059","2024-06-05T00:17:23.844Z","ask"
"0.051","1025957","2024-06-05T00:17:23.844Z","ask"
"0.0512","3754","2024-06-05T00:17:23.844Z","ask"
"0.05154","13180","2024-06-05T00:17:23.844Z","ask"
"0.0518","1000","2024-06-05T00:17:23.844Z","ask"
"0.052","296059","2024-06-05T00:17:23.844Z","ask"
"0.0521","1000","2024-06-05T00:17:23.844Z","ask"
"0.0522","25","2024-06-05T00:17:23.844Z","ask"
"0.05235","400","2024-06-05T00:17:23.844Z","ask"
"0.0525","15000","2024-06-05T00:17:23.844Z","ask"
"0.053","188174","2024-06-05T00:17:23.844Z","ask"
"0.0531","25000","2024-06-05T00:17:23.844Z","ask"
"0.05319","210","2024-06-05T00:17:23.844Z","ask"
"0.0532","4739","2024-06-05T00:17:23.844Z","ask"
"0.0534","19918","2024-06-05T00:17:23.844Z","ask"
"0.05346","101066","2024-06-05T00:17:23.844Z","ask"
"0.05365","1250","2024-06-05T00:17:23.844Z","ask"
"0.05383","111","2024-06-05T00:17:23.844Z","ask"
"0.054","863433","2024-06-05T00:17:23.844Z","ask"
"0.05412","1000","2024-06-05T00:17:23.844Z","ask"
"0.05435","400","2024-06-05T00:17:23.844Z","ask"
"0.0544","25","2024-06-05T00:17:23.844Z","ask"
"0.055","902250","2024-06-05T00:17:23.844Z","ask"
"0.05514","100000","2024-06-05T00:17:23.844Z","ask"
"0.0555","35717","2024-06-05T00:17:23.844Z","ask"
"0.05555","43308","2024-06-05T00:17:23.844Z","ask"
"0.05575","36022","2024-06-05T00:17:23.844Z","ask"
"0.05599","600","2024-06-05T00:17:23.844Z","ask"
"0.056","41590","2024-06-05T00:17:23.844Z","ask"
"0.05633","1902","2024-06-05T00:17:23.844Z","ask"
"0.05635","300","2024-06-05T00:17:23.844Z","ask"
"0.0567","98064","2024-06-05T00:17:23.844Z","ask"
"0.05693","7415","2024-06-05T00:17:23.844Z","ask"
"0.05699","212704","2024-06-05T00:17:23.844Z","ask"
"0.057","44873","2024-06-05T00:17:23.844Z","ask"
"0.0573","480","2024-06-05T00:17:23.844Z","ask"
"0.05736","84493","2024-06-05T00:17:23.844Z","ask"
"0.0575","17370","2024-06-05T00:17:23.844Z","ask"
"0.0576","300","2024-06-05T00:17:23.844Z","ask"
"0.058","792900","2024-06-05T00:17:23.844Z","ask"
"0.05807","24345","2024-06-05T00:17:23.844Z","ask"
"0.05822","250000","2024-06-05T00:17:23.844Z","ask"
"0.05835","300","2024-06-05T00:17:23.844Z","ask"
"0.0585","200000","2024-06-05T00:17:23.844Z","ask"
"0.0588","25","2024-06-05T00:17:23.844Z","ask"
"0.0589","10000","2024-06-05T00:17:23.844Z","ask"
"0.059","752032","2024-06-05T00:17:23.844Z","ask"
"0.0592","2837","2024-06-05T00:17:23.844Z","ask"
"0.0593","6500000","2024-06-05T00:17:23.844Z","ask"
"0.0595","3250","2024-06-05T00:17:23.844Z","ask"
"0.05955","50000","2024-06-05T00:17:23.844Z","ask"
"0.05956","3500","2024-06-05T00:17:23.844Z","ask"
"0.05959","287730","2024-06-05T00:17:23.844Z","ask"
"0.0598","796082","2024-06-05T00:17:23.844Z","ask"
"0.05989","2555","2024-06-05T00:17:23.844Z","ask"
"0.06","10749499","2024-06-05T00:17:23.844Z","ask"
"0.06035","300","2024-06-05T00:17:23.844Z","ask"
"0.0605","420","2024-06-05T00:17:23.844Z","ask"
"0.06055","80600","2024-06-05T00:17:23.844Z","ask"
"0.06064","857","2024-06-05T00:17:23.844Z","ask"
"0.06095","41762","2024-06-05T00:17:23.844Z","ask"
"0.061","78012","2024-06-05T00:17:23.844Z","ask"
"0.0616","32840871","2024-06-05T00:17:23.844Z","ask"
"0.062","48803","2024-06-05T00:17:23.844Z","ask"
"0.0621","2149","2024-06-05T00:17:23.844Z","ask"
"0.0623","22705","2024-06-05T00:17:23.844Z","ask"
"0.06235","300","2024-06-05T00:17:23.844Z","ask"
"0.0624","1000","2024-06-05T00:17:23.844Z","ask"
"0.0625","23238","2024-06-05T00:17:23.844Z","ask"
"0.063","21225","2024-06-05T00:17:23.844Z","ask"
"0.06301","300","2024-06-05T00:17:23.844Z","ask"
"0.06382","300","2024-06-05T00:17:23.844Z","ask"
"0.064","12516","2024-06-05T00:17:23.844Z","ask"
"0.06408","1000","2024-06-05T00:17:23.844Z","ask"
"0.0642","3137","2024-06-05T00:17:23.844Z","ask"
"0.06435","300","2024-06-05T00:17:23.844Z","ask"
"0.0648","30000","2024-06-05T00:17:23.844Z","ask"
"0.06486","17","2024-06-05T00:17:23.844Z","ask"
"0.0649","20000","2024-06-05T00:17:23.844Z","ask"
"0.06499","1250","2024-06-05T00:17:23.844Z","ask"
"0.065","876144","2024-06-05T00:17:23.844Z","ask"
"0.06503","47539","2024-06-05T00:17:23.844Z","ask"
"0.0651","80","2024-06-05T00:17:23.844Z","ask"
"0.0654","1234","2024-06-05T00:17:23.844Z","ask"
"0.066","271159","2024-06-05T00:17:23.844Z","ask"
"0.06655","420","2024-06-05T00:17:23.844Z","ask"
"0.0666","89878","2024-06-05T00:17:23.844Z","ask"
"0.06664","15052","2024-06-05T00:17:23.844Z","ask"
"0.06666","25000","2024-06-05T00:17:23.844Z","ask"
"0.0668","4491","2024-06-05T00:17:23.844Z","ask"
"0.067","225110","2024-06-05T00:17:23.844Z","ask"
"0.06705","30077","2024-06-05T00:17:23.844Z","ask"
"0.0674","8138","2024-06-05T00:17:23.844Z","ask"
"0.0675","15000","2024-06-05T00:17:23.844Z","ask"
"0.068","7836778","2024-06-05T00:17:23.844Z","ask"
"0.0681","191250","2024-06-05T00:17:23.844Z","ask"
"0.0685","12725","2024-06-05T00:17:23.844Z","ask"
"0.06861","1000","2024-06-05T00:17:23.844Z","ask"
"0.06887","3302","2024-06-05T00:17:23.844Z","ask"
"0.0689","10000","2024-06-05T00:17:23.844Z","ask"
"0.069","777697","2024-06-05T00:17:23.844Z","ask"
"0.06921","32000","2024-06-05T00:17:23.844Z","ask"
"0.0694","202959","2024-06-05T00:17:23.844Z","ask"
"0.0696","1000","2024-06-05T00:17:23.844Z","ask"
"0.06965","24345","2024-06-05T00:17:23.844Z","ask"
"0.0699","6423","2024-06-05T00:17:23.844Z","ask"
"0.07","9205306","2024-06-05T00:17:23.844Z","ask"
"0.07052","41147","2024-06-05T00:17:23.844Z","ask"
"0.0707","151489","2024-06-05T00:17:23.844Z","ask"
"0.07075","17","2024-06-05T00:17:23.844Z","ask"
"0.07085","60331","2024-06-05T00:17:23.844Z","ask"
"0.07099","25722","2024-06-05T00:17:23.844Z","ask"
"0.071","475656","2024-06-05T00:17:23.844Z","ask"
"0.0717","5000","2024-06-05T00:17:23.844Z","ask"
"0.0718","25022","2024-06-05T00:17:23.844Z","ask"
"0.07199","64787","2024-06-05T00:17:23.844Z","ask"
"0.072","80971","2024-06-05T00:17:23.844Z","ask"
"0.07201","6760","2024-06-05T00:17:23.844Z","ask"
"0.07249","8000","2024-06-05T00:17:23.844Z","ask"
"0.0725","20000","2024-06-05T00:17:23.844Z","ask"
"0.07286","56795","2024-06-05T00:17:23.844Z","ask"
"0.0729","1720347","2024-06-05T00:17:23.844Z","ask"
"0.07299","5801","2024-06-05T00:17:23.844Z","ask"
"0.073","95552","2024-06-05T00:17:23.844Z","ask"
"0.07379","56754","2024-06-05T00:17:23.844Z","ask"
"0.07388","507","2024-06-05T00:17:23.844Z","ask"
"0.074","1301109","2024-06-05T00:17:23.844Z","ask"
"0.07411","1000","2024-06-05T00:17:23.844Z","ask"
"0.0744","6119","2024-06-05T00:17:23.844Z","ask"
"0.07443","300","2024-06-05T00:17:23.844Z","ask"
"0.07465","19421","2024-06-05T00:17:23.844Z","ask"
"0.0748","4222","2024-06-05T00:17:23.844Z","ask"
"0.075","5819458","2024-06-05T00:17:23.844Z","ask"
"0.07533","1426","2024-06-05T00:17:23.844Z","ask"
"0.07553","40000","2024-06-05T00:17:23.844Z","ask"
"0.07566","200000","2024-06-05T00:17:23.844Z","ask"
"0.0757","300","2024-06-05T00:17:23.844Z","ask"
"0.076","27227","2024-06-05T00:17:23.844Z","ask"
"0.07611","2486","2024-06-05T00:17:23.844Z","ask"
"0.0762","20000","2024-06-05T00:17:23.844Z","ask"
"0.0763","20000","2024-06-05T00:17:23.844Z","ask"
"0.0764","10000","2024-06-05T00:17:23.844Z","ask"
"0.0765","30000","2024-06-05T00:17:23.844Z","ask"
"0.07658","3490","2024-06-05T00:17:23.844Z","ask"
"0.0766","10000","2024-06-05T00:17:23.844Z","ask"
"0.07665","17","2024-06-05T00:17:23.844Z","ask"
"0.0768","10000","2024-06-05T00:17:23.844Z","ask"
"0.077","562207","2024-06-05T00:17:23.844Z","ask"
"0.0772","10000","2024-06-05T00:17:23.844Z","ask"
"0.0775","20000","2024-06-05T00:17:23.844Z","ask"
"0.0777","317105","2024-06-05T00:17:23.844Z","ask"
"0.078","13305","2024-06-05T00:17:23.844Z","ask"
"0.0781","10000","2024-06-05T00:17:23.844Z","ask"
"0.0782","10000","2024-06-05T00:17:23.844Z","ask"
"0.0783","10637","2024-06-05T00:17:23.844Z","ask"
"0.0785","30000","2024-06-05T00:17:23.844Z","ask"
"0.07873","300","2024-06-05T00:17:23.844Z","ask"
"0.07898","1273","2024-06-05T00:17:23.844Z","ask"
"0.079","1056238","2024-06-05T00:17:23.844Z","ask"
"0.0791","10000","2024-06-05T00:17:23.844Z","ask"
"0.0792","10000","2024-06-05T00:17:23.844Z","ask"
"0.0794","4500","2024-06-05T00:17:23.844Z","ask"
"0.08","7492576","2024-06-05T00:17:23.844Z","ask"
"0.0801","10000","2024-06-05T00:17:23.844Z","ask"
"0.08027","6263","2024-06-05T00:17:23.844Z","ask"
"0.081","117000","2024-06-05T00:17:23.844Z","ask"
"0.0812","10000","2024-06-05T00:17:23.844Z","ask"
"0.08122","24345","2024-06-05T00:17:23.844Z","ask"
"0.08199","750","2024-06-05T00:17:23.844Z","ask"
"0.082","66037","2024-06-05T00:17:23.844Z","ask"
"0.0821","10000","2024-06-05T00:17:23.844Z","ask"
"0.0822","10000","2024-06-05T00:17:23.844Z","ask"
"0.0825","21321","2024-06-05T00:17:23.844Z","ask"
"0.08254","17","2024-06-05T00:17:23.844Z","ask"
"0.0827","3000","2024-06-05T00:17:23.844Z","ask"
"0.083","365882","2024-06-05T00:17:23.844Z","ask"
"0.0833","21370","2024-06-05T00:17:23.844Z","ask"
"0.084","510240","2024-06-05T00:17:23.844Z","ask"
"0.08411","1000","2024-06-05T00:17:23.844Z","ask"
"0.0845","1190","2024-06-05T00:17:23.844Z","ask"
"0.08489","20000","2024-06-05T00:17:23.844Z","ask"
"0.0849","341000","2024-06-05T00:17:23.844Z","ask"
"0.085","1868128","2024-06-05T00:17:23.844Z","ask"
"0.0851","10000","2024-06-05T00:17:23.844Z","ask"
"0.0852","20000","2024-06-05T00:17:23.844Z","ask"
"0.0853","10000","2024-06-05T00:17:23.844Z","ask"
"0.0854","10000","2024-06-05T00:17:23.844Z","ask"
"0.08541","10000","2024-06-05T00:17:23.844Z","ask"
"0.086","232549","2024-06-05T00:17:23.844Z","ask"
"0.0861","10000","2024-06-05T00:17:23.844Z","ask"
"0.0862","11000","2024-06-05T00:17:23.844Z","ask"
"0.0863","10000","2024-06-05T00:17:23.844Z","ask"
"0.0866","30000","2024-06-05T00:17:23.844Z","ask"
"0.08686","300","2024-06-05T00:17:23.844Z","ask"
"0.08693","9710","2024-06-05T00:17:23.844Z","ask"
"0.087","648966","2024-06-05T00:17:23.844Z","ask"
"0.0871","10000","2024-06-05T00:17:23.844Z","ask"
"0.08712","20000","2024-06-05T00:17:23.844Z","ask"
"0.0875","40000","2024-06-05T00:17:23.844Z","ask"
"0.0876","5000","2024-06-05T00:17:23.844Z","ask"
"0.0879","5000","2024-06-05T00:17:23.844Z","ask"
"0.088","77414","2024-06-05T00:17:23.844Z","ask"
"0.0881","10000","2024-06-05T00:17:23.844Z","ask"
"0.0884","112","2024-06-05T00:17:23.844Z","ask"
"0.0885","15322","2024-06-05T00:17:23.844Z","ask"
"0.08855","5276","2024-06-05T00:17:23.844Z","ask"
"0.0888","106686","2024-06-05T00:17:23.844Z","ask"
"0.08888","439520","2024-06-05T00:17:23.844Z","ask"
"0.0889","7000","2024-06-05T00:17:23.844Z","ask"
"0.08891","12153","2024-06-05T00:17:23.844Z","ask"
"0.089","1470523","2024-06-05T00:17:23.844Z","ask"
"0.0891","42655","2024-06-05T00:17:23.844Z","ask"
"0.0894","37158","2024-06-05T00:17:23.844Z","ask"
"0.08943","9483","2024-06-05T00:17:23.844Z","ask"
"0.0895","1913","2024-06-05T00:17:23.844Z","ask"
"0.09","5860072","2024-06-05T00:17:23.844Z","ask"
"0.0903","768","2024-06-05T00:17:23.844Z","ask"
"0.091","455297","2024-06-05T00:17:23.844Z","ask"
"0.09141","10000","2024-06-05T00:17:23.844Z","ask"
"0.0915","1649","2024-06-05T00:17:23.844Z","ask"
"0.092","1446810","2024-06-05T00:17:23.844Z","ask"
"0.0921","22710","2024-06-05T00:17:23.844Z","ask"
"0.0923","17067","2024-06-05T00:17:23.844Z","ask"
"0.0924","2000","2024-06-05T00:17:23.844Z","ask"
"0.0925","20000","2024-06-05T00:17:23.844Z","ask"
"0.09271","3000","2024-06-05T00:17:23.844Z","ask"
"0.093","11623","2024-06-05T00:17:23.844Z","ask"
"0.0933","2803","2024-06-05T00:17:23.844Z","ask"
"0.0936","24932","2024-06-05T00:17:23.844Z","ask"
"0.0938","2774","2024-06-05T00:17:23.844Z","ask"
"0.094","280732","2024-06-05T00:17:23.844Z","ask"
"0.0941","1000","2024-06-05T00:17:23.844Z","ask"
"0.09411","300","2024-06-05T00:17:23.844Z","ask"
"0.0948","7000","2024-06-05T00:17:23.844Z","ask"
"0.0949","22717","2024-06-05T00:17:23.844Z","ask"
"0.09498","696","2024-06-05T00:17:23.844Z","ask"
"0.09499","750","2024-06-05T00:17:23.844Z","ask"
"0.095","235926","2024-06-05T00:17:23.844Z","ask"
"0.096","164634","2024-06-05T00:17:23.844Z","ask"
"0.09633","34668","2024-06-05T00:17:23.844Z","ask"
"0.09634","67336","2024-06-05T00:17:23.844Z","ask"
"0.0965","1564","2024-06-05T00:17:23.844Z","ask"
"0.09675","158793","2024-06-05T00:17:23.844Z","ask"
"0.097","1026326","2024-06-05T00:17:23.844Z","ask"
"0.09729","523","2024-06-05T00:17:23.844Z","ask"
"0.09731","60448","2024-06-05T00:17:23.844Z","ask"
"0.09736","6212","2024-06-05T00:17:23.844Z","ask"
"0.0975","196901","2024-06-05T00:17:23.844Z","ask"
"0.0979","24345","2024-06-05T00:17:23.844Z","ask"
"0.098","930762","2024-06-05T00:17:23.844Z","ask"
"0.09845","38936","2024-06-05T00:17:23.844Z","ask"
"0.0987","4277","2024-06-05T00:17:23.844Z","ask"
"0.0989","6525","2024-06-05T00:17:23.844Z","ask"
"0.099","478894","2024-06-05T00:17:23.844Z","ask"
"0.0995","10677","2024-06-05T00:17:23.844Z","ask"
"0.0999","2519","2024-06-05T00:17:23.844Z","ask"
"0.09999","1007","2024-06-05T00:17:23.844Z","ask"
"0.1","48402312","2024-06-05T00:17:23.844Z","ask"
"0.10009","357","2024-06-05T00:17:23.844Z","ask"
"0.1003","100593","2024-06-05T00:17:23.844Z","ask"
"0.1004","20000","2024-06-05T00:17:23.844Z","ask"
"0.1006","20056","2024-06-05T00:17:23.844Z","ask"
"0.1007","3000","2024-06-05T00:17:23.844Z","ask"
"0.1009","532","2024-06-05T00:17:23.844Z","ask"
"0.101","11960","2024-06-05T00:17:23.844Z","ask"
"0.1013","30000","2024-06-05T00:17:23.844Z","ask"
"0.10166","1250","2024-06-05T00:17:23.844Z","ask"
"0.1018","325","2024-06-05T00:17:23.844Z","ask"
"0.10199","1000","2024-06-05T00:17:23.844Z","ask"
"0.102","408968","2024-06-05T00:17:23.844Z","ask"
"0.1025","11998","2024-06-05T00:17:23.844Z","ask"
"0.103","1037","2024-06-05T00:17:23.844Z","ask"
"0.1037","1","2024-06-05T00:17:23.844Z","ask"
"0.10371","1","2024-06-05T00:17:23.844Z","ask"
"0.104","94593","2024-06-05T00:17:23.844Z","ask"
"0.1041","1500","2024-06-05T00:17:23.844Z","ask"
"0.105","120939","2024-06-05T00:17:23.844Z","ask"
"0.1055","60000","2024-06-05T00:17:23.844Z","ask"
"0.10752","24345","2024-06-05T00:17:23.844Z","ask"
"0.10777","100000","2024-06-05T00:17:23.844Z","ask"
"0.108","3237","2024-06-05T00:17:23.844Z","ask"
"0.10807","106367","2024-06-05T00:17:23.844Z","ask"
"0.1082","430","2024-06-05T00:17:23.844Z","ask"
"0.1088","353636","2024-06-05T00:17:23.844Z","ask"
"0.10899","600","2024-06-05T00:17:23.844Z","ask"
"0.109","11000","2024-06-05T00:17:23.844Z","ask"
"0.11","7778143","2024-06-05T00:17:23.844Z","ask"
"0.1101","464838","2024-06-05T00:17:23.844Z","ask"
"0.111","15272","2024-06-05T00:17:23.844Z","ask"
"0.1111","70210","2024-06-05T00:17:23.844Z","ask"
"0.11111","11226","2024-06-05T00:17:23.844Z","ask"
"0.1115","512","2024-06-05T00:17:23.844Z","ask"
"0.112","350000","2024-06-05T00:17:23.844Z","ask"
"0.1125","917643","2024-06-05T00:17:23.844Z","ask"
"0.114","10000","2024-06-05T00:17:23.844Z","ask"
"0.11408","1500","2024-06-05T00:17:23.844Z","ask"
"0.1145","44474","2024-06-05T00:17:23.844Z","ask"
"0.115","1122855","2024-06-05T00:17:23.844Z","ask"
"0.11564","84787","2024-06-05T00:17:23.844Z","ask"
"0.11572","2586","2024-06-05T00:17:23.844Z","ask"
"0.116","250","2024-06-05T00:17:23.844Z","ask"
"0.1167","223764","2024-06-05T00:17:23.844Z","ask"
"0.117","59","2024-06-05T00:17:23.844Z","ask"
"0.1178","5575","2024-06-05T00:17:23.844Z","ask"
"0.118","6201","2024-06-05T00:17:23.844Z","ask"
"0.1185","300","2024-06-05T00:17:23.844Z","ask"
"0.1186","4061","2024-06-05T00:17:23.844Z","ask"
"0.11871","24346","2024-06-05T00:17:23.844Z","ask"
"0.119","52345","2024-06-05T00:17:23.844Z","ask"
"0.11901","300","2024-06-05T00:17:23.844Z","ask"
"0.1195","960","2024-06-05T00:17:23.844Z","ask"
"0.1197","100000","2024-06-05T00:17:23.844Z","ask"
"0.11999","900","2024-06-05T00:17:23.844Z","ask"
"0.12","19976730","2024-06-05T00:17:23.844Z","ask"
"0.12013","509","2024-06-05T00:17:23.844Z","ask"
"0.12051","785","2024-06-05T00:17:23.844Z","ask"
"0.1208","3007","2024-06-05T00:17:23.844Z","ask"
"0.121","23433","2024-06-05T00:17:23.844Z","ask"
"0.1211","12205","2024-06-05T00:17:23.844Z","ask"
"0.122","1122519","2024-06-05T00:17:23.844Z","ask"
"0.12221","89","2024-06-05T00:17:23.844Z","ask"
"0.1225","5964","2024-06-05T00:17:23.844Z","ask"
"0.1229","2097","2024-06-05T00:17:23.844Z","ask"
"0.123","2651047","2024-06-05T00:17:23.844Z","ask"
"0.1232","16207","2024-06-05T00:17:23.844Z","ask"
"0.1234","13006","2024-06-05T00:17:23.844Z","ask"
"0.12345","54087","2024-06-05T00:17:23.844Z","ask"
"0.124","420","2024-06-05T00:17:23.844Z","ask"
"0.1242","15000","2024-06-05T00:17:23.844Z","ask"
"0.1243","1000","2024-06-05T00:17:23.844Z","ask"
"0.12493","1500","2024-06-05T00:17:23.844Z","ask"
"0.125","2309925","2024-06-05T00:17:23.844Z","ask"
"0.1253","6421","2024-06-05T00:17:23.844Z","ask"
"0.126","800000","2024-06-05T00:17:23.844Z","ask"
"0.1269","128145","2024-06-05T00:17:23.844Z","ask"
"0.12699","650","2024-06-05T00:17:23.844Z","ask"
"0.127","32682","2024-06-05T00:17:23.844Z","ask"
"0.1272","4765","2024-06-05T00:17:23.844Z","ask"
"0.12743","7949","2024-06-05T00:17:23.844Z","ask"
"0.1275","8000","2024-06-05T00:17:23.844Z","ask"
"0.128","93","2024-06-05T00:17:23.844Z","ask"
"0.1286","25039","2024-06-05T00:17:23.844Z","ask"
"0.129","537785","2024-06-05T00:17:23.844Z","ask"
"0.13","14306284","2024-06-05T00:17:23.844Z","ask"
"0.13099","1350","2024-06-05T00:17:23.844Z","ask"
"0.131","470","2024-06-05T00:17:23.844Z","ask"
"0.132","4550","2024-06-05T00:17:23.844Z","ask"
"0.133","751","2024-06-05T00:17:23.844Z","ask"
"0.1335","4523","2024-06-05T00:17:23.844Z","ask"
"0.13409","1500","2024-06-05T00:17:23.844Z","ask"
"0.1342","127442","2024-06-05T00:17:23.844Z","ask"
"0.135","4703","2024-06-05T00:17:23.844Z","ask"
"0.138","10000","2024-06-05T00:17:23.844Z","ask"
"0.1385","300","2024-06-05T00:17:23.844Z","ask"
"0.13888","24916","2024-06-05T00:17:23.844Z","ask"
"0.1389","2000","2024-06-05T00:17:23.844Z","ask"
"0.139","12491","2024-06-05T00:17:23.844Z","ask"
"0.14","2520762","2024-06-05T00:17:23.844Z","ask"
"0.14099","300","2024-06-05T00:17:23.844Z","ask"
"0.14177","1250","2024-06-05T00:17:23.844Z","ask"
"0.142","383293","2024-06-05T00:17:23.844Z","ask"
"0.14409","1500","2024-06-05T00:17:23.844Z","ask"
"0.14499","16526","2024-06-05T00:17:23.844Z","ask"
"0.147","4000","2024-06-05T00:17:23.844Z","ask"
"0.1472","681094","2024-06-05T00:17:23.844Z","ask"
"0.148","1190","2024-06-05T00:17:23.844Z","ask"
"0.1482","10169","2024-06-05T00:17:23.844Z","ask"
"0.1489","3000","2024-06-05T00:17:23.844Z","ask"
"0.149","2648","2024-06-05T00:17:23.844Z","ask"
"0.1497","2000","2024-06-05T00:17:23.844Z","ask"
"0.1499","672","2024-06-05T00:17:23.844Z","ask"
"0.15","9409400","2024-06-05T00:17:23.844Z","ask"
"0.15029","19975","2024-06-05T00:17:23.844Z","ask"
"0.152","39822","2024-06-05T00:17:23.844Z","ask"
"0.153","10000","2024-06-05T00:17:23.844Z","ask"
"0.15409","1500","2024-06-05T00:17:23.844Z","ask"
"0.15468","5275","2024-06-05T00:17:23.844Z","ask"
"0.1549","108250","2024-06-05T00:17:23.844Z","ask"
"0.155","4263848","2024-06-05T00:17:23.844Z","ask"
"0.157","100088","2024-06-05T00:17:23.844Z","ask"
"0.159","500","2024-06-05T00:17:23.844Z","ask"
"0.15999","1050","2024-06-05T00:17:23.844Z","ask"
"0.16","689231","2024-06-05T00:17:23.844Z","ask"
"0.16049","13641","2024-06-05T00:17:23.844Z","ask"
"0.16104","20970","2024-06-05T00:17:23.844Z","ask"
"0.162","401","2024-06-05T00:17:23.844Z","ask"
"0.16409","1500","2024-06-05T00:17:23.844Z","ask"
"0.165","100122","2024-06-05T00:17:23.844Z","ask"
"0.1685","300","2024-06-05T00:17:23.844Z","ask"
"0.169","3576","2024-06-05T00:17:23.844Z","ask"
"0.17","1569745","2024-06-05T00:17:23.844Z","ask"
"0.172","23485","2024-06-05T00:17:23.844Z","ask"
"0.173","101397","2024-06-05T00:17:23.844Z","ask"
"0.1741","1500","2024-06-05T00:17:23.844Z","ask"
"0.1743","1000","2024-06-05T00:17:23.844Z","ask"
"0.1748","2500","2024-06-05T00:17:23.844Z","ask"
"0.175","64718","2024-06-05T00:17:23.844Z","ask"
"0.177","1071","2024-06-05T00:17:23.844Z","ask"
"0.17777","300","2024-06-05T00:17:23.844Z","ask"
"0.179","2175","2024-06-05T00:17:23.844Z","ask"
"0.1798","2500","2024-06-05T00:17:23.844Z","ask"
"0.18","1387614","2024-06-05T00:17:23.844Z","ask"
"0.181","65152","2024-06-05T00:17:23.844Z","ask"
"0.1811","10320","2024-06-05T00:17:23.844Z","ask"
"0.182","266611","2024-06-05T00:17:23.844Z","ask"
"0.18409","1500","2024-06-05T00:17:23.844Z","ask"
"0.1845","374575","2024-06-05T00:17:23.844Z","ask"
"0.185","22013","2024-06-05T00:17:23.844Z","ask"
"0.188","62520","2024-06-05T00:17:23.844Z","ask"
"0.1885","300","2024-06-05T00:17:23.844Z","ask"
"0.1889","3000","2024-06-05T00:17:23.844Z","ask"
"0.189","500","2024-06-05T00:17:23.844Z","ask"
"0.1895","1611","2024-06-05T00:17:23.844Z","ask"
"0.19","981965","2024-06-05T00:17:23.844Z","ask"
"0.191","81000","2024-06-05T00:17:23.844Z","ask"
"0.192","357","2024-06-05T00:17:23.844Z","ask"
"0.19411","1500","2024-06-05T00:17:23.844Z","ask"
"0.1948","4000","2024-06-05T00:17:23.844Z","ask"
"0.1954","23100","2024-06-05T00:17:23.844Z","ask"
"0.19659","17334","2024-06-05T00:17:23.844Z","ask"
"0.198","188258","2024-06-05T00:17:23.844Z","ask"
"0.199","500","2024-06-05T00:17:23.844Z","ask"
"0.1998","1008","2024-06-05T00:17:23.844Z","ask"
"0.19999","1550","2024-06-05T00:17:23.844Z","ask"
"0.2","9795109","2024-06-05T00:17:23.844Z","ask"
"0.20036","42596","2024-06-05T00:17:23.844Z","ask"
"0.203","248","2024-06-05T00:17:23.844Z","ask"
"0.20407","1000","2024-06-05T00:17:23.844Z","ask"
"0.208","1800","2024-06-05T00:17:23.844Z","ask"
"0.2085","300","2024-06-05T00:17:23.844Z","ask"
"0.20908","249991","2024-06-05T00:17:23.844Z","ask"
"0.21","5367878","2024-06-05T00:17:23.844Z","ask"
"0.2122","4267","2024-06-05T00:17:23.844Z","ask"
"0.00967","21215","2024-06-05T00:17:23.843Z","ask"
"0.00968","5825","2024-06-05T00:17:23.843Z","ask"
"0.00969","58631","2024-06-05T00:17:23.843Z","ask"
"0.0097","1116529","2024-06-05T00:17:23.843Z","ask"
"0.00971","2500","2024-06-05T00:17:23.843Z","ask"
"0.00972","19591","2024-06-05T00:17:23.843Z","ask"
"0.00973","6823","2024-06-05T00:17:23.843Z","ask"
"0.00974","8280","2024-06-05T00:17:23.843Z","ask"
"0.00975","65462","2024-06-05T00:17:23.843Z","ask"
"0.00976","6668","2024-06-05T00:17:23.843Z","ask"
"0.00977","19883","2024-06-05T00:17:23.843Z","ask"
"0.00978","4232","2024-06-05T00:17:23.843Z","ask"
"0.00979","18411","2024-06-05T00:17:23.843Z","ask"
"0.0098","605668","2024-06-05T00:17:23.843Z","ask"
"0.00981","4680","2024-06-05T00:17:23.843Z","ask"
"0.00982","36711","2024-06-05T00:17:23.843Z","ask"
"0.00983","28416","2024-06-05T00:17:23.843Z","ask"
"0.00984","3529","2024-06-05T00:17:23.843Z","ask"
"0.00985","14363","2024-06-05T00:17:23.843Z","ask"
"0.00986","26911","2024-06-05T00:17:23.843Z","ask"
"0.00987","4211","2024-06-05T00:17:23.843Z","ask"
"0.00988","10016","2024-06-05T00:17:23.843Z","ask"
"0.00989","10115","2024-06-05T00:17:23.843Z","ask"
"0.0099","623530","2024-06-05T00:17:23.843Z","ask"
"0.00991","4278","2024-06-05T00:17:23.843Z","ask"
"0.00992","16597","2024-06-05T00:17:23.843Z","ask"
"0.00993","504167","2024-06-05T00:17:23.843Z","ask"
"0.00994","3681","2024-06-05T00:17:23.843Z","ask"
"0.00995","20806","2024-06-05T00:17:23.843Z","ask"
"0.00996","31168","2024-06-05T00:17:23.843Z","ask"
"0.00997","38030","2024-06-05T00:17:23.843Z","ask"
"0.00998","6650","2024-06-05T00:17:23.843Z","ask"
"0.00999","543605","2024-06-05T00:17:23.843Z","ask"
"0.01","11668107","2024-06-05T00:17:23.843Z","ask"
"0.01001","2988","2024-06-05T00:17:23.843Z","ask"
"0.01002","6038","2024-06-05T00:17:23.843Z","ask"
"0.01003","8750","2024-06-05T00:17:23.843Z","ask"
"0.01004","3458","2024-06-05T00:17:23.843Z","ask"
"0.01005","11723","2024-06-05T00:17:23.843Z","ask"
"0.01006","4166","2024-06-05T00:17:23.843Z","ask"
"0.01007","9589","2024-06-05T00:17:23.843Z","ask"
"0.01008","170887","2024-06-05T00:17:23.843Z","ask"
"0.01009","3441","2024-06-05T00:17:23.843Z","ask"
"0.0101","31602","2024-06-05T00:17:23.843Z","ask"
"0.01011","602855","2024-06-05T00:17:23.843Z","ask"
"0.01012","47002","2024-06-05T00:17:23.843Z","ask"
"0.01013","6511","2024-06-05T00:17:23.843Z","ask"
"0.01014","5408","2024-06-05T00:17:23.843Z","ask"
"0.01015","4624","2024-06-05T00:17:23.843Z","ask"
"0.01016","3566","2024-06-05T00:17:23.843Z","ask"
"0.01017","8773","2024-06-05T00:17:23.843Z","ask"
"0.01018","4093","2024-06-05T00:17:23.843Z","ask"
"0.01019","3389","2024-06-05T00:17:23.843Z","ask"
"0.0102","110691","2024-06-05T00:17:23.843Z","ask"
"0.01021","7653","2024-06-05T00:17:23.843Z","ask"
"0.01022","1526","2024-06-05T00:17:23.843Z","ask"
"0.01023","9446","2024-06-05T00:17:23.843Z","ask"
"0.01024","27858","2024-06-05T00:17:23.843Z","ask"
"0.01025","86","2024-06-05T00:17:23.843Z","ask"
"0.01026","7787","2024-06-05T00:17:23.843Z","ask"
"0.01027","3014","2024-06-05T00:17:23.843Z","ask"
"0.01028","70417","2024-06-05T00:17:23.843Z","ask"
"0.01029","6414","2024-06-05T00:17:23.843Z","ask"
"0.0103","4887","2024-06-05T00:17:23.843Z","ask"
"0.01031","4966","2024-06-05T00:17:23.843Z","ask"
"0.01032","5421","2024-06-05T00:17:23.843Z","ask"
"0.01033","3082","2024-06-05T00:17:23.843Z","ask"
"0.01034","3425","2024-06-05T00:17:23.843Z","ask"
"0.01035","3041","2024-06-05T00:17:23.843Z","ask"
"0.01036","3408","2024-06-05T00:17:23.843Z","ask"
"0.01037","104043","2024-06-05T00:17:23.843Z","ask"
"0.01038","9727","2024-06-05T00:17:23.843Z","ask"
"0.01039","14113","2024-06-05T00:17:23.843Z","ask"
"0.0104","41975","2024-06-05T00:17:23.843Z","ask"
"0.01041","3530","2024-06-05T00:17:23.843Z","ask"
"0.01042","3290","2024-06-05T00:17:23.843Z","ask"
"0.01043","31033","2024-06-05T00:17:23.843Z","ask"
"0.01044","9484","2024-06-05T00:17:23.843Z","ask"
"0.01045","14530","2024-06-05T00:17:23.843Z","ask"
"0.01046","504","2024-06-05T00:17:23.843Z","ask"
"0.01047","6250","2024-06-05T00:17:23.843Z","ask"
"0.01049","3290","2024-06-05T00:17:23.843Z","ask"
"0.0105","2166096","2024-06-05T00:17:23.843Z","ask"
"0.01051","106344","2024-06-05T00:17:23.843Z","ask"
"0.01052","15562","2024-06-05T00:17:23.843Z","ask"
"0.01053","12989","2024-06-05T00:17:23.843Z","ask"
"0.01054","3275","2024-06-05T00:17:23.843Z","ask"
"0.01055","122568","2024-06-05T00:17:23.843Z","ask"
"0.01056","295647","2024-06-05T00:17:23.843Z","ask"
"0.01057","2927","2024-06-05T00:17:23.843Z","ask"
"0.01058","1765","2024-06-05T00:17:23.843Z","ask"
"0.01059","29523","2024-06-05T00:17:23.843Z","ask"
"0.0106","311646","2024-06-05T00:17:23.843Z","ask"
"0.01062","5677","2024-06-05T00:17:23.843Z","ask"
"0.01063","4378","2024-06-05T00:17:23.843Z","ask"
"0.01065","7395","2024-06-05T00:17:23.843Z","ask"
"0.01066","2899","2024-06-05T00:17:23.843Z","ask"
"0.01067","10484","2024-06-05T00:17:23.843Z","ask"
"0.01068","5646","2024-06-05T00:17:23.843Z","ask"
"0.01069","36716","2024-06-05T00:17:23.843Z","ask"
"0.0107","8119","2024-06-05T00:17:23.843Z","ask"
"0.01071","5765","2024-06-05T00:17:23.843Z","ask"
"0.01072","6076","2024-06-05T00:17:23.843Z","ask"
"0.01073","3839","2024-06-05T00:17:23.843Z","ask"
"0.01074","8641","2024-06-05T00:17:23.843Z","ask"
"0.01075","9076","2024-06-05T00:17:23.843Z","ask"
"0.01076","26147","2024-06-05T00:17:23.843Z","ask"
"0.01077","2921","2024-06-05T00:17:23.843Z","ask"
"0.0108","271758","2024-06-05T00:17:23.843Z","ask"
"0.01081","11547","2024-06-05T00:17:23.843Z","ask"
"0.01082","25","2024-06-05T00:17:23.843Z","ask"
"0.01083","10371","2024-06-05T00:17:23.843Z","ask"
"0.01084","1439","2024-06-05T00:17:23.843Z","ask"
"0.01085","3864","2024-06-05T00:17:23.843Z","ask"
"0.01086","7492","2024-06-05T00:17:23.843Z","ask"
"0.01087","4082","2024-06-05T00:17:23.843Z","ask"
"0.01088","10207","2024-06-05T00:17:23.843Z","ask"
"0.01089","556189","2024-06-05T00:17:23.843Z","ask"
"0.0109","44064","2024-06-05T00:17:23.843Z","ask"
"0.01091","1712","2024-06-05T00:17:23.843Z","ask"
"0.01092","25755","2024-06-05T00:17:23.843Z","ask"
"0.01093","222720","2024-06-05T00:17:23.843Z","ask"
"0.01094","2830","2024-06-05T00:17:23.843Z","ask"
"0.01095","4195","2024-06-05T00:17:23.843Z","ask"
"0.01096","8888","2024-06-05T00:17:23.843Z","ask"
"0.01097","5350","2024-06-05T00:17:23.843Z","ask"
"0.01098","6044","2024-06-05T00:17:23.843Z","ask"
"0.01099","6680","2024-06-05T00:17:23.843Z","ask"
"0.011","4634378","2024-06-05T00:17:23.843Z","ask"
"0.01101","3807","2024-06-05T00:17:23.843Z","ask"
"0.01102","10851","2024-06-05T00:17:23.843Z","ask"
"0.01103","3130","2024-06-05T00:17:23.843Z","ask"
"0.01104","5896","2024-06-05T00:17:23.843Z","ask"
"0.01105","30459","2024-06-05T00:17:23.843Z","ask"
"0.01106","4210","2024-06-05T00:17:23.843Z","ask"
"0.01107","1687","2024-06-05T00:17:23.843Z","ask"
"0.01108","21425","2024-06-05T00:17:23.843Z","ask"
"0.01109","7254","2024-06-05T00:17:23.843Z","ask"
"0.0111","640136","2024-06-05T00:17:23.843Z","ask"
"0.01111","12382","2024-06-05T00:17:23.843Z","ask"
"0.01112","12905","2024-06-05T00:17:23.843Z","ask"
"0.01113","7112","2024-06-05T00:17:23.843Z","ask"
"0.01114","19389","2024-06-05T00:17:23.843Z","ask"
"0.01115","120900","2024-06-05T00:17:23.843Z","ask"
"0.01116","9985","2024-06-05T00:17:23.843Z","ask"
"0.01117","109540","2024-06-05T00:17:23.843Z","ask"
"0.01118","52768","2024-06-05T00:17:23.843Z","ask"
"0.01119","7074","2024-06-05T00:17:23.843Z","ask"
"0.0112","122780","2024-06-05T00:17:23.843Z","ask"
"0.01121","105523","2024-06-05T00:17:23.843Z","ask"
"0.01122","605805","2024-06-05T00:17:23.843Z","ask"
"0.01123","31159","2024-06-05T00:17:23.843Z","ask"
"0.01124","32528","2024-06-05T00:17:23.843Z","ask"
"0.01125","39854","2024-06-05T00:17:23.843Z","ask"
"0.01126","27483","2024-06-05T00:17:23.843Z","ask"
"0.01128","1383","2024-06-05T00:17:23.843Z","ask"
"0.01129","1798","2024-06-05T00:17:23.843Z","ask"
"0.0113","68076","2024-06-05T00:17:23.843Z","ask"
"0.01131","3052","2024-06-05T00:17:23.843Z","ask"
"0.01132","2899","2024-06-05T00:17:23.843Z","ask"
"0.01133","86","2024-06-05T00:17:23.843Z","ask"
"0.01134","6878","2024-06-05T00:17:23.843Z","ask"
"0.01135","154200","2024-06-05T00:17:23.843Z","ask"
"0.01136","2746","2024-06-05T00:17:23.843Z","ask"
"0.01137","3035","2024-06-05T00:17:23.843Z","ask"
"0.01138","5000","2024-06-05T00:17:23.843Z","ask"
"0.01139","55012","2024-06-05T00:17:23.843Z","ask"
"0.0114","330009","2024-06-05T00:17:23.843Z","ask"
"0.01141","1779","2024-06-05T00:17:23.843Z","ask"
"0.01142","13302","2024-06-05T00:17:23.843Z","ask"
"0.01143","24603","2024-06-05T00:17:23.843Z","ask"
"0.01145","25000","2024-06-05T00:17:23.843Z","ask"
"0.01147","37921","2024-06-05T00:17:23.843Z","ask"
"0.01148","5613","2024-06-05T00:17:23.843Z","ask"
"0.0115","813600","2024-06-05T00:17:23.843Z","ask"
"0.01151","281988","2024-06-05T00:17:23.843Z","ask"
"0.01152","1000","2024-06-05T00:17:23.843Z","ask"
"0.01153","6483","2024-06-05T00:17:23.843Z","ask"
"0.01154","3845","2024-06-05T00:17:23.843Z","ask"
"0.01155","32943","2024-06-05T00:17:23.843Z","ask"
"0.01157","5630","2024-06-05T00:17:23.843Z","ask"
"0.01158","3967","2024-06-05T00:17:23.843Z","ask"
"0.01159","593","2024-06-05T00:17:23.843Z","ask"
"0.0116","843984","2024-06-05T00:17:23.843Z","ask"
"0.01161","24353","2024-06-05T00:17:23.843Z","ask"
"0.01165","26790","2024-06-05T00:17:23.843Z","ask"
"0.01166","286414","2024-06-05T00:17:23.843Z","ask"
"0.01167","2826","2024-06-05T00:17:23.843Z","ask"
"0.01168","4236","2024-06-05T00:17:23.843Z","ask"
"0.01169","50477","2024-06-05T00:17:23.843Z","ask"
"0.0117","1726655","2024-06-05T00:17:23.843Z","ask"
"0.01172","1733","2024-06-05T00:17:23.843Z","ask"
"0.01173","3969","2024-06-05T00:17:23.843Z","ask"
"0.01174","3912","2024-06-05T00:17:23.843Z","ask"
"0.01175","72248","2024-06-05T00:17:23.843Z","ask"
"0.01177","1587","2024-06-05T00:17:23.843Z","ask"
"0.01178","24461","2024-06-05T00:17:23.843Z","ask"
"0.01179","3764","2024-06-05T00:17:23.843Z","ask"
"0.0118","409313","2024-06-05T00:17:23.843Z","ask"
"0.01181","361","2024-06-05T00:17:23.843Z","ask"
"0.01182","4105","2024-06-05T00:17:23.843Z","ask"
"0.01183","2899","2024-06-05T00:17:23.843Z","ask"
"0.01184","13173","2024-06-05T00:17:23.843Z","ask"
"0.01185","27612","2024-06-05T00:17:23.843Z","ask"
"0.01186","8147","2024-06-05T00:17:23.843Z","ask"
"0.01188","2500","2024-06-05T00:17:23.843Z","ask"
"0.01189","846","2024-06-05T00:17:23.843Z","ask"
"0.0119","470889","2024-06-05T00:17:23.843Z","ask"
"0.01191","2599","2024-06-05T00:17:23.843Z","ask"
"0.01192","5461","2024-06-05T00:17:23.843Z","ask"
"0.01193","1126","2024-06-05T00:17:23.843Z","ask"
"0.01195","26816","2024-06-05T00:17:23.843Z","ask"
"0.01196","24085","2024-06-05T00:17:23.843Z","ask"
"0.01197","131909","2024-06-05T00:17:23.843Z","ask"
"0.01198","225814","2024-06-05T00:17:23.843Z","ask"
"0.01199","5050","2024-06-05T00:17:23.843Z","ask"
"0.012","5467135","2024-06-05T00:17:23.843Z","ask"
"0.01201","1129","2024-06-05T00:17:23.843Z","ask"
"0.01202","6297","2024-06-05T00:17:23.843Z","ask"
"0.01203","25708","2024-06-05T00:17:23.843Z","ask"
"0.01204","86","2024-06-05T00:17:23.843Z","ask"
"0.01205","25000","2024-06-05T00:17:23.843Z","ask"
"0.01207","7420","2024-06-05T00:17:23.843Z","ask"
"0.01208","28623","2024-06-05T00:17:23.843Z","ask"
"0.01209","2559","2024-06-05T00:17:23.843Z","ask"
"0.0121","1308024","2024-06-05T00:17:23.843Z","ask"
"0.01211","28675","2024-06-05T00:17:23.843Z","ask"
"0.01212","6751","2024-06-05T00:17:23.843Z","ask"
"0.01214","134263","2024-06-05T00:17:23.843Z","ask"
"0.01215","50701","2024-06-05T00:17:23.843Z","ask"
"0.01218","9999","2024-06-05T00:17:23.843Z","ask"
"0.01219","2899","2024-06-05T00:17:23.843Z","ask"
"0.0122","2061453","2024-06-05T00:17:23.843Z","ask"
"0.01221","4912","2024-06-05T00:17:23.843Z","ask"
"0.01225","26200","2024-06-05T00:17:23.843Z","ask"
"0.01227","103081","2024-06-05T00:17:23.843Z","ask"
"0.01228","4030","2024-06-05T00:17:23.843Z","ask"
"0.01229","1093","2024-06-05T00:17:23.843Z","ask"
"0.0123","106533","2024-06-05T00:17:23.843Z","ask"
"0.01231","34315","2024-06-05T00:17:23.843Z","ask"
"0.01232","1516","2024-06-05T00:17:23.843Z","ask"
"0.01233","22808","2024-06-05T00:17:23.843Z","ask"
"0.01234","3064","2024-06-05T00:17:23.843Z","ask"
"0.01235","212278","2024-06-05T00:17:23.843Z","ask"
"0.01236","26293","2024-06-05T00:17:23.843Z","ask"
"0.01237","5725","2024-06-05T00:17:23.843Z","ask"
"0.01239","4776","2024-06-05T00:17:23.843Z","ask"
"0.0124","426627","2024-06-05T00:17:23.843Z","ask"
"0.01241","3299","2024-06-05T00:17:23.843Z","ask"
"0.01243","1081","2024-06-05T00:17:23.843Z","ask"
"0.01244","9839","2024-06-05T00:17:23.843Z","ask"
"0.01245","27238","2024-06-05T00:17:23.843Z","ask"
"0.01246","300","2024-06-05T00:17:23.843Z","ask"
"0.01249","3030","2024-06-05T00:17:23.843Z","ask"
"0.0125","352104","2024-06-05T00:17:23.843Z","ask"
"0.01251","29982","2024-06-05T00:17:23.843Z","ask"
"0.01252","39928","2024-06-05T00:17:23.843Z","ask"
"0.01255","25000","2024-06-05T00:17:23.843Z","ask"
"0.01256","5912","2024-06-05T00:17:23.843Z","ask"
"0.01257","434112","2024-06-05T00:17:23.843Z","ask"
"0.01259","5523","2024-06-05T00:17:23.843Z","ask"
"0.0126","92681","2024-06-05T00:17:23.843Z","ask"
"0.01261","14469","2024-06-05T00:17:23.843Z","ask"
"0.01263","7924","2024-06-05T00:17:23.843Z","ask"
"0.01264","1063","2024-06-05T00:17:23.843Z","ask"
"0.01265","25000","2024-06-05T00:17:23.843Z","ask"
"0.0127","41017","2024-06-05T00:17:23.843Z","ask"
"0.01271","24656","2024-06-05T00:17:23.843Z","ask"
"0.01272","56","2024-06-05T00:17:23.843Z","ask"
"0.01273","2826","2024-06-05T00:17:23.843Z","ask"
"0.01274","2899","2024-06-05T00:17:23.843Z","ask"
"0.01275","38614","2024-06-05T00:17:23.843Z","ask"
"0.01276","63800","2024-06-05T00:17:23.843Z","ask"
"0.01277","2961","2024-06-05T00:17:23.843Z","ask"
"0.01278","1838","2024-06-05T00:17:23.843Z","ask"
"0.0128","16782768","2024-06-05T00:17:23.843Z","ask"
"0.01284","2945","2024-06-05T00:17:23.843Z","ask"
"0.01285","32178","2024-06-05T00:17:23.843Z","ask"
"0.01286","4670","2024-06-05T00:17:23.843Z","ask"
"0.0129","331419","2024-06-05T00:17:23.843Z","ask"
"0.01291","30006","2024-06-05T00:17:23.843Z","ask"
"0.01292","1039","2024-06-05T00:17:23.843Z","ask"
"0.01294","2899","2024-06-05T00:17:23.843Z","ask"
"0.01295","26205","2024-06-05T00:17:23.843Z","ask"
"0.01296","13132","2024-06-05T00:17:23.843Z","ask"
"0.01298","202850","2024-06-05T00:17:23.843Z","ask"
"0.01299","517346","2024-06-05T00:17:23.843Z","ask"
"0.013","4116787","2024-06-05T00:17:23.843Z","ask"
"0.01305","30196","2024-06-05T00:17:23.843Z","ask"
"0.01307","1028","2024-06-05T00:17:23.843Z","ask"
"0.0131","366283","2024-06-05T00:17:23.843Z","ask"
"0.01311","2826","2024-06-05T00:17:23.843Z","ask"
"0.01312","2882","2024-06-05T00:17:23.843Z","ask"
"0.01313","2900","2024-06-05T00:17:23.843Z","ask"
"0.01314","1641","2024-06-05T00:17:23.843Z","ask"
"0.01315","25000","2024-06-05T00:17:23.843Z","ask"
"0.01317","6780","2024-06-05T00:17:23.843Z","ask"
"0.01319","22728","2024-06-05T00:17:23.843Z","ask"
"0.0132","26182","2024-06-05T00:17:23.843Z","ask"
"0.01321","1017","2024-06-05T00:17:23.843Z","ask"
"0.01324","3737","2024-06-05T00:17:23.843Z","ask"
"0.01325","30000","2024-06-05T00:17:23.843Z","ask"
"0.01327","2851","2024-06-05T00:17:23.843Z","ask"
"0.01328","1012","2024-06-05T00:17:23.843Z","ask"
"0.0133","552148","2024-06-05T00:17:23.843Z","ask"
"0.01331","6670","2024-06-05T00:17:23.843Z","ask"
"0.01332","2899","2024-06-05T00:17:23.843Z","ask"
"0.01333","402","2024-06-05T00:17:23.843Z","ask"
"0.01334","236226","2024-06-05T00:17:23.843Z","ask"
"0.01335","66770","2024-06-05T00:17:23.843Z","ask"
"0.0134","187625","2024-06-05T00:17:23.843Z","ask"
"0.01341","2821","2024-06-05T00:17:23.843Z","ask"
"0.01342","1001","2024-06-05T00:17:23.843Z","ask"
"0.01344","7936","2024-06-05T00:17:23.843Z","ask"
"0.01345","63000","2024-06-05T00:17:23.843Z","ask"
"0.01347","24525","2024-06-05T00:17:23.843Z","ask"
"0.01348","2806","2024-06-05T00:17:23.843Z","ask"
"0.01349","3822","2024-06-05T00:17:23.843Z","ask"
"0.0135","1601565","2024-06-05T00:17:23.843Z","ask"
"0.01351","55016","2024-06-05T00:17:23.843Z","ask"
"0.01353","2899","2024-06-05T00:17:23.843Z","ask"
"0.01354","5357","2024-06-05T00:17:23.843Z","ask"
"0.01355","25491","2024-06-05T00:17:23.843Z","ask"
"0.01356","990","2024-06-05T00:17:23.843Z","ask"
"0.01357","3646","2024-06-05T00:17:23.843Z","ask"
"0.01359","4423","2024-06-05T00:17:23.843Z","ask"
"0.0136","75283","2024-06-05T00:17:23.843Z","ask"
"0.01362","2777","2024-06-05T00:17:23.843Z","ask"
"0.01363","985","2024-06-05T00:17:23.843Z","ask"
"0.01368","10762","2024-06-05T00:17:23.843Z","ask"
"0.01369","17452","2024-06-05T00:17:23.843Z","ask"
"0.0137","11500","2024-06-05T00:17:23.843Z","ask"
"0.01371","387848","2024-06-05T00:17:23.843Z","ask"
"0.01372","23054","2024-06-05T00:17:23.843Z","ask"
"0.01373","2899","2024-06-05T00:17:23.843Z","ask"
"0.01374","78157","2024-06-05T00:17:23.843Z","ask"
"0.01375","100","2024-06-05T00:17:23.843Z","ask"
"0.01376","2749","2024-06-05T00:17:23.843Z","ask"
"0.01377","4670","2024-06-05T00:17:23.843Z","ask"
"0.01378","36262","2024-06-05T00:17:23.843Z","ask"
"0.01379","1513","2024-06-05T00:17:23.843Z","ask"
"0.0138","1589139","2024-06-05T00:17:23.843Z","ask"
"0.01382","4135","2024-06-05T00:17:23.843Z","ask"
"0.01383","2734","2024-06-05T00:17:23.843Z","ask"
"0.01384","500","2024-06-05T00:17:23.843Z","ask"
"0.01385","3130","2024-06-05T00:17:23.843Z","ask"
"0.01386","5769","2024-06-05T00:17:23.843Z","ask"
"0.01387","50000","2024-06-05T00:17:23.843Z","ask"
"0.01388","5147","2024-06-05T00:17:23.843Z","ask"
"0.0139","95304","2024-06-05T00:17:23.843Z","ask"
"0.01391","18647","2024-06-05T00:17:23.843Z","ask"
"0.01392","57","2024-06-05T00:17:23.843Z","ask"
"0.01393","21537","2024-06-05T00:17:23.843Z","ask"
"0.01395","14","2024-06-05T00:17:23.843Z","ask"
"0.01396","962","2024-06-05T00:17:23.843Z","ask"
"0.01397","2214","2024-06-05T00:17:23.843Z","ask"
"0.01398","136612","2024-06-05T00:17:23.843Z","ask"
"0.01399","250343","2024-06-05T00:17:23.843Z","ask"
"0.014","4243340","2024-06-05T00:17:23.843Z","ask"
"0.01402","1113","2024-06-05T00:17:23.843Z","ask"
"0.01404","957","2024-06-05T00:17:23.843Z","ask"
"0.01405","2203","2024-06-05T00:17:23.843Z","ask"
"0.01407","1075","2024-06-05T00:17:23.843Z","ask"
"0.01408","2000","2024-06-05T00:17:23.843Z","ask"
"0.01409","77000","2024-06-05T00:17:23.843Z","ask"
"0.0141","1826389","2024-06-05T00:17:23.843Z","ask"
"0.01411","38529","2024-06-05T00:17:23.843Z","ask"
"0.01412","3143","2024-06-05T00:17:23.843Z","ask"
"0.01414","22126","2024-06-05T00:17:23.843Z","ask"
"0.01415","1000","2024-06-05T00:17:23.843Z","ask"
"0.01418","22188","2024-06-05T00:17:23.843Z","ask"
"0.01419","7181","2024-06-05T00:17:23.843Z","ask"
"0.0142","699521","2024-06-05T00:17:23.843Z","ask"
"0.01422","4670","2024-06-05T00:17:23.843Z","ask"
"0.01423","24411","2024-06-05T00:17:23.843Z","ask"
"0.01424","25000","2024-06-05T00:17:23.843Z","ask"
"0.01425","500000","2024-06-05T00:17:23.843Z","ask"
"0.01426","5639","2024-06-05T00:17:23.843Z","ask"
"0.01427","4620","2024-06-05T00:17:23.843Z","ask"
"0.01428","940","2024-06-05T00:17:23.843Z","ask"
"0.01429","1091","2024-06-05T00:17:23.843Z","ask"
"0.0143","203151","2024-06-05T00:17:23.843Z","ask"
"0.01431","4803","2024-06-05T00:17:23.843Z","ask"
"0.01432","6260","2024-06-05T00:17:23.843Z","ask"
"0.01433","23487","2024-06-05T00:17:23.843Z","ask"
"0.01434","95641","2024-06-05T00:17:23.843Z","ask"
"0.01435","87538","2024-06-05T00:17:23.843Z","ask"
"0.01436","21828","2024-06-05T00:17:23.843Z","ask"
"0.01437","9581","2024-06-05T00:17:23.843Z","ask"
"0.0144","796365","2024-06-05T00:17:23.843Z","ask"
"0.01441","2148","2024-06-05T00:17:23.843Z","ask"
"0.01442","41944","2024-06-05T00:17:23.843Z","ask"
"0.01443","11110","2024-06-05T00:17:23.843Z","ask"
"0.01444","930","2024-06-05T00:17:23.843Z","ask"
"0.01447","26935","2024-06-05T00:17:23.843Z","ask"
"0.01449","631677","2024-06-05T00:17:23.843Z","ask"
"0.0145","2191390","2024-06-05T00:17:23.843Z","ask"
"0.01451","127","2024-06-05T00:17:23.843Z","ask"
"0.01452","925","2024-06-05T00:17:23.843Z","ask"
"0.01455","1","2024-06-05T00:17:23.843Z","ask"
"0.01457","22498","2024-06-05T00:17:23.843Z","ask"
"0.01458","1281","2024-06-05T00:17:23.843Z","ask"
"0.0146","385477","2024-06-05T00:17:23.843Z","ask"
"0.01461","920","2024-06-05T00:17:23.843Z","ask"
"0.01462","3384","2024-06-05T00:17:23.843Z","ask"
"0.01464","1096405","2024-06-05T00:17:23.843Z","ask"
"0.01465","56612","2024-06-05T00:17:23.843Z","ask"
"0.01468","4670","2024-06-05T00:17:23.843Z","ask"
"0.01469","915","2024-06-05T00:17:23.843Z","ask"
"0.0147","36255","2024-06-05T00:17:23.843Z","ask"
"0.01471","12195","2024-06-05T00:17:23.843Z","ask"
"0.01473","2100","2024-06-05T00:17:23.843Z","ask"
"0.01474","500000","2024-06-05T00:17:23.843Z","ask"
"0.01475","81495","2024-06-05T00:17:23.843Z","ask"
"0.01477","909","2024-06-05T00:17:23.843Z","ask"
"0.01478","4012","2024-06-05T00:17:23.843Z","ask"
"0.01479","50000","2024-06-05T00:17:23.843Z","ask"
"0.0148","374881","2024-06-05T00:17:23.843Z","ask"
"0.01481","12372","2024-06-05T00:17:23.843Z","ask"
"0.01482","2175","2024-06-05T00:17:23.843Z","ask"
"0.01484","500","2024-06-05T00:17:23.843Z","ask"
"0.01485","3687","2024-06-05T00:17:23.843Z","ask"
"0.01487","1049","2024-06-05T00:17:23.843Z","ask"
"0.0149","570960","2024-06-05T00:17:23.843Z","ask"
"0.01491","2000","2024-06-05T00:17:23.843Z","ask"
"0.01493","900","2024-06-05T00:17:23.843Z","ask"
"0.01495","50640","2024-06-05T00:17:23.843Z","ask"
"0.01497","36019","2024-06-05T00:17:23.843Z","ask"
"0.01498","502066","2024-06-05T00:17:23.843Z","ask"
"0.01499","157838","2024-06-05T00:17:23.843Z","ask"
"0.015","16734020","2024-06-05T00:17:23.843Z","ask"
"0.01501","895","2024-06-05T00:17:23.843Z","ask"
"0.01502","63148","2024-06-05T00:17:23.843Z","ask"
"0.01503","1243","2024-06-05T00:17:23.843Z","ask"
"0.01505","4382","2024-06-05T00:17:23.843Z","ask"
"0.01506","2055","2024-06-05T00:17:23.843Z","ask"
"0.01507","48198","2024-06-05T00:17:23.843Z","ask"
"0.01509","890","2024-06-05T00:17:23.843Z","ask"
"0.0151","2871511","2024-06-05T00:17:23.843Z","ask"
"0.01511","14426","2024-06-05T00:17:23.843Z","ask"
"0.01512","4547","2024-06-05T00:17:23.843Z","ask"
"0.01513","4670","2024-06-05T00:17:23.843Z","ask"
"0.01514","2044","2024-06-05T00:17:23.843Z","ask"
"0.01515","2826","2024-06-05T00:17:23.843Z","ask"
"0.01516","1029","2024-06-05T00:17:23.843Z","ask"
"0.01517","18022","2024-06-05T00:17:23.843Z","ask"
"0.01518","11110","2024-06-05T00:17:23.843Z","ask"
"0.0152","70059","2024-06-05T00:17:23.843Z","ask"
"0.01521","1250","2024-06-05T00:17:23.843Z","ask"
"0.01522","2033","2024-06-05T00:17:23.843Z","ask"
"0.01524","500000","2024-06-05T00:17:23.843Z","ask"
"0.01525","62062","2024-06-05T00:17:23.843Z","ask"
"0.01527","51224","2024-06-05T00:17:23.843Z","ask"
"0.0153","49701","2024-06-05T00:17:23.843Z","ask"
"0.01531","2191","2024-06-05T00:17:23.843Z","ask"
"0.01533","39213","2024-06-05T00:17:23.843Z","ask"
"0.01536","75958","2024-06-05T00:17:23.843Z","ask"
"0.01538","5230","2024-06-05T00:17:23.843Z","ask"
"0.0154","387260","2024-06-05T00:17:23.843Z","ask"
"0.01542","871","2024-06-05T00:17:23.843Z","ask"
"0.01543","1000","2024-06-05T00:17:23.843Z","ask"
"0.01545","4268","2024-06-05T00:17:23.843Z","ask"
"0.01546","324038","2024-06-05T00:17:23.843Z","ask"
"0.01547","1009","2024-06-05T00:17:23.843Z","ask"
"0.01548","18168","2024-06-05T00:17:23.843Z","ask"
"0.01549","500000","2024-06-05T00:17:23.843Z","ask"
"0.0155","1364742","2024-06-05T00:17:23.843Z","ask"
"0.01551","51884","2024-06-05T00:17:23.843Z","ask"
"0.01554","2158","2024-06-05T00:17:23.843Z","ask"
"0.01556","93291","2024-06-05T00:17:23.843Z","ask"
"0.01557","365451","2024-06-05T00:17:23.843Z","ask"
"0.01559","7496","2024-06-05T00:17:23.843Z","ask"
"0.0156","446668","2024-06-05T00:17:23.843Z","ask"
"0.01561","500000","2024-06-05T00:17:23.843Z","ask"
"0.01567","770435","2024-06-05T00:17:23.843Z","ask"
"0.01569","641548","2024-06-05T00:17:23.843Z","ask"
"0.01572","94997","2024-06-05T00:17:23.843Z","ask"
"0.01574","1001187","2024-06-05T00:17:23.843Z","ask"
"0.01575","24494","2024-06-05T00:17:23.843Z","ask"
"0.01577","4127","2024-06-05T00:17:23.843Z","ask"
"0.01578","2125","2024-06-05T00:17:23.843Z","ask"
"0.0158","67085","2024-06-05T00:17:23.843Z","ask"
"0.01583","5873793","2024-06-05T00:17:23.843Z","ask"
"0.01585","7309","2024-06-05T00:17:23.843Z","ask"
"0.01586","54663","2024-06-05T00:17:23.843Z","ask"
"0.01587","363","2024-06-05T00:17:23.843Z","ask"
"0.0159","23303","2024-06-05T00:17:23.843Z","ask"
"0.01594","25563","2024-06-05T00:17:23.843Z","ask"
"0.01595","61727","2024-06-05T00:17:23.843Z","ask"
"0.01596","2081","2024-06-05T00:17:23.843Z","ask"
"0.01597","300","2024-06-05T00:17:23.843Z","ask"
"0.01598","1501169","2024-06-05T00:17:23.843Z","ask"
"0.01599","300","2024-06-05T00:17:23.843Z","ask"
"0.016","2724738","2024-06-05T00:17:23.843Z","ask"
"0.01601","697362","2024-06-05T00:17:23.843Z","ask"
"0.01602","3647","2024-06-05T00:17:23.843Z","ask"
"0.01603","2093","2024-06-05T00:17:23.843Z","ask"
"0.01604","7496","2024-06-05T00:17:23.843Z","ask"
"0.01607","500","2024-06-05T00:17:23.843Z","ask"
"0.01608","970","2024-06-05T00:17:23.843Z","ask"
"0.01609","300","2024-06-05T00:17:23.843Z","ask"
"0.0161","1519365","2024-06-05T00:17:23.843Z","ask"
"0.01611","1","2024-06-05T00:17:23.843Z","ask"
"0.01614","350","2024-06-05T00:17:23.843Z","ask"
"0.01617","3059","2024-06-05T00:17:23.843Z","ask"
"0.0162","102665","2024-06-05T00:17:23.843Z","ask"
"0.01621","17903","2024-06-05T00:17:23.843Z","ask"
"0.01622","300","2024-06-05T00:17:23.843Z","ask"
"0.01623","1151","2024-06-05T00:17:23.843Z","ask"
"0.01624","1015000","2024-06-05T00:17:23.843Z","ask"
"0.01625","307200","2024-06-05T00:17:23.843Z","ask"
"0.01627","2061","2024-06-05T00:17:23.843Z","ask"
"0.01629","111657","2024-06-05T00:17:23.843Z","ask"
"0.01632","11110","2024-06-05T00:17:23.843Z","ask"
"0.01634","13994","2024-06-05T00:17:23.843Z","ask"
"0.01639","1227","2024-06-05T00:17:23.843Z","ask"
"0.0164","213314","2024-06-05T00:17:23.843Z","ask"
"0.01641","951","2024-06-05T00:17:23.843Z","ask"
"0.01648","500300","2024-06-05T00:17:23.843Z","ask"
"0.01649","1000000","2024-06-05T00:17:23.843Z","ask"
"0.0165","371186","2024-06-05T00:17:23.843Z","ask"
"0.01651","1000","2024-06-05T00:17:23.843Z","ask"
"0.01652","201174","2024-06-05T00:17:23.843Z","ask"
"0.01654","10000","2024-06-05T00:17:23.843Z","ask"
"0.01658","2983","2024-06-05T00:17:23.843Z","ask"
"0.0166","131029","2024-06-05T00:17:23.843Z","ask"
"0.01661","22400","2024-06-05T00:17:23.843Z","ask"
"0.01664","5620","2024-06-05T00:17:23.843Z","ask"
"0.01666","429982","2024-06-05T00:17:23.843Z","ask"
"0.01669","11110","2024-06-05T00:17:23.843Z","ask"
"0.0167","320564","2024-06-05T00:17:23.843Z","ask"
"0.01672","3943","2024-06-05T00:17:23.843Z","ask"
"0.01673","1932","2024-06-05T00:17:23.843Z","ask"
"0.01674","1500000","2024-06-05T00:17:23.843Z","ask"
"0.01675","60245","2024-06-05T00:17:23.843Z","ask"
"0.01677","48476","2024-06-05T00:17:23.843Z","ask"
"0.0168","1294977","2024-06-05T00:17:23.843Z","ask"
"0.01682","423316","2024-06-05T00:17:23.843Z","ask"
"0.01684","9931","2024-06-05T00:17:23.843Z","ask"
"0.01685","116990","2024-06-05T00:17:23.843Z","ask"
"0.01687","4481","2024-06-05T00:17:23.843Z","ask"
"0.01688","10735","2024-06-05T00:17:23.843Z","ask"
"0.01689","1432317","2024-06-05T00:17:23.843Z","ask"
"0.0169","14487952","2024-06-05T00:17:23.843Z","ask"
"0.01692","2049","2024-06-05T00:17:23.843Z","ask"
"0.01693","14607","2024-06-05T00:17:23.843Z","ask"
"0.01695","159000","2024-06-05T00:17:23.843Z","ask"
"0.01696","511792","2024-06-05T00:17:23.843Z","ask"
"0.01698","502000","2024-06-05T00:17:23.843Z","ask"
"0.01699","1150050","2024-06-05T00:17:23.843Z","ask"
"0.017","4145722","2024-06-05T00:17:23.843Z","ask"
"0.01701","5735","2024-06-05T00:17:23.843Z","ask"
"0.01703","1969","2024-06-05T00:17:23.843Z","ask"
"0.01707","13524","2024-06-05T00:17:23.843Z","ask"
"0.0171","24299","2024-06-05T00:17:23.843Z","ask"
"0.01711","37821","2024-06-05T00:17:23.843Z","ask"
"0.01712","60","2024-06-05T00:17:23.843Z","ask"
"0.01717","3841","2024-06-05T00:17:23.843Z","ask"
"0.01718","1459","2024-06-05T00:17:23.843Z","ask"
"0.0172","1017307","2024-06-05T00:17:23.843Z","ask"
"0.01723","413005","2024-06-05T00:17:23.843Z","ask"
"0.01724","1000000","2024-06-05T00:17:23.843Z","ask"
"0.01725","307381","2024-06-05T00:17:23.843Z","ask"
"0.0173","971","2024-06-05T00:17:23.843Z","ask"
"0.01733","2000000","2024-06-05T00:17:23.843Z","ask"
"0.01736","2824","2024-06-05T00:17:23.843Z","ask"
"0.01739","72","2024-06-05T00:17:23.843Z","ask"
"0.0174","551","2024-06-05T00:17:23.843Z","ask"
"0.01741","896","2024-06-05T00:17:23.843Z","ask"
"0.01744","2836","2024-06-05T00:17:23.843Z","ask"
"0.01745","11110","2024-06-05T00:17:23.843Z","ask"
"0.01749","1000000","2024-06-05T00:17:23.843Z","ask"
"0.0175","2336065","2024-06-05T00:17:23.843Z","ask"
"0.01753","1848","2024-06-05T00:17:23.843Z","ask"
"0.0176","28688","2024-06-05T00:17:23.843Z","ask"
"0.01763","139833","2024-06-05T00:17:23.843Z","ask"
"0.01766","146481","2024-06-05T00:17:23.843Z","ask"
"0.0177","5700","2024-06-05T00:17:23.843Z","ask"
"0.01771","31943","2024-06-05T00:17:23.843Z","ask"
"0.01774","1000000","2024-06-05T00:17:23.843Z","ask"
"0.01776","878","2024-06-05T00:17:23.843Z","ask"
"0.01777","59707","2024-06-05T00:17:23.843Z","ask"
"0.0178","444824","2024-06-05T00:17:23.843Z","ask"
"0.01783","507387","2024-06-05T00:17:23.843Z","ask"
"0.01785","801","2024-06-05T00:17:23.843Z","ask"
"0.01787","507","2024-06-05T00:17:23.843Z","ask"
"0.0179","1053749","2024-06-05T00:17:23.843Z","ask"
"0.01797","10000","2024-06-05T00:17:23.843Z","ask"
"0.01799","1431871","2024-06-05T00:17:23.843Z","ask"
"0.018","1116798","2024-06-05T00:17:23.843Z","ask"
"0.01802","14607","2024-06-05T00:17:23.843Z","ask"
"0.01805","1500","2024-06-05T00:17:23.843Z","ask"
"0.01811","1973","2024-06-05T00:17:23.843Z","ask"
"0.01814","1011","2024-06-05T00:17:23.843Z","ask"
"0.0182","141822","2024-06-05T00:17:23.843Z","ask"
"0.01824","1000000","2024-06-05T00:17:23.843Z","ask"
"0.01835","2500","2024-06-05T00:17:23.843Z","ask"
"0.0184","389460","2024-06-05T00:17:23.843Z","ask"
"0.01844","60","2024-06-05T00:17:23.843Z","ask"
"0.01846","220","2024-06-05T00:17:23.843Z","ask"
"0.01847","845","2024-06-05T00:17:23.843Z","ask"
"0.01849","1001200","2024-06-05T00:17:23.843Z","ask"
"0.0185","52776","2024-06-05T00:17:23.843Z","ask"
"0.01852","12518","2024-06-05T00:17:23.843Z","ask"
"0.0186","110000","2024-06-05T00:17:23.843Z","ask"
"0.01866","294821","2024-06-05T00:17:23.843Z","ask"
"0.0187","101137","2024-06-05T00:17:23.843Z","ask"
"0.01874","1000000","2024-06-05T00:17:23.843Z","ask"
"0.01875","8700","2024-06-05T00:17:23.843Z","ask"
"0.0188","23509","2024-06-05T00:17:23.843Z","ask"
"0.01884","828","2024-06-05T00:17:23.843Z","ask"
"0.01888","277400","2024-06-05T00:17:23.843Z","ask"
"0.0189","440960","2024-06-05T00:17:23.843Z","ask"
"0.01895","800","2024-06-05T00:17:23.843Z","ask"
"0.01896","13185","2024-06-05T00:17:23.843Z","ask"
"0.01899","1132245","2024-06-05T00:17:23.843Z","ask"
"0.019","1918511","2024-06-05T00:17:23.843Z","ask"
"0.0192","2620","2024-06-05T00:17:23.843Z","ask"
"0.01921","812","2024-06-05T00:17:23.843Z","ask"
"0.01924","1005000","2024-06-05T00:17:23.843Z","ask"
"0.01925","255115","2024-06-05T00:17:23.843Z","ask"
"0.01929","14608","2024-06-05T00:17:23.843Z","ask"
"0.01935","104479","2024-06-05T00:17:23.843Z","ask"
"0.01949","1000000","2024-06-05T00:17:23.843Z","ask"
"0.0195","155542","2024-06-05T00:17:23.843Z","ask"
"0.01955","68415","2024-06-05T00:17:23.843Z","ask"
"0.01956","3009","2024-06-05T00:17:23.843Z","ask"
"0.01957","1000","2024-06-05T00:17:23.843Z","ask"
"0.0196","2084381","2024-06-05T00:17:23.843Z","ask"
"0.01965","6969","2024-06-05T00:17:23.843Z","ask"
"0.01966","934","2024-06-05T00:17:23.843Z","ask"
"0.01969","273950","2024-06-05T00:17:23.843Z","ask"
"0.01974","2001270","2024-06-05T00:17:23.843Z","ask"
"0.01975","3717","2024-06-05T00:17:23.843Z","ask"
"0.01976","60","2024-06-05T00:17:23.843Z","ask"
"0.01977","130001","2024-06-05T00:17:23.843Z","ask"
"0.0198","29628","2024-06-05T00:17:23.843Z","ask"
"0.01987","1234","2024-06-05T00:17:23.843Z","ask"
"0.01988","1500","2024-06-05T00:17:23.843Z","ask"
"0.0199","1704675","2024-06-05T00:17:23.843Z","ask"
"0.01993","16706","2024-06-05T00:17:23.843Z","ask"
"0.01994","288852","2024-06-05T00:17:23.843Z","ask"
"0.01995","800","2024-06-05T00:17:23.843Z","ask"
"0.01998","2020030","2024-06-05T00:17:23.843Z","ask"
"0.01999","1031400","2024-06-05T00:17:23.843Z","ask"
"0.02","25675953","2024-06-05T00:17:23.843Z","ask"
"0.02006","54","2024-06-05T00:17:23.843Z","ask"
"0.02009","95827","2024-06-05T00:17:23.843Z","ask"
"0.02022","1111","2024-06-05T00:17:23.843Z","ask"
"0.0204","1033652","2024-06-05T00:17:23.843Z","ask"
"0.0205","25000","2024-06-05T00:17:23.843Z","ask"
"0.02059","24345","2024-06-05T00:17:23.843Z","ask"
"0.0206","1000000","2024-06-05T00:17:23.843Z","ask"
"0.02066","149665","2024-06-05T00:17:23.843Z","ask"
"0.0207","300","2024-06-05T00:17:23.843Z","ask"
"0.02075","3490","2024-06-05T00:17:23.843Z","ask"
"0.0208","52000","2024-06-05T00:17:23.843Z","ask"
"0.02084","1500","2024-06-05T00:17:23.843Z","ask"
"0.02092","379","2024-06-05T00:17:23.843Z","ask"
"0.02095","800","2024-06-05T00:17:23.843Z","ask"
"0.021","3096189","2024-06-05T00:17:23.843Z","ask"
"0.02107","60","2024-06-05T00:17:23.843Z","ask"
"0.02111","5000","2024-06-05T00:17:23.843Z","ask"
"0.02122","154708","2024-06-05T00:17:23.843Z","ask"
"0.02128","133038","2024-06-05T00:17:23.843Z","ask"
"0.0213","20500","2024-06-05T00:17:23.843Z","ask"
"0.0214","36570","2024-06-05T00:17:23.843Z","ask"
"0.0215","619081","2024-06-05T00:17:23.843Z","ask"
"0.02158","1538","2024-06-05T00:17:23.843Z","ask"
"0.0216","3259","2024-06-05T00:17:23.843Z","ask"
"0.0217","15000","2024-06-05T00:17:23.843Z","ask"
"0.0218","69437","2024-06-05T00:17:23.843Z","ask"
"0.02182","1000","2024-06-05T00:17:23.843Z","ask"
"0.02186","1000","2024-06-05T00:17:23.843Z","ask"
"0.02188","2454","2024-06-05T00:17:23.843Z","ask"
"0.02189","1","2024-06-05T00:17:23.843Z","ask"
"0.0219","32204","2024-06-05T00:17:23.843Z","ask"
"0.02195","10546","2024-06-05T00:17:23.843Z","ask"
"0.022","1708421","2024-06-05T00:17:23.843Z","ask"
"0.02205","800","2024-06-05T00:17:23.843Z","ask"
"0.0221","20774","2024-06-05T00:17:23.843Z","ask"
