"price","volume","timestamp","type"
"0.0464000","58825.166","2024-05-21T21:08:09.000Z","ask"
"0.0464100","10000.000","2024-05-21T21:08:27.000Z","ask"
"0.0464200","34350.800","2024-05-21T21:08:27.000Z","ask"
"0.0464600","64644.800","2024-05-21T21:08:27.000Z","ask"
"0.0465100","14372.896","2024-05-21T21:08:27.000Z","ask"
"0.0465200","206920.280","2024-05-21T21:07:49.000Z","ask"
"0.0465300","28409.800","2024-05-21T21:07:49.000Z","ask"
"0.0465500","26824.200","2024-05-21T21:07:49.000Z","ask"
"0.0466400","86257.600","2024-05-21T21:04:43.000Z","ask"
"0.0467900","43018.800","2024-05-21T21:04:43.000Z","ask"
"0.0469300","43018.800","2024-05-21T20:20:44.000Z","ask"
"0.0470700","22545.600","2024-05-21T21:00:24.000Z","ask"
"0.0473100","363.630","2024-05-21T18:05:10.000Z","ask"
"0.0473400","1291.612","2024-05-21T19:28:54.000Z","ask"
"0.0474700","495.375","2024-05-21T21:04:51.000Z","ask"
"0.0475100","362.088","2024-05-21T16:32:08.000Z","ask"
"0.0476300","9735.565","2024-05-21T21:08:04.000Z","ask"
"0.0476400","22545.600","2024-05-21T20:38:19.000Z","ask"
"0.0477200","360.483","2024-05-21T19:28:53.000Z","ask"
"0.0477700","50000.000","2024-05-21T14:36:51.000Z","ask"
"0.0477800","664.208","2024-05-21T17:42:16.000Z","ask"
"0.0478700","22545.600","2024-05-21T20:27:28.000Z","ask"
"0.0479500","1875.294","2024-05-21T13:46:42.000Z","ask"
"0.0479700","531.750","2024-05-21T17:48:56.000Z","ask"
"0.0480100","22545.600","2024-05-21T19:28:07.000Z","ask"
"0.0480500","3597.759","2024-05-21T11:59:49.000Z","ask"
"0.0480900","661.141","2024-05-21T13:11:30.000Z","ask"
"0.0483000","210.225","2024-05-17T17:49:30.000Z","ask"
"0.0483500","2231.758","2024-05-21T16:01:31.000Z","ask"
"0.0485500","1605.203","2024-05-21T21:03:09.000Z","ask"
"0.0485600","354.912","2024-05-21T15:55:39.000Z","ask"
"0.0487500","1875.294","2024-05-21T00:21:42.000Z","ask"
"0.0487800","352.666","2024-05-21T13:50:23.000Z","ask"
"0.0489900","351.143","2024-05-20T23:12:45.000Z","ask"
"0.0491600","1875.294","2024-05-21T18:31:17.000Z","ask"
"0.0492000","349.633","2024-05-21T19:21:14.000Z","ask"
"0.0494100","348.136","2024-05-21T20:59:23.000Z","ask"
"0.0495500","1607.099","2024-05-21T21:08:04.000Z","ask"
"0.0495600","1875.294","2024-05-21T00:21:43.000Z","ask"
"0.0496200","346.652","2024-05-21T18:59:06.000Z","ask"
"0.0497600","12191.572","2024-05-21T21:00:25.000Z","ask"
"0.0497700","80000.000","2024-05-21T13:54:16.000Z","ask"
"0.0498300","345.180","2024-05-06T12:47:58.000Z","ask"
"0.0499600","1875.294","2024-05-21T00:21:43.000Z","ask"
"0.0500000","420.449","2024-05-09T20:43:52.000Z","ask"
"0.0500600","343.652","2024-05-06T10:39:41.000Z","ask"
"0.0502800","342.137","2024-05-07T16:47:39.000Z","ask"
"0.0503500","224.189","2024-05-21T17:31:03.000Z","ask"
"0.0503600","1875.294","2024-05-21T00:21:43.000Z","ask"
"0.0505000","340.636","2024-05-06T12:24:33.000Z","ask"
"0.0507200","339.148","2024-05-16T03:37:53.000Z","ask"
"0.0507700","1875.294","2024-05-21T00:21:43.000Z","ask"
"0.0508600","224.189","2024-05-06T12:33:47.000Z","ask"
"0.0509400","337.875","2024-05-06T10:13:12.000Z","ask"
"0.0510300","4641.135","2024-05-21T13:56:23.000Z","ask"
"0.0511600","336.412","2024-05-06T11:32:52.000Z","ask"
"0.0512600","832.341","2024-05-06T09:51:59.000Z","ask"
"0.0513500","227.552","2024-05-06T04:46:02.000Z","ask"
"0.0513900","334.961","2024-05-06T10:20:20.000Z","ask"
"0.0514700","989.120","2024-05-08T14:53:28.000Z","ask"
"0.0516600","3983.485","2024-05-06T10:09:12.000Z","ask"
"0.0518300","332.096","2024-05-05T17:38:38.000Z","ask"
"0.0518800","224.189","2024-05-06T10:32:25.000Z","ask"
"0.0520000","5585.684","2024-05-18T07:47:48.000Z","ask"
"0.0520500","330.682","2024-05-06T09:39:58.000Z","ask"
"0.0521700","1991.444","2024-05-03T21:20:58.000Z","ask"
"0.0523000","973.331","2024-05-06T09:23:24.000Z","ask"
"0.0523100","237.946","2024-05-04T12:43:07.000Z","ask"
"0.0527000","45775.377","2024-05-21T15:55:44.000Z","ask"
"0.0529000","224.189","2024-04-30T10:19:50.000Z","ask"
"0.0529700","324.959","2024-05-21T00:00:00.000Z","ask"
"0.0531600","957.671","2024-05-06T09:23:22.000Z","ask"
"0.0532000","323.544","2024-04-30T07:44:39.000Z","ask"
"0.0532800","245.138","2024-04-30T09:59:33.000Z","ask"
"0.0534000","603.365","2024-05-04T18:07:35.000Z","ask"
"0.0534300","322.141","2024-05-03T22:51:12.000Z","ask"
"0.0536600","320.750","2024-04-30T07:15:09.000Z","ask"
"0.0538200","241.515","2024-04-30T06:15:22.000Z","ask"
"0.0538900","319.371","2024-04-30T01:33:31.000Z","ask"
"0.0540200","941.011","2024-04-30T02:13:49.000Z","ask"
"0.0541300","318.450","2024-05-08T10:58:57.000Z","ask"
"0.0543600","317.092","2024-05-09T16:35:38.000Z","ask"
"0.0543700","234.430","2024-04-29T22:30:06.000Z","ask"
"0.0544500","675.524","2024-05-15T19:55:14.000Z","ask"
"0.0545500","120000.000","2024-05-21T08:28:32.000Z","ask"
"0.0548400","241.515","2024-04-30T01:34:26.000Z","ask"
"0.0549100","926.016","2024-04-29T19:13:25.000Z","ask"
"0.0550000","100359.045","2024-05-20T19:52:19.000Z","ask"
"0.0550700","312.599","2024-04-30T04:08:35.000Z","ask"
"0.0553100","311.232","2024-05-04T05:17:59.000Z","ask"
"0.0553900","234.430","2024-04-28T02:32:32.000Z","ask"
"0.0555600","309.878","2024-04-30T06:25:06.000Z","ask"
"0.0558100","910.799","2024-04-30T03:55:44.000Z","ask"
"0.0559000","234.430","2024-04-30T03:45:45.000Z","ask"
"0.0560400","307.204","2024-04-29T20:30:53.000Z","ask"
"0.0562800","305.578","2024-04-28T21:23:55.000Z","ask"
"0.0564700","224.189","2024-04-28T20:00:11.000Z","ask"
"0.0565000","5585.684","2024-05-18T07:48:06.000Z","ask"
"0.0565200","304.271","2024-04-28T22:03:56.000Z","ask"
"0.0567300","895.370","2024-04-28T01:59:49.000Z","ask"
"0.0463400","11572.147","2024-05-21T21:08:27.000Z","bid"
"0.0463300","27834.478","2024-05-21T21:08:27.000Z","bid"
"0.0463200","22422.904","2024-05-21T21:08:15.000Z","bid"
"0.0463100","34350.800","2024-05-21T21:08:16.000Z","bid"
"0.0463000","50000.000","2024-05-21T21:08:15.000Z","bid"
"0.0462700","14363.360","2024-05-21T21:08:27.000Z","bid"
"0.0462600","100919.220","2024-05-21T21:07:49.000Z","bid"
"0.0462400","213888.340","2024-05-21T21:08:07.000Z","bid"
"0.0462300","34195.910","2024-05-21T21:07:49.000Z","bid"
"0.0461500","86257.600","2024-05-21T20:58:43.000Z","bid"
"0.0460100","43018.800","2024-05-21T21:00:15.000Z","bid"
"0.0459900","43018.800","2024-05-21T20:38:25.000Z","bid"
"0.0459700","2175.332","2024-05-21T20:01:19.000Z","bid"
"0.0457300","3996.128","2024-05-21T21:08:27.000Z","bid"
"0.0457200","344.489","2024-05-21T21:06:29.000Z","bid"
"0.0457100","22545.600","2024-05-21T20:19:19.000Z","bid"
"0.0456900","33264.407","2024-05-21T21:06:30.000Z","bid"
"0.0453600","23537.664","2024-05-21T20:19:19.000Z","bid"
"0.0453300","8358.433","2024-05-21T20:17:22.000Z","bid"
"0.0451100","5000.000","2024-05-21T20:53:16.000Z","bid"
"0.0450400","22545.600","2024-05-21T21:00:14.000Z","bid"
"0.0448200","3366.351","2024-05-21T21:06:22.000Z","bid"
"0.0445200","2794.960","2024-05-21T21:08:27.000Z","bid"
"0.0445100","22545.600","2024-05-21T20:16:21.000Z","bid"
"0.0443100","745.095","2024-05-21T20:32:26.000Z","bid"
"0.0442000","4193.642","2024-05-21T20:45:06.000Z","bid"
"0.0441600","404.000","2024-05-21T20:57:23.000Z","bid"
"0.0441100","5000.000","2024-05-21T19:47:43.000Z","bid"
"0.0440900","404.000","2024-05-21T21:05:16.000Z","bid"
"0.0440100","4250.197","2024-05-21T21:05:58.000Z","bid"
"0.0440000","9090.910","2024-05-21T19:44:12.000Z","bid"
"0.0437700","2222.000","2024-05-21T19:51:21.000Z","bid"
"0.0437600","3434.000","2024-05-21T14:59:18.000Z","bid"
"0.0436300","2852.565","2024-05-21T21:03:10.000Z","bid"
"0.0436200","1598.871","2024-05-21T20:27:35.000Z","bid"
"0.0433400","404.000","2024-05-21T18:44:06.000Z","bid"
"0.0432600","397.900","2024-05-21T20:50:37.000Z","bid"
"0.0431500","8369.956","2024-05-21T20:29:12.000Z","bid"
"0.0430000","586.047","2024-05-21T20:02:26.000Z","bid"
"0.0429600","2222.000","2024-05-21T20:15:31.000Z","bid"
"0.0428900","404.000","2024-05-21T20:03:30.000Z","bid"
"0.0427900","606.000","2024-05-21T19:52:48.000Z","bid"
"0.0425800","525.130","2024-05-21T19:28:37.000Z","bid"
"0.0425000","25000.000","2024-05-21T20:11:23.000Z","bid"
"0.0421700","516.774","2024-05-21T21:08:22.000Z","bid"
"0.0421100","5000.000","2024-05-21T20:51:20.000Z","bid"
"0.0419700","957.828","2024-05-21T20:51:49.000Z","bid"
"0.0419500","638.856","2024-05-21T21:02:20.000Z","bid"
"0.0419400","568.908","2024-05-21T21:02:20.000Z","bid"
"0.0419200","358.541","2024-05-21T21:02:20.000Z","bid"
"0.0418100","190284.965","2024-05-21T21:08:09.000Z","bid"
"0.0417300","1598.871","2024-05-21T20:22:33.000Z","bid"
"0.0410900","202.000","2024-05-20T21:47:48.000Z","bid"
"0.0410400","27890.261","2024-05-21T19:11:13.000Z","bid"
"0.0407700","533.972","2024-05-20T19:07:14.000Z","bid"
"0.0400600","202.000","2024-05-21T01:52:17.000Z","bid"
"0.0399900","2828.000","2024-05-21T19:13:05.000Z","bid"
"0.0397400","1148.466","2024-05-21T18:52:45.000Z","bid"
"0.0397300","125849.485","2024-05-20T15:16:48.000Z","bid"
"0.0395000","7594.937","2024-05-20T15:00:47.000Z","bid"
"0.0391100","5000.000","2024-05-21T19:48:25.000Z","bid"
"0.0390400","202.000","2024-05-20T01:57:48.000Z","bid"
"0.0390000","6409.103","2024-05-20T19:00:00.000Z","bid"
"0.0384900","628.216","2024-05-21T20:41:27.000Z","bid"
"0.0384800","129937.630","2024-05-20T06:00:00.000Z","bid"
"0.0380100","202.000","2024-05-20T10:30:00.000Z","bid"
"0.0375000","240.000","2024-05-20T04:08:40.000Z","bid"
"0.0373300","13394.054","2024-05-19T18:18:35.000Z","bid"
"0.0373100","30679.287","2024-05-21T19:11:14.000Z","bid"
"0.0371100","5000.000","2024-05-21T19:48:36.000Z","bid"
"0.0371000","1320.755","2024-05-16T18:01:58.000Z","bid"
"0.0369800","202.000","2024-05-17T17:10:19.000Z","bid"
"0.0363000","4132.232","2024-05-15T15:18:55.000Z","bid"
"0.0361100","5000.000","2024-05-17T05:16:38.000Z","bid"
"0.0360000","2766.667","2024-05-20T22:25:06.000Z","bid"
"0.0359500","202.000","2024-05-17T17:10:22.000Z","bid"
"0.0351100","5000.000","2024-05-16T15:07:05.000Z","bid"
"0.0350000","14535.715","2024-05-20T04:08:30.000Z","bid"
"0.0341100","5000.000","2024-05-17T05:16:19.000Z","bid"
"0.0340000","5000.000","2024-05-20T01:54:43.000Z","bid"
"0.0337100","202.000","2024-05-15T15:16:16.000Z","bid"
"0.0336600","8000.000","2024-04-14T10:16:18.000Z","bid"
"0.0335000","4477.612","2024-05-19T07:24:49.000Z","bid"
"0.0330000","10832.346","2024-05-09T05:40:23.000Z","bid"
"0.0326500","35062.042","2024-05-21T19:11:15.000Z","bid"
"0.0325000","2507.819","2024-05-07T10:15:20.000Z","bid"
"0.0324600","15403.574","2024-05-12T14:02:18.000Z","bid"
"0.0322000","4658.386","2024-05-15T15:14:06.000Z","bid"
"0.0320000","275.000","2024-05-12T17:35:02.000Z","bid"
"0.0319400","6261.741","2024-04-01T13:59:37.000Z","bid"
"0.0313500","4784.689","2024-04-29T05:26:43.000Z","bid"
"0.0310000","300.000","2024-04-16T13:51:40.000Z","bid"
"0.0303000","49504.951","2024-04-30T13:59:01.000Z","bid"
"0.0300000","6192.305","2024-05-12T22:15:53.000Z","bid"
"0.0285000","10000.000","2024-04-30T12:17:04.000Z","bid"
"0.0280000","18600.000","2024-04-15T23:56:02.000Z","bid"
"0.0275600","18142.236","2024-05-09T12:26:34.000Z","bid"
"0.0275000","1000.000","2024-04-16T05:39:07.000Z","bid"
"0.0269200","7429.421","2024-04-16T04:56:13.000Z","bid"
"0.0260000","40000.000","2024-04-21T12:34:53.000Z","bid"