"price","volume","timestamp","type"
"0.04577","47550","2024-05-26T20:19:31.921Z","ask"
"0.04578","30736","2024-05-26T20:19:31.921Z","ask"
"0.04579","13808","2024-05-26T20:19:31.921Z","ask"
"0.0458","26981","2024-05-26T20:19:31.921Z","ask"
"0.04581","3916","2024-05-26T20:19:31.921Z","ask"
"0.04582","166426","2024-05-26T20:19:31.921Z","ask"
"0.04583","109471","2024-05-26T20:19:31.921Z","ask"
"0.04584","21815","2024-05-26T20:19:31.921Z","ask"
"0.04585","143061","2024-05-26T20:19:31.921Z","ask"
"0.04586","3500","2024-05-26T20:19:31.921Z","ask"
"0.04588","153162","2024-05-26T20:19:31.921Z","ask"
"0.04592","50128","2024-05-26T20:19:31.921Z","ask"
"0.04593","25186","2024-05-26T20:19:31.921Z","ask"
"0.04601","245558","2024-05-26T20:19:31.921Z","ask"
"0.04604","327563","2024-05-26T20:19:31.921Z","ask"
"0.04614","135198","2024-05-26T20:19:31.921Z","ask"
"0.04615","62966","2024-05-26T20:19:31.921Z","ask"
"0.04617","132986","2024-05-26T20:19:31.921Z","ask"
"0.0462","833","2024-05-26T20:19:31.921Z","ask"
"0.04621","80","2024-05-26T20:19:31.921Z","ask"
"0.04624","22","2024-05-26T20:19:31.921Z","ask"
"0.04631","75559","2024-05-26T20:19:31.921Z","ask"
"0.04636","977","2024-05-26T20:19:31.921Z","ask"
"0.04639","48501","2024-05-26T20:19:31.921Z","ask"
"0.0464","66426","2024-05-26T20:19:31.921Z","ask"
"0.04647","5","2024-05-26T20:19:31.921Z","ask"
"0.04649","3309","2024-05-26T20:19:31.921Z","ask"
"0.04653","11348","2024-05-26T20:19:31.921Z","ask"
"0.04655","8073","2024-05-26T20:19:31.921Z","ask"
"0.04656","4298","2024-05-26T20:19:31.921Z","ask"
"0.04659","2777","2024-05-26T20:19:31.921Z","ask"
"0.0466","1633","2024-05-26T20:19:31.921Z","ask"
"0.04663","797","2024-05-26T20:19:31.921Z","ask"
"0.04664","150","2024-05-26T20:19:31.921Z","ask"
"0.04665","150","2024-05-26T20:19:31.921Z","ask"
"0.04666","150","2024-05-26T20:19:31.921Z","ask"
"0.04667","150","2024-05-26T20:19:31.921Z","ask"
"0.04668","150","2024-05-26T20:19:31.921Z","ask"
"0.0467","459","2024-05-26T20:19:31.921Z","ask"
"0.04672","80","2024-05-26T20:19:31.921Z","ask"
"0.04677","26262","2024-05-26T20:19:31.921Z","ask"
"0.04682","10679","2024-05-26T20:19:31.921Z","ask"
"0.0469","150","2024-05-26T20:19:31.921Z","ask"
"0.04694","110","2024-05-26T20:19:31.921Z","ask"
"0.047","824","2024-05-26T20:19:31.921Z","ask"
"0.04706","1576","2024-05-26T20:19:31.921Z","ask"
"0.04709","544","2024-05-26T20:19:31.921Z","ask"
"0.04717","1814","2024-05-26T20:19:31.921Z","ask"
"0.04719","960","2024-05-26T20:19:31.921Z","ask"
"0.0472","66","2024-05-26T20:19:31.921Z","ask"
"0.04722","80","2024-05-26T20:19:31.921Z","ask"
"0.04725","2205","2024-05-26T20:19:31.921Z","ask"
"0.04727","2030","2024-05-26T20:19:31.921Z","ask"
"0.04729","172","2024-05-26T20:19:31.921Z","ask"
"0.0475","87975","2024-05-26T20:19:31.921Z","ask"
"0.04751","452","2024-05-26T20:19:31.921Z","ask"
"0.04761","6115","2024-05-26T20:19:31.921Z","ask"
"0.04773","80","2024-05-26T20:19:31.921Z","ask"
"0.04786","109","2024-05-26T20:19:31.923Z","ask"
"0.04794","2173","2024-05-26T20:19:31.923Z","ask"
"0.04799","1999","2024-05-26T20:19:31.923Z","ask"
"0.048","11321","2024-05-26T20:19:31.923Z","ask"
"0.04804","943","2024-05-26T20:19:31.923Z","ask"
"0.0482","40000","2024-05-26T20:19:31.923Z","ask"
"0.04823","80","2024-05-26T20:19:31.923Z","ask"
"0.04824","169","2024-05-26T20:19:31.923Z","ask"
"0.04827","2000","2024-05-26T20:19:31.923Z","ask"
"0.04843","620","2024-05-26T20:19:31.923Z","ask"
"0.04844","186","2024-05-26T20:19:31.923Z","ask"
"0.04849","1131","2024-05-26T20:19:31.923Z","ask"
"0.0485","21","2024-05-26T20:19:31.923Z","ask"
"0.04857","758","2024-05-26T20:19:31.923Z","ask"
"0.04863","64","2024-05-26T20:19:31.923Z","ask"
"0.04865","2141","2024-05-26T20:19:31.923Z","ask"
"0.04873","1969","2024-05-26T20:19:31.923Z","ask"
"0.04878","109","2024-05-26T20:19:31.923Z","ask"
"0.04889","927","2024-05-26T20:19:31.923Z","ask"
"0.049","82","2024-05-26T20:19:31.923Z","ask"
"0.0492","165","2024-05-26T20:19:31.923Z","ask"
"0.04935","620","2024-05-26T20:19:31.923Z","ask"
"0.04936","2110","2024-05-26T20:19:31.923Z","ask"
"0.04943","108","2024-05-26T20:19:31.923Z","ask"
"0.04945","325","2024-05-26T20:19:31.923Z","ask"
"0.04947","1939","2024-05-26T20:19:31.923Z","ask"
"0.04948","3","2024-05-26T20:19:31.923Z","ask"
"0.04949","32","2024-05-26T20:19:31.923Z","ask"
"0.0495","8320","2024-05-26T20:19:31.923Z","ask"
"0.04955","104","2024-05-26T20:19:31.923Z","ask"
"0.04977","910","2024-05-26T20:19:31.923Z","ask"
"0.0498","118","2024-05-26T20:19:31.923Z","ask"
"0.0499","520","2024-05-26T20:19:31.923Z","ask"
"0.04999","752","2024-05-26T20:19:31.923Z","ask"
"0.05","274945","2024-05-26T20:19:31.923Z","ask"
"0.05001","3","2024-05-26T20:19:31.923Z","ask"
"0.05003","129550","2024-05-26T20:19:31.923Z","ask"
"0.05005","3043","2024-05-26T20:19:31.923Z","ask"
"0.05009","2080","2024-05-26T20:19:31.923Z","ask"
"0.0501","62","2024-05-26T20:19:31.923Z","ask"
"0.05015","1","2024-05-26T20:19:31.923Z","ask"
"0.05016","620","2024-05-26T20:19:31.923Z","ask"
"0.05017","162","2024-05-26T20:19:31.923Z","ask"
"0.0502","1553","2024-05-26T20:19:31.923Z","ask"
"0.05023","2913","2024-05-26T20:19:31.923Z","ask"
"0.05047","250","2024-05-26T20:19:31.923Z","ask"
"0.05052","104","2024-05-26T20:19:31.923Z","ask"
"0.05057","863","2024-05-26T20:19:31.923Z","ask"
"0.05059","12625","2024-05-26T20:19:31.923Z","ask"
"0.0506","223766","2024-05-26T20:19:31.923Z","ask"
"0.05061","414","2024-05-26T20:19:31.923Z","ask"
"0.05066","894","2024-05-26T20:19:31.923Z","ask"
"0.05071","1","2024-05-26T20:19:31.923Z","ask"
"0.05075","300","2024-05-26T20:19:31.923Z","ask"
"0.05079","1","2024-05-26T20:19:31.923Z","ask"
"0.05083","2049","2024-05-26T20:19:31.923Z","ask"
"0.05089","739","2024-05-26T20:19:31.923Z","ask"
"0.0509","139175","2024-05-26T20:19:31.923Z","ask"
"0.05097","124","2024-05-26T20:19:31.923Z","ask"
"0.05098","124","2024-05-26T20:19:31.923Z","ask"
"0.05099","12","2024-05-26T20:19:31.923Z","ask"
"0.051","35158","2024-05-26T20:19:31.923Z","ask"
"0.05102","4708","2024-05-26T20:19:31.923Z","ask"
"0.05107","21","2024-05-26T20:19:31.923Z","ask"
"0.0511","414","2024-05-26T20:19:31.923Z","ask"
"0.05117","159","2024-05-26T20:19:31.923Z","ask"
"0.05123","101","2024-05-26T20:19:31.923Z","ask"
"0.0513","978","2024-05-26T20:19:31.923Z","ask"
"0.05138","2964","2024-05-26T20:19:31.923Z","ask"
"0.0514","139176","2024-05-26T20:19:31.923Z","ask"
"0.05149","104","2024-05-26T20:19:31.923Z","ask"
"0.05156","879","2024-05-26T20:19:31.923Z","ask"
"0.05157","2020","2024-05-26T20:19:31.923Z","ask"
"0.05159","416","2024-05-26T20:19:31.923Z","ask"
"0.05177","80","2024-05-26T20:19:31.923Z","ask"
"0.0518","199","2024-05-26T20:19:31.923Z","ask"
"0.05186","103","2024-05-26T20:19:31.923Z","ask"
"0.05199","5841","2024-05-26T20:19:31.923Z","ask"
"0.052","56560","2024-05-26T20:19:31.923Z","ask"
"0.05213","1055","2024-05-26T20:19:31.923Z","ask"
"0.05219","156","2024-05-26T20:19:31.923Z","ask"
"0.05223","100","2024-05-26T20:19:31.923Z","ask"
"0.05233","1990","2024-05-26T20:19:31.923Z","ask"
"0.05249","863","2024-05-26T20:19:31.923Z","ask"
"0.0525","5045","2024-05-26T20:19:31.923Z","ask"
"0.0527","2889","2024-05-26T20:19:31.923Z","ask"
"0.05297","100","2024-05-26T20:19:31.923Z","ask"
"0.053","10794","2024-05-26T20:19:31.923Z","ask"
"0.05311","1961","2024-05-26T20:19:31.923Z","ask"
"0.05321","153","2024-05-26T20:19:31.923Z","ask"
"0.05323","100","2024-05-26T20:19:31.923Z","ask"
"0.0534","265529","2024-05-26T20:19:31.923Z","ask"
"0.05342","848","2024-05-26T20:19:31.923Z","ask"
"0.05385","150","2024-05-26T20:19:31.923Z","ask"
"0.0539","1933","2024-05-26T20:19:31.923Z","ask"
"0.05398","270","2024-05-26T20:19:31.923Z","ask"
"0.05401","1228","2024-05-26T20:19:31.923Z","ask"
"0.05408","2816","2024-05-26T20:19:31.923Z","ask"
"0.05427","150","2024-05-26T20:19:31.923Z","ask"
"0.05431","257","2024-05-26T20:19:31.923Z","ask"
"0.05438","833","2024-05-26T20:19:31.923Z","ask"
"0.05469","1904","2024-05-26T20:19:31.923Z","ask"
"0.0549","5116","2024-05-26T20:19:31.923Z","ask"
"0.05497","97","2024-05-26T20:19:31.923Z","ask"
"0.055","60473","2024-05-26T20:19:31.923Z","ask"
"0.05535","965","2024-05-26T20:19:31.923Z","ask"
"0.05547","2745","2024-05-26T20:19:31.923Z","ask"
"0.0555","1877","2024-05-26T20:19:31.923Z","ask"
"0.05552","116","2024-05-26T20:19:31.923Z","ask"
"0.05559","28","2024-05-26T20:19:31.923Z","ask"
"0.0557","5943","2024-05-26T20:19:31.923Z","ask"
"0.05574","25","2024-05-26T20:19:31.923Z","ask"
"0.05578","114","2024-05-26T20:19:31.923Z","ask"
"0.05591","36","2024-05-26T20:19:31.923Z","ask"
"0.05598","986","2024-05-26T20:19:31.923Z","ask"
"0.056","28","2024-05-26T20:19:31.923Z","ask"
"0.05617","469","2024-05-26T20:19:31.923Z","ask"
"0.0563","1013","2024-05-26T20:19:31.923Z","ask"
"0.05632","1849","2024-05-26T20:19:31.923Z","ask"
"0.05634","804","2024-05-26T20:19:31.923Z","ask"
"0.0564","445","2024-05-26T20:19:31.923Z","ask"
"0.05642","2006","2024-05-26T20:19:31.923Z","ask"
"0.05645","144","2024-05-26T20:19:31.923Z","ask"
"0.05649","161","2024-05-26T20:19:31.923Z","ask"
"0.05654","6000","2024-05-26T20:19:31.923Z","ask"
"0.05655","25","2024-05-26T20:19:31.923Z","ask"
"0.0566","7517","2024-05-26T20:19:31.923Z","ask"
"0.05663","176584","2024-05-26T20:19:31.923Z","ask"
"0.05681","100","2024-05-26T20:19:31.923Z","ask"
"0.0569","3690","2024-05-26T20:19:31.923Z","ask"
"0.05691","2675","2024-05-26T20:19:31.923Z","ask"
"0.057","2242","2024-05-26T20:19:31.923Z","ask"
"0.05704","529","2024-05-26T20:19:31.923Z","ask"
"0.05715","1823","2024-05-26T20:19:31.923Z","ask"
"0.05735","790","2024-05-26T20:19:31.923Z","ask"
"0.05749","10000","2024-05-26T20:19:31.923Z","ask"
"0.0575","76284","2024-05-26T20:19:31.923Z","ask"
"0.05757","141","2024-05-26T20:19:31.923Z","ask"
"0.05768","20","2024-05-26T20:19:31.923Z","ask"
"0.05773","2000","2024-05-26T20:19:31.923Z","ask"
"0.05777","1903","2024-05-26T20:19:31.923Z","ask"
"0.0578","1204","2024-05-26T20:19:31.923Z","ask"
"0.05781","261","2024-05-26T20:19:31.923Z","ask"
"0.05785","150","2024-05-26T20:19:31.923Z","ask"
"0.05787","868","2024-05-26T20:19:31.923Z","ask"
"0.05799","1796","2024-05-26T20:19:31.923Z","ask"
"0.058","750","2024-05-26T20:19:31.923Z","ask"
"0.05803","355","2024-05-26T20:19:31.923Z","ask"
"0.05804","500","2024-05-26T20:19:31.923Z","ask"
"0.05837","776","2024-05-26T20:19:31.923Z","ask"
"0.05839","2608","2024-05-26T20:19:31.923Z","ask"
"0.0585","457112","2024-05-26T20:19:31.923Z","ask"
"0.05851","190","2024-05-26T20:19:31.923Z","ask"
"0.05854","295","2024-05-26T20:19:31.923Z","ask"
"0.05864","74","2024-05-26T20:19:31.923Z","ask"
"0.05871","138","2024-05-26T20:19:31.923Z","ask"
"0.059","11791","2024-05-26T20:19:31.923Z","ask"
"0.0591","4025","2024-05-26T20:19:31.923Z","ask"
"0.05928","28","2024-05-26T20:19:31.923Z","ask"
"0.0594","109","2024-05-26T20:19:31.923Z","ask"
"0.05942","762","2024-05-26T20:19:31.923Z","ask"
"0.05944","14060","2024-05-26T20:19:31.923Z","ask"
"0.05948","1430","2024-05-26T20:19:31.923Z","ask"
"0.0596","253","2024-05-26T20:19:31.923Z","ask"
"0.05971","25","2024-05-26T20:19:31.923Z","ask"
"0.05973","22445","2024-05-26T20:19:31.923Z","ask"
"0.05989","136","2024-05-26T20:19:31.923Z","ask"
"0.0599","916","2024-05-26T20:19:31.923Z","ask"
"0.05993","51","2024-05-26T20:19:31.923Z","ask"
"0.05997","10070","2024-05-26T20:19:31.923Z","ask"
"0.05999","26","2024-05-26T20:19:31.923Z","ask"
"0.06","227527","2024-05-26T20:19:31.923Z","ask"
"0.06001","1","2024-05-26T20:19:31.923Z","ask"
"0.06013","1","2024-05-26T20:19:31.923Z","ask"
"0.06019","1","2024-05-26T20:19:31.923Z","ask"
"0.0602","151","2024-05-26T20:19:31.923Z","ask"
"0.06043","827","2024-05-26T20:19:31.923Z","ask"
"0.06048","749","2024-05-26T20:19:31.923Z","ask"
"0.0605","8288","2024-05-26T20:19:31.923Z","ask"
"0.0606","10000","2024-05-26T20:19:31.923Z","ask"
"0.06062","824","2024-05-26T20:19:31.923Z","ask"
"0.06088","3787","2024-05-26T20:19:31.923Z","ask"
"0.061","1030102","2024-05-26T20:19:31.923Z","ask"
"0.06108","133","2024-05-26T20:19:31.923Z","ask"
"0.06111","18854","2024-05-26T20:19:31.923Z","ask"
"0.06113","5112","2024-05-26T20:19:31.923Z","ask"
"0.06121","23","2024-05-26T20:19:31.923Z","ask"
"0.06122","1296","2024-05-26T20:19:31.923Z","ask"
"0.06142","105","2024-05-26T20:19:31.923Z","ask"
"0.06156","736","2024-05-26T20:19:31.923Z","ask"
"0.06195","3","2024-05-26T20:19:31.923Z","ask"
"0.06199","3","2024-05-26T20:19:31.923Z","ask"
"0.062","842894","2024-05-26T20:19:31.923Z","ask"
"0.06204","500","2024-05-26T20:19:31.923Z","ask"
"0.06208","46","2024-05-26T20:19:31.923Z","ask"
"0.06209","26","2024-05-26T20:19:31.923Z","ask"
"0.06211","23","2024-05-26T20:19:31.923Z","ask"
"0.06212","3","2024-05-26T20:19:31.923Z","ask"
"0.06216","23","2024-05-26T20:19:31.923Z","ask"
"0.0622","13727","2024-05-26T20:19:31.923Z","ask"
"0.06229","130","2024-05-26T20:19:31.923Z","ask"
"0.06235","140","2024-05-26T20:19:31.923Z","ask"
"0.0625","30392","2024-05-26T20:19:31.923Z","ask"
"0.06251","250","2024-05-26T20:19:31.923Z","ask"
"0.06253","46","2024-05-26T20:19:31.923Z","ask"
"0.06266","723","2024-05-26T20:19:31.923Z","ask"
"0.06274","23","2024-05-26T20:19:31.923Z","ask"
"0.06285","13500","2024-05-26T20:19:31.923Z","ask"
"0.063","6636","2024-05-26T20:19:31.923Z","ask"
"0.06304","500","2024-05-26T20:19:31.923Z","ask"
"0.0632","100","2024-05-26T20:19:31.923Z","ask"
"0.06347","393","2024-05-26T20:19:31.923Z","ask"
"0.06354","128","2024-05-26T20:19:31.923Z","ask"
"0.06378","710","2024-05-26T20:19:31.923Z","ask"
"0.06392","809","2024-05-26T20:19:31.923Z","ask"
"0.06395","150000","2024-05-26T20:19:31.923Z","ask"
"0.064","80215","2024-05-26T20:19:31.923Z","ask"
"0.06404","182","2024-05-26T20:19:31.923Z","ask"
"0.0643","500","2024-05-26T20:19:31.923Z","ask"
"0.06433","116","2024-05-26T20:19:31.923Z","ask"
"0.06447","779","2024-05-26T20:19:31.923Z","ask"
"0.06448","3442","2024-05-26T20:19:31.923Z","ask"
"0.06459","32","2024-05-26T20:19:31.923Z","ask"
"0.0647","10859","2024-05-26T20:19:31.923Z","ask"
"0.0648","1751","2024-05-26T20:19:31.923Z","ask"
"0.06488","100","2024-05-26T20:19:31.923Z","ask"
"0.06492","698","2024-05-26T20:19:31.923Z","ask"
"0.065","551187","2024-05-26T20:19:31.923Z","ask"
"0.06507","354","2024-05-26T20:19:31.923Z","ask"
"0.0651","10850","2024-05-26T20:19:31.923Z","ask"
"0.0652","6546","2024-05-26T20:19:31.923Z","ask"
"0.06543","10000","2024-05-26T20:19:31.923Z","ask"
"0.0655","6777","2024-05-26T20:19:31.923Z","ask"
"0.06561","77","2024-05-26T20:19:31.923Z","ask"
"0.06565","5000","2024-05-26T20:19:31.923Z","ask"
"0.066","579858","2024-05-26T20:19:31.923Z","ask"
"0.06608","685","2024-05-26T20:19:31.923Z","ask"
"0.0661","3215","2024-05-26T20:19:31.923Z","ask"
"0.06612","46","2024-05-26T20:19:31.923Z","ask"
"0.06619","849","2024-05-26T20:19:31.923Z","ask"
"0.0666","13726","2024-05-26T20:19:31.923Z","ask"
"0.06673","31","2024-05-26T20:19:31.923Z","ask"
"0.06683","4522","2024-05-26T20:19:31.923Z","ask"
"0.06685","130","2024-05-26T20:19:31.923Z","ask"
"0.06686","100000","2024-05-26T20:19:31.923Z","ask"
"0.067","5097","2024-05-26T20:19:31.923Z","ask"
"0.0672","100","2024-05-26T20:19:31.923Z","ask"
"0.06726","673","2024-05-26T20:19:31.923Z","ask"
"0.06737","59","2024-05-26T20:19:31.923Z","ask"
"0.06741","121","2024-05-26T20:19:31.923Z","ask"
"0.0675","23004","2024-05-26T20:19:31.923Z","ask"
"0.0679","441","2024-05-26T20:19:31.923Z","ask"
"0.068","291407","2024-05-26T20:19:31.923Z","ask"
"0.06804","500","2024-05-26T20:19:31.923Z","ask"
"0.06832","191","2024-05-26T20:19:31.923Z","ask"
"0.06835","53","2024-05-26T20:19:31.923Z","ask"
"0.06847","734","2024-05-26T20:19:31.923Z","ask"
"0.06851","93000","2024-05-26T20:19:31.923Z","ask"
"0.0686","254","2024-05-26T20:19:31.923Z","ask"
"0.06868","230840","2024-05-26T20:19:31.923Z","ask"
"0.06876","118","2024-05-26T20:19:31.923Z","ask"
"0.0689","5400","2024-05-26T20:19:31.923Z","ask"
"0.06894","2000","2024-05-26T20:19:31.923Z","ask"
"0.06899","1449","2024-05-26T20:19:31.923Z","ask"
"0.069","744469","2024-05-26T20:19:31.923Z","ask"
"0.06924","20000","2024-05-26T20:19:31.923Z","ask"
"0.06934","158","2024-05-26T20:19:31.923Z","ask"
"0.06959","490","2024-05-26T20:19:31.923Z","ask"
"0.0696","287","2024-05-26T20:19:31.923Z","ask"
"0.06967","100","2024-05-26T20:19:31.923Z","ask"
"0.0697","35","2024-05-26T20:19:31.923Z","ask"
"0.06975","288","2024-05-26T20:19:31.923Z","ask"
"0.06982","216","2024-05-26T20:19:31.923Z","ask"
"0.06987","500","2024-05-26T20:19:31.923Z","ask"
"0.06988","326","2024-05-26T20:19:31.923Z","ask"
"0.0699","11451","2024-05-26T20:19:31.923Z","ask"
"0.06999","25067","2024-05-26T20:19:31.923Z","ask"
"0.07","1138774","2024-05-26T20:19:31.923Z","ask"
"0.07001","1","2024-05-26T20:19:31.923Z","ask"
"0.07005","2312","2024-05-26T20:19:31.923Z","ask"
"0.07013","115","2024-05-26T20:19:31.923Z","ask"
"0.07019","1","2024-05-26T20:19:31.923Z","ask"
"0.07029","142","2024-05-26T20:19:31.923Z","ask"
"0.07045","109","2024-05-26T20:19:31.923Z","ask"
"0.0705","820","2024-05-26T20:19:31.923Z","ask"
"0.07057","555","2024-05-26T20:19:31.923Z","ask"
"0.0706","2832","2024-05-26T20:19:31.923Z","ask"
"0.07091","319","2024-05-26T20:19:31.923Z","ask"
"0.07094","1413","2024-05-26T20:19:31.923Z","ask"
"0.07095","1","2024-05-26T20:19:31.923Z","ask"
"0.071","13077","2024-05-26T20:19:31.923Z","ask"
"0.0714","6213","2024-05-26T20:19:31.923Z","ask"
"0.0715","2340","2024-05-26T20:19:31.923Z","ask"
"0.07152","114","2024-05-26T20:19:31.923Z","ask"
"0.07162","1656","2024-05-26T20:19:31.923Z","ask"
"0.07185","130","2024-05-26T20:19:31.923Z","ask"
"0.07189","1390","2024-05-26T20:19:31.923Z","ask"
"0.0719","4103","2024-05-26T20:19:31.923Z","ask"
"0.07199","30000","2024-05-26T20:19:31.923Z","ask"
"0.072","156519","2024-05-26T20:19:31.923Z","ask"
"0.07227","4150","2024-05-26T20:19:31.923Z","ask"
"0.07237","100","2024-05-26T20:19:31.923Z","ask"
"0.0724","6381","2024-05-26T20:19:31.923Z","ask"
"0.07249","8202","2024-05-26T20:19:31.923Z","ask"
"0.07281","500","2024-05-26T20:19:31.923Z","ask"
"0.0729","18069","2024-05-26T20:19:31.923Z","ask"
"0.07299","484829","2024-05-26T20:19:31.923Z","ask"
"0.073","16437","2024-05-26T20:19:31.923Z","ask"
"0.07308","1368","2024-05-26T20:19:31.923Z","ask"
"0.07315","116","2024-05-26T20:19:31.923Z","ask"
"0.07319","219","2024-05-26T20:19:31.923Z","ask"
"0.0733","500","2024-05-26T20:19:31.923Z","ask"
"0.07335","245","2024-05-26T20:19:31.923Z","ask"
"0.07344","2000","2024-05-26T20:19:31.923Z","ask"
"0.07352","3000","2024-05-26T20:19:31.923Z","ask"
"0.0736","466","2024-05-26T20:19:31.923Z","ask"
"0.0739","1021","2024-05-26T20:19:31.923Z","ask"
"0.074","52803","2024-05-26T20:19:31.923Z","ask"
"0.0741","123","2024-05-26T20:19:31.923Z","ask"
"0.0743","11000","2024-05-26T20:19:31.923Z","ask"
"0.07439","50674","2024-05-26T20:19:31.923Z","ask"
"0.07452","802","2024-05-26T20:19:31.923Z","ask"
"0.07459","500","2024-05-26T20:19:31.923Z","ask"
"0.0748","2100","2024-05-26T20:19:31.924Z","ask"
"0.07485","7811","2024-05-26T20:19:31.924Z","ask"
"0.0749","3591","2024-05-26T20:19:31.924Z","ask"
"0.075","114504","2024-05-26T20:19:31.924Z","ask"
"0.0751","20024","2024-05-26T20:19:31.924Z","ask"
"0.07511","6710","2024-05-26T20:19:31.924Z","ask"
"0.07557","250","2024-05-26T20:19:31.924Z","ask"
"0.0756","1236","2024-05-26T20:19:31.924Z","ask"
"0.0759","200000","2024-05-26T20:19:31.924Z","ask"
"0.076","589819","2024-05-26T20:19:31.924Z","ask"
"0.07632","192","2024-05-26T20:19:31.924Z","ask"
"0.07658","104","2024-05-26T20:19:31.924Z","ask"
"0.0769","2313","2024-05-26T20:19:31.924Z","ask"
"0.077","18191","2024-05-26T20:19:31.924Z","ask"
"0.07712","2000","2024-05-26T20:19:31.924Z","ask"
"0.07731","801","2024-05-26T20:19:31.924Z","ask"
"0.0775","20","2024-05-26T20:19:31.924Z","ask"
"0.07756","144","2024-05-26T20:19:31.924Z","ask"
"0.0777","778657","2024-05-26T20:19:31.924Z","ask"
"0.07785","120","2024-05-26T20:19:31.924Z","ask"
"0.07787","9372","2024-05-26T20:19:31.924Z","ask"
"0.078","15350","2024-05-26T20:19:31.924Z","ask"
"0.07818","583","2024-05-26T20:19:31.924Z","ask"
"0.07824","217","2024-05-26T20:19:31.924Z","ask"
"0.07844","2000","2024-05-26T20:19:31.924Z","ask"
"0.07888","1000","2024-05-26T20:19:31.924Z","ask"
"0.0789","118591","2024-05-26T20:19:31.924Z","ask"
"0.07893","3166","2024-05-26T20:19:31.924Z","ask"
"0.079","17191","2024-05-26T20:19:31.924Z","ask"
"0.07931","10000","2024-05-26T20:19:31.924Z","ask"
"0.0794","4270","2024-05-26T20:19:31.924Z","ask"
"0.07948","775","2024-05-26T20:19:31.924Z","ask"
"0.0795","251","2024-05-26T20:19:31.924Z","ask"
"0.0798","3709","2024-05-26T20:19:31.924Z","ask"
"0.07981","500","2024-05-26T20:19:31.924Z","ask"
"0.0799","5568","2024-05-26T20:19:31.924Z","ask"
"0.07996","1576","2024-05-26T20:19:31.924Z","ask"
"0.07999","1332","2024-05-26T20:19:31.924Z","ask"
"0.08","530581","2024-05-26T20:19:31.924Z","ask"
"0.08001","1","2024-05-26T20:19:31.924Z","ask"
"0.0801","245","2024-05-26T20:19:31.924Z","ask"
"0.08019","1","2024-05-26T20:19:31.924Z","ask"
"0.0805","1250","2024-05-26T20:19:31.924Z","ask"
"0.08061","5198","2024-05-26T20:19:31.924Z","ask"
"0.081","6911","2024-05-26T20:19:31.924Z","ask"
"0.08169","28","2024-05-26T20:19:31.924Z","ask"
"0.08196","116","2024-05-26T20:19:31.924Z","ask"
"0.082","15951","2024-05-26T20:19:31.924Z","ask"
"0.0821","110000","2024-05-26T20:19:31.924Z","ask"
"0.0824","500","2024-05-26T20:19:31.924Z","ask"
"0.08251","100","2024-05-26T20:19:31.924Z","ask"
"0.08266","67","2024-05-26T20:19:31.924Z","ask"
"0.083","1204","2024-05-26T20:19:31.924Z","ask"
"0.0833","4000","2024-05-26T20:19:31.924Z","ask"
"0.0834","23","2024-05-26T20:19:31.924Z","ask"
"0.08352","38730","2024-05-26T20:19:31.924Z","ask"
"0.084","82281","2024-05-26T20:19:31.924Z","ask"
"0.08428","23730","2024-05-26T20:19:31.924Z","ask"
"0.0847","592","2024-05-26T20:19:31.924Z","ask"
"0.08485","120","2024-05-26T20:19:31.924Z","ask"
"0.0849","5723","2024-05-26T20:19:31.924Z","ask"
"0.085","172876","2024-05-26T20:19:31.924Z","ask"
"0.08573","351","2024-05-26T20:19:31.924Z","ask"
"0.08576","351","2024-05-26T20:19:31.924Z","ask"
"0.08594","600","2024-05-26T20:19:31.924Z","ask"
"0.08596","17449","2024-05-26T20:19:31.924Z","ask"
"0.08599","500","2024-05-26T20:19:31.924Z","ask"
"0.086","9595","2024-05-26T20:19:31.924Z","ask"
"0.08606","954","2024-05-26T20:19:31.924Z","ask"
"0.0861","1813","2024-05-26T20:19:31.924Z","ask"
"0.08636","6431","2024-05-26T20:19:31.924Z","ask"
"0.08668","750","2024-05-26T20:19:31.924Z","ask"
"0.0868","23","2024-05-26T20:19:31.924Z","ask"
"0.08681","1000","2024-05-26T20:19:31.924Z","ask"
"0.087","40","2024-05-26T20:19:31.924Z","ask"
"0.08703","404","2024-05-26T20:19:31.924Z","ask"
"0.08704","372","2024-05-26T20:19:31.924Z","ask"
"0.08747","2500","2024-05-26T20:19:31.924Z","ask"
"0.0875","5536","2024-05-26T20:19:31.924Z","ask"
"0.08777","2528","2024-05-26T20:19:31.924Z","ask"
"0.08784","263","2024-05-26T20:19:31.924Z","ask"
"0.088","15617","2024-05-26T20:19:31.924Z","ask"
"0.0882","1700","2024-05-26T20:19:31.924Z","ask"
"0.0884","109","2024-05-26T20:19:31.924Z","ask"
"0.08866","112790","2024-05-26T20:19:31.924Z","ask"
"0.0888","20425","2024-05-26T20:19:31.924Z","ask"
"0.0889","2500","2024-05-26T20:19:31.924Z","ask"
"0.089","525600","2024-05-26T20:19:31.924Z","ask"
"0.0894","3000","2024-05-26T20:19:31.924Z","ask"
"0.0899","330","2024-05-26T20:19:31.924Z","ask"
"0.08995","1908","2024-05-26T20:19:31.924Z","ask"
"0.09","854970","2024-05-26T20:19:31.924Z","ask"
"0.09001","1","2024-05-26T20:19:31.924Z","ask"
"0.09014","1","2024-05-26T20:19:31.924Z","ask"
"0.09078","116","2024-05-26T20:19:31.924Z","ask"
"0.09092","4168","2024-05-26T20:19:31.924Z","ask"
"0.09094","235276","2024-05-26T20:19:31.924Z","ask"
"0.091","68416","2024-05-26T20:19:31.924Z","ask"
"0.0911","62","2024-05-26T20:19:31.924Z","ask"
"0.0912","1433","2024-05-26T20:19:31.924Z","ask"
"0.09185","110","2024-05-26T20:19:31.924Z","ask"
"0.092","1600","2024-05-26T20:19:31.924Z","ask"
"0.09222","100","2024-05-26T20:19:31.924Z","ask"
"0.0925","118","2024-05-26T20:19:31.924Z","ask"
"0.09293","1000","2024-05-26T20:19:31.924Z","ask"
"0.0937","7500","2024-05-26T20:19:31.924Z","ask"
"0.0938","2500","2024-05-26T20:19:31.924Z","ask"
"0.094","31340","2024-05-26T20:19:31.924Z","ask"
"0.0941","25","2024-05-26T20:19:31.924Z","ask"
"0.0944","2000","2024-05-26T20:19:31.924Z","ask"
"0.0948","4120","2024-05-26T20:19:31.924Z","ask"
"0.09495","4966","2024-05-26T20:19:31.924Z","ask"
"0.095","50519","2024-05-26T20:19:31.924Z","ask"
"0.0951","599","2024-05-26T20:19:31.924Z","ask"
"0.0952","2012","2024-05-26T20:19:31.924Z","ask"
"0.09559","30000","2024-05-26T20:19:31.924Z","ask"
"0.096","2483","2024-05-26T20:19:31.924Z","ask"
"0.0963","5000","2024-05-26T20:19:31.924Z","ask"
"0.0964","50","2024-05-26T20:19:31.924Z","ask"
"0.0966","20223","2024-05-26T20:19:31.924Z","ask"
"0.09692","510","2024-05-26T20:19:31.924Z","ask"
"0.097","3332","2024-05-26T20:19:31.924Z","ask"
"0.09704","138","2024-05-26T20:19:31.924Z","ask"
"0.0971","12945","2024-05-26T20:19:31.924Z","ask"
"0.0974","3200","2024-05-26T20:19:31.924Z","ask"
"0.09763","57","2024-05-26T20:19:31.924Z","ask"
"0.0978","1000","2024-05-26T20:19:31.924Z","ask"
"0.098","364056","2024-05-26T20:19:31.924Z","ask"
"0.09821","5001","2024-05-26T20:19:31.924Z","ask"
"0.09851","34879","2024-05-26T20:19:31.924Z","ask"
"0.09862","250000","2024-05-26T20:19:31.924Z","ask"
"0.0987","123","2024-05-26T20:19:31.924Z","ask"
"0.0989","12000","2024-05-26T20:19:31.924Z","ask"
"0.099","47054","2024-05-26T20:19:31.924Z","ask"
"0.09906","2350","2024-05-26T20:19:31.924Z","ask"
"0.09929","28","2024-05-26T20:19:31.924Z","ask"
"0.09959","116","2024-05-26T20:19:31.924Z","ask"
"0.0996","5101","2024-05-26T20:19:31.924Z","ask"
"0.09972","70","2024-05-26T20:19:31.924Z","ask"
"0.09979","2000","2024-05-26T20:19:31.924Z","ask"
"0.09981","5103","2024-05-26T20:19:31.924Z","ask"
"0.09985","100","2024-05-26T20:19:31.924Z","ask"
"0.0999","45500","2024-05-26T20:19:31.924Z","ask"
"0.09997","5245","2024-05-26T20:19:31.924Z","ask"
"0.09999","45314","2024-05-26T20:19:31.924Z","ask"
"0.1","4318181","2024-05-26T20:19:31.924Z","ask"
"0.10001","1","2024-05-26T20:19:31.924Z","ask"
"0.1001","9000","2024-05-26T20:19:31.924Z","ask"
"0.1003","910","2024-05-26T20:19:31.924Z","ask"
"0.10042","1000","2024-05-26T20:19:31.924Z","ask"
"0.1005","10000","2024-05-26T20:19:31.924Z","ask"
"0.101","7000","2024-05-26T20:19:31.924Z","ask"
"0.1011","2671","2024-05-26T20:19:31.924Z","ask"
"0.1012","2501","2024-05-26T20:19:31.924Z","ask"
"0.10123","100028","2024-05-26T20:19:31.924Z","ask"
"0.102","93203","2024-05-26T20:19:31.924Z","ask"
"0.10258","115","2024-05-26T20:19:31.924Z","ask"
"0.10315","68","2024-05-26T20:19:31.924Z","ask"
"0.1035","69137","2024-05-26T20:19:31.924Z","ask"
"0.1036","388","2024-05-26T20:19:31.924Z","ask"
"0.10361","583","2024-05-26T20:19:31.924Z","ask"
"0.10465","119","2024-05-26T20:19:31.924Z","ask"
"0.105","11500","2024-05-26T20:19:31.924Z","ask"
"0.1065","100","2024-05-26T20:19:31.924Z","ask"
"0.10678","65","2024-05-26T20:19:31.924Z","ask"
"0.107","800","2024-05-26T20:19:31.924Z","ask"
"0.1073","9371","2024-05-26T20:19:31.924Z","ask"
"0.10785","100","2024-05-26T20:19:31.924Z","ask"
"0.1084","116","2024-05-26T20:19:31.924Z","ask"
"0.1094","2000","2024-05-26T20:19:31.924Z","ask"
"0.1095","2000","2024-05-26T20:19:31.924Z","ask"
"0.11","772438","2024-05-26T20:19:31.924Z","ask"
"0.11001","1","2024-05-26T20:19:31.924Z","ask"
"0.11064","63","2024-05-26T20:19:31.924Z","ask"
"0.111","1278","2024-05-26T20:19:31.924Z","ask"
"0.1111","10055","2024-05-26T20:19:31.924Z","ask"
"0.1114","1000","2024-05-26T20:19:31.924Z","ask"
"0.11159","199","2024-05-26T20:19:31.924Z","ask"
"0.11179","100","2024-05-26T20:19:31.924Z","ask"
"0.112","94103","2024-05-26T20:19:31.924Z","ask"
"0.11226","230","2024-05-26T20:19:31.924Z","ask"
"0.1126","1127","2024-05-26T20:19:31.924Z","ask"
"0.114","50","2024-05-26T20:19:31.924Z","ask"
"0.1147","61","2024-05-26T20:19:31.924Z","ask"
"0.11474","3600","2024-05-26T20:19:31.924Z","ask"
"0.1149","3000","2024-05-26T20:19:31.924Z","ask"
"0.115","400582","2024-05-26T20:19:31.924Z","ask"
"0.1156","86","2024-05-26T20:19:31.924Z","ask"
"0.11669","430","2024-05-26T20:19:31.924Z","ask"
"0.11685","100","2024-05-26T20:19:31.924Z","ask"
"0.117","58391","2024-05-26T20:19:31.924Z","ask"
"0.11721","116","2024-05-26T20:19:31.924Z","ask"
"0.118","6053","2024-05-26T20:19:31.924Z","ask"
"0.11858","195","2024-05-26T20:19:31.924Z","ask"
"0.1189","3000","2024-05-26T20:19:31.924Z","ask"
"0.11897","843","2024-05-26T20:19:31.924Z","ask"
"0.119","19112","2024-05-26T20:19:31.924Z","ask"
"0.11901","58","2024-05-26T20:19:31.924Z","ask"
"0.11987","1673","2024-05-26T20:19:31.924Z","ask"
"0.12","1108461","2024-05-26T20:19:31.924Z","ask"
"0.12011","1","2024-05-26T20:19:31.924Z","ask"
"0.1209","275730","2024-05-26T20:19:31.924Z","ask"
"0.121","1087","2024-05-26T20:19:31.924Z","ask"
"0.1212","1000","2024-05-26T20:19:31.924Z","ask"
"0.1215","494","2024-05-26T20:19:31.924Z","ask"
"0.1225","5100","2024-05-26T20:19:31.924Z","ask"
"0.123","67784","2024-05-26T20:19:31.924Z","ask"
"0.1232","377","2024-05-26T20:19:31.924Z","ask"
"0.1235","4071","2024-05-26T20:19:31.924Z","ask"
"0.1236","56","2024-05-26T20:19:31.924Z","ask"
"0.124","6420","2024-05-26T20:19:31.924Z","ask"
"0.1244","15000","2024-05-26T20:19:31.924Z","ask"
"0.12457","2366","2024-05-26T20:19:31.924Z","ask"
"0.1248","2500","2024-05-26T20:19:31.924Z","ask"
"0.1249","1000","2024-05-26T20:19:31.924Z","ask"
"0.125","413352","2024-05-26T20:19:31.924Z","ask"
"0.12585","319","2024-05-26T20:19:31.924Z","ask"
"0.12602","116","2024-05-26T20:19:31.924Z","ask"
"0.1264","146","2024-05-26T20:19:31.924Z","ask"
"0.12685","100","2024-05-26T20:19:31.924Z","ask"
"0.1281","50","2024-05-26T20:19:31.924Z","ask"
"0.12848","54","2024-05-26T20:19:31.924Z","ask"
"0.1294","2500","2024-05-26T20:19:31.924Z","ask"
"0.12989","85","2024-05-26T20:19:31.924Z","ask"
"0.13","156809","2024-05-26T20:19:31.924Z","ask"
"0.13001","1","2024-05-26T20:19:31.924Z","ask"
"0.131","1634","2024-05-26T20:19:31.924Z","ask"
"0.1314","2500","2024-05-26T20:19:31.924Z","ask"
"0.13185","100","2024-05-26T20:19:31.924Z","ask"
"0.132","1500","2024-05-26T20:19:31.924Z","ask"
"0.13267","5253","2024-05-26T20:19:31.924Z","ask"
"0.13311","20370","2024-05-26T20:19:31.924Z","ask"
"0.1333","161","2024-05-26T20:19:31.924Z","ask"
"0.13368","52","2024-05-26T20:19:31.924Z","ask"
"0.1338","13295","2024-05-26T20:19:31.924Z","ask"
"0.1348","1000","2024-05-26T20:19:31.924Z","ask"
"0.13483","116","2024-05-26T20:19:31.924Z","ask"
"0.1349","435","2024-05-26T20:19:31.924Z","ask"
"0.135","509191","2024-05-26T20:19:31.924Z","ask"
"0.1368","2136","2024-05-26T20:19:31.924Z","ask"
"0.13703","1266","2024-05-26T20:19:31.924Z","ask"
"0.13785","100","2024-05-26T20:19:31.924Z","ask"
"0.138","12000","2024-05-26T20:19:31.924Z","ask"
"0.1388","720","2024-05-26T20:19:31.924Z","ask"
"0.1389","5000","2024-05-26T20:19:31.924Z","ask"
"0.139","5894","2024-05-26T20:19:31.924Z","ask"
"0.13923","50","2024-05-26T20:19:31.924Z","ask"
"0.13977","79","2024-05-26T20:19:31.924Z","ask"
"0.14","114939","2024-05-26T20:19:31.924Z","ask"
"0.14001","1","2024-05-26T20:19:31.924Z","ask"
"0.142","42053","2024-05-26T20:19:31.924Z","ask"
"0.143","1079","2024-05-26T20:19:31.924Z","ask"
"0.1432","4200","2024-05-26T20:19:31.924Z","ask"
"0.14364","116","2024-05-26T20:19:31.924Z","ask"
"0.14399","3526","2024-05-26T20:19:31.924Z","ask"
"0.144","20466","2024-05-26T20:19:31.924Z","ask"
"0.1444","3000","2024-05-26T20:19:31.924Z","ask"
"0.14485","583","2024-05-26T20:19:31.924Z","ask"
"0.14495","1","2024-05-26T20:19:31.924Z","ask"
"0.14499","59067","2024-05-26T20:19:31.924Z","ask"
"0.145","500000","2024-05-26T20:19:31.924Z","ask"
"0.14516","48","2024-05-26T20:19:31.924Z","ask"
"0.1457","220","2024-05-26T20:19:31.924Z","ask"
"0.1465","34","2024-05-26T20:19:31.924Z","ask"
"0.1466","50","2024-05-26T20:19:31.924Z","ask"
"0.147","2163","2024-05-26T20:19:31.924Z","ask"
"0.1489","7000","2024-05-26T20:19:31.924Z","ask"
"0.1494","91","2024-05-26T20:19:31.924Z","ask"
"0.14976","74","2024-05-26T20:19:31.924Z","ask"
"0.1498","300","2024-05-26T20:19:31.924Z","ask"
"0.14985","100","2024-05-26T20:19:31.924Z","ask"
"0.1499","6989","2024-05-26T20:19:31.924Z","ask"
"0.15","1324628","2024-05-26T20:19:31.924Z","ask"
"0.15001","1","2024-05-26T20:19:31.924Z","ask"
"0.151","18918","2024-05-26T20:19:31.924Z","ask"
"0.1515","46","2024-05-26T20:19:31.924Z","ask"
"0.15191","100","2024-05-26T20:19:31.924Z","ask"
"0.15245","116","2024-05-26T20:19:31.924Z","ask"
"0.153","16113","2024-05-26T20:19:31.924Z","ask"
"0.15376","24523","2024-05-26T20:19:31.924Z","ask"
"0.1539","3896","2024-05-26T20:19:31.924Z","ask"
"0.154","19480","2024-05-26T20:19:31.924Z","ask"
"0.15426","330","2024-05-26T20:19:31.924Z","ask"
"0.155","524060","2024-05-26T20:19:31.924Z","ask"
"0.15571","508","2024-05-26T20:19:31.924Z","ask"
"0.15579","250","2024-05-26T20:19:31.924Z","ask"
"0.156","1290","2024-05-26T20:19:31.924Z","ask"
"0.15755","750","2024-05-26T20:19:31.924Z","ask"
"0.158","3578","2024-05-26T20:19:31.924Z","ask"
"0.1594","983","2024-05-26T20:19:31.924Z","ask"
"0.1598","3800","2024-05-26T20:19:31.924Z","ask"
"0.1599","2000","2024-05-26T20:19:31.924Z","ask"
"0.16","3034790","2024-05-26T20:19:31.924Z","ask"
"0.16001","1","2024-05-26T20:19:31.924Z","ask"
"0.1605","26","2024-05-26T20:19:31.924Z","ask"
"0.16126","116","2024-05-26T20:19:31.924Z","ask"
"0.1633","5000","2024-05-26T20:19:31.924Z","ask"
"0.16478","3500","2024-05-26T20:19:31.924Z","ask"
"0.1649","100","2024-05-26T20:19:31.924Z","ask"
"0.165","602593","2024-05-26T20:19:31.924Z","ask"
"0.166","3254","2024-05-26T20:19:31.924Z","ask"
"0.16649","6200","2024-05-26T20:19:31.924Z","ask"
"0.16702","345","2024-05-26T20:19:31.924Z","ask"
"0.1687","4390","2024-05-26T20:19:31.924Z","ask"
"0.1689","4000","2024-05-26T20:19:31.924Z","ask"
"0.169","1000","2024-05-26T20:19:31.924Z","ask"
"0.1697","10006","2024-05-26T20:19:31.924Z","ask"
"0.17","1246065","2024-05-26T20:19:31.924Z","ask"
"0.17001","1","2024-05-26T20:19:31.924Z","ask"
"0.17007","116","2024-05-26T20:19:31.924Z","ask"
"0.17181","100","2024-05-26T20:19:31.924Z","ask"
"0.17186","413","2024-05-26T20:19:31.924Z","ask"
"0.172","500","2024-05-26T20:19:31.924Z","ask"
"0.17274","50000","2024-05-26T20:19:31.924Z","ask"
"0.174","631","2024-05-26T20:19:31.924Z","ask"
"0.1748","3000","2024-05-26T20:19:31.924Z","ask"
"0.175","514415","2024-05-26T20:19:31.924Z","ask"
"0.1755","2580","2024-05-26T20:19:31.924Z","ask"
"0.176","3174","2024-05-26T20:19:31.924Z","ask"
"0.1762","2810","2024-05-26T20:19:31.924Z","ask"
"0.177","1280","2024-05-26T20:19:31.924Z","ask"
"0.17722","720","2024-05-26T20:19:31.924Z","ask"
"0.1777","191679","2024-05-26T20:19:31.924Z","ask"
"0.17777","250","2024-05-26T20:19:31.924Z","ask"
"0.17791","1000","2024-05-26T20:19:31.924Z","ask"
"0.17819","583","2024-05-26T20:19:31.924Z","ask"
"0.1784","7817","2024-05-26T20:19:31.924Z","ask"
"0.1787","5000","2024-05-26T20:19:31.924Z","ask"
"0.17888","116","2024-05-26T20:19:31.924Z","ask"
"0.179","531","2024-05-26T20:19:31.924Z","ask"
"0.1794","3000","2024-05-26T20:19:31.924Z","ask"
"0.18","1053171","2024-05-26T20:19:31.924Z","ask"
"0.18001","1","2024-05-26T20:19:31.924Z","ask"
"0.18087","2379","2024-05-26T20:19:31.924Z","ask"
"0.1824","1434","2024-05-26T20:19:31.924Z","ask"
"0.184","10000","2024-05-26T20:19:31.924Z","ask"
"0.1848","2000","2024-05-26T20:19:31.924Z","ask"
"0.185","539321","2024-05-26T20:19:31.924Z","ask"
"0.1869","25281","2024-05-26T20:19:31.924Z","ask"
"0.1876","123","2024-05-26T20:19:31.924Z","ask"
"0.18769","116","2024-05-26T20:19:31.924Z","ask"
"0.188","39147","2024-05-26T20:19:31.924Z","ask"
"0.1887","5000","2024-05-26T20:19:31.924Z","ask"
"0.1889","6500","2024-05-26T20:19:31.924Z","ask"
"0.189","33708","2024-05-26T20:19:31.924Z","ask"
"0.19","617774","2024-05-26T20:19:31.924Z","ask"
"0.19001","1","2024-05-26T20:19:31.924Z","ask"
"0.191","21048","2024-05-26T20:19:31.924Z","ask"
"0.192","520","2024-05-26T20:19:31.924Z","ask"
"0.19207","100","2024-05-26T20:19:31.924Z","ask"
"0.1925","14577","2024-05-26T20:19:31.924Z","ask"
"0.1935","4310","2024-05-26T20:19:31.924Z","ask"
"0.1938","8000","2024-05-26T20:19:31.924Z","ask"
"0.194","1188","2024-05-26T20:19:31.924Z","ask"
"0.1944","3000","2024-05-26T20:19:31.924Z","ask"
"0.1948","8000","2024-05-26T20:19:31.924Z","ask"
"0.19491","5103","2024-05-26T20:19:31.924Z","ask"
"0.195","609156","2024-05-26T20:19:31.924Z","ask"
"0.1964","4952","2024-05-26T20:19:31.924Z","ask"
"0.1965","116","2024-05-26T20:19:31.924Z","ask"
"0.1972","3061","2024-05-26T20:19:31.924Z","ask"
"0.19767","1698","2024-05-26T20:19:31.924Z","ask"
"0.198","266","2024-05-26T20:19:31.924Z","ask"
"0.1987","5000","2024-05-26T20:19:31.924Z","ask"
"0.1989","1000","2024-05-26T20:19:31.924Z","ask"
"0.19967","4631","2024-05-26T20:19:31.924Z","ask"
"0.2","4965623","2024-05-26T20:19:31.924Z","ask"
"0.2001","43504","2024-05-26T20:19:31.924Z","ask"
"0.2011","2616","2024-05-26T20:19:31.924Z","ask"
"0.202","6000","2024-05-26T20:19:31.924Z","ask"
"0.2023","435","2024-05-26T20:19:31.924Z","ask"
"0.2031","4952","2024-05-26T20:19:31.924Z","ask"
"0.20375","1024","2024-05-26T20:19:31.924Z","ask"
"0.20482","1512","2024-05-26T20:19:31.924Z","ask"
"0.205","658779","2024-05-26T20:19:31.924Z","ask"
"0.20531","116","2024-05-26T20:19:31.924Z","ask"
"0.208","3997","2024-05-26T20:19:31.924Z","ask"
"0.209","180","2024-05-26T20:19:31.924Z","ask"
"0.20901","10000","2024-05-26T20:19:31.924Z","ask"
"0.2099","892","2024-05-26T20:19:31.924Z","ask"
"0.21","2907296","2024-05-26T20:19:31.924Z","ask"
"0.21001","1","2024-05-26T20:19:31.924Z","ask"
"0.21046","1076","2024-05-26T20:19:31.924Z","ask"
"0.21152","583","2024-05-26T20:19:31.924Z","ask"
"0.2118","100","2024-05-26T20:19:31.924Z","ask"
"0.213","27739","2024-05-26T20:19:31.924Z","ask"
"0.2133","50","2024-05-26T20:19:31.924Z","ask"
"0.21412","116","2024-05-26T20:19:31.924Z","ask"
"0.21488","431150","2024-05-26T20:19:31.924Z","ask"
"0.2149","431155","2024-05-26T20:19:31.924Z","ask"
"0.215","576397","2024-05-26T20:19:31.924Z","ask"
"0.216","115","2024-05-26T20:19:31.924Z","ask"
"0.217","460","2024-05-26T20:19:31.924Z","ask"
"0.2175","51786","2024-05-26T20:19:31.924Z","ask"
"0.2176","1051","2024-05-26T20:19:31.924Z","ask"
"0.2185","104418","2024-05-26T20:19:31.924Z","ask"
"0.2189","1500","2024-05-26T20:19:31.924Z","ask"
"0.21903","500","2024-05-26T20:19:31.924Z","ask"
"0.22","562844","2024-05-26T20:19:31.924Z","ask"
"0.2201","1739","2024-05-26T20:19:31.924Z","ask"
"0.2203","4952","2024-05-26T20:19:31.924Z","ask"
"0.221","8537","2024-05-26T20:19:31.924Z","ask"
"0.2212","3800","2024-05-26T20:19:31.924Z","ask"
"0.2213","4952","2024-05-26T20:19:31.924Z","ask"
"0.22178","345","2024-05-26T20:19:31.924Z","ask"
"0.22293","116","2024-05-26T20:19:31.924Z","ask"
"0.2248","1000","2024-05-26T20:19:31.924Z","ask"
"0.225","5483","2024-05-26T20:19:31.924Z","ask"
"0.2252","471","2024-05-26T20:19:31.924Z","ask"
"0.2274","180","2024-05-26T20:19:31.924Z","ask"
"0.2294","1000","2024-05-26T20:19:31.924Z","ask"
"0.23","526768","2024-05-26T20:19:31.924Z","ask"
"0.23012","335","2024-05-26T20:19:31.924Z","ask"
"0.23174","116","2024-05-26T20:19:31.924Z","ask"
"0.23531","26482","2024-05-26T20:19:31.924Z","ask"
"0.2368","34335","2024-05-26T20:19:31.924Z","ask"
"0.2389","2000","2024-05-26T20:19:31.924Z","ask"
"0.24","75746","2024-05-26T20:19:31.924Z","ask"
"0.24055","116","2024-05-26T20:19:31.924Z","ask"
"0.242","10000","2024-05-26T20:19:31.924Z","ask"
"0.2421","2493","2024-05-26T20:19:31.924Z","ask"
"0.2444","2000","2024-05-26T20:19:31.924Z","ask"
"0.2474","5000","2024-05-26T20:19:31.924Z","ask"
"0.2487","5000","2024-05-26T20:19:31.924Z","ask"
"0.2489","4000","2024-05-26T20:19:31.924Z","ask"
"0.249","249","2024-05-26T20:19:31.924Z","ask"
"0.24936","116","2024-05-26T20:19:31.924Z","ask"
"0.25","1755672","2024-05-26T20:19:31.924Z","ask"
"0.2513","5000","2024-05-26T20:19:31.924Z","ask"
"0.25185","100","2024-05-26T20:19:31.924Z","ask"
"0.252","113831","2024-05-26T20:19:31.924Z","ask"
"0.25271","115","2024-05-26T20:19:31.924Z","ask"
"0.255","2000","2024-05-26T20:19:31.924Z","ask"
"0.25538","154560","2024-05-26T20:19:31.924Z","ask"
"0.2565","50","2024-05-26T20:19:31.924Z","ask"
"0.25817","116","2024-05-26T20:19:31.924Z","ask"
"0.25955","583","2024-05-26T20:19:31.924Z","ask"
"0.26","111137","2024-05-26T20:19:31.924Z","ask"
"0.26198","44256","2024-05-26T20:19:31.924Z","ask"
"0.2625","7665","2024-05-26T20:19:31.924Z","ask"
"0.2637","367","2024-05-26T20:19:31.924Z","ask"
"0.26698","116","2024-05-26T20:19:31.924Z","ask"
"0.267","4000","2024-05-26T20:19:31.924Z","ask"
"0.2689","1500","2024-05-26T20:19:31.924Z","ask"
"0.2698","435","2024-05-26T20:19:31.924Z","ask"
"0.27","29887","2024-05-26T20:19:31.924Z","ask"
"0.27022","116","2024-05-26T20:19:31.924Z","ask"
"0.273","678","2024-05-26T20:19:31.924Z","ask"
"0.2748","1700","2024-05-26T20:19:31.924Z","ask"
"0.27654","230","2024-05-26T20:19:31.924Z","ask"
"0.277","3975","2024-05-26T20:19:31.924Z","ask"
"0.27777","250","2024-05-26T20:19:31.924Z","ask"
"0.278","180","2024-05-26T20:19:31.924Z","ask"
"0.2794","1500","2024-05-26T20:19:31.924Z","ask"
"0.28","382444","2024-05-26T20:19:31.924Z","ask"
"0.28499","700","2024-05-26T20:19:31.924Z","ask"
"0.285","25000","2024-05-26T20:19:31.924Z","ask"
"0.2851","61","2024-05-26T20:19:31.924Z","ask"
"0.28625","335","2024-05-26T20:19:31.924Z","ask"
"0.28723","583","2024-05-26T20:19:31.924Z","ask"
"0.2874","69","2024-05-26T20:19:31.924Z","ask"
"0.2889","4000","2024-05-26T20:19:31.924Z","ask"
"0.28999","42375","2024-05-26T20:19:31.924Z","ask"
"0.29","29896","2024-05-26T20:19:31.924Z","ask"
"0.29072","500","2024-05-26T20:19:31.924Z","ask"
"0.2938","3500","2024-05-26T20:19:31.924Z","ask"
"0.2944","4000","2024-05-26T20:19:31.924Z","ask"
"0.2948","5000","2024-05-26T20:19:31.924Z","ask"
"0.295","4052","2024-05-26T20:19:31.924Z","ask"
"0.297","4200","2024-05-26T20:19:31.924Z","ask"
"0.298","180","2024-05-26T20:19:31.924Z","ask"
"0.2987","5200","2024-05-26T20:19:31.924Z","ask"
"0.3","463515","2024-05-26T20:19:31.924Z","ask"
"0.30274","115","2024-05-26T20:19:31.924Z","ask"
"0.305","2000","2024-05-26T20:19:31.924Z","ask"
"0.307","7729","2024-05-26T20:19:31.924Z","ask"
"0.3095","4000","2024-05-26T20:19:31.924Z","ask"
"0.31","15960","2024-05-26T20:19:31.924Z","ask"
"0.31001","1","2024-05-26T20:19:31.924Z","ask"
"0.3189","1000","2024-05-26T20:19:31.924Z","ask"
"0.31944","590","2024-05-26T20:19:31.924Z","ask"
"0.32","46377","2024-05-26T20:19:31.924Z","ask"
"0.3211","50","2024-05-26T20:19:31.924Z","ask"
"0.32131","5103","2024-05-26T20:19:31.924Z","ask"
"0.3248","1000","2024-05-26T20:19:31.924Z","ask"
"0.328","50","2024-05-26T20:19:31.924Z","ask"
"0.329","100","2024-05-26T20:19:31.924Z","ask"
"0.3294","1000","2024-05-26T20:19:31.925Z","ask"
"0.33","5662","2024-05-26T20:19:31.925Z","ask"
"0.33131","230","2024-05-26T20:19:31.925Z","ask"
"0.33676","3255","2024-05-26T20:19:31.925Z","ask"
"0.3389","2000","2024-05-26T20:19:31.925Z","ask"
"0.34","134801","2024-05-26T20:19:31.925Z","ask"
"0.3444","1000","2024-05-26T20:19:31.925Z","ask"
"0.347","140","2024-05-26T20:19:31.925Z","ask"
"0.3489","4000","2024-05-26T20:19:31.925Z","ask"
"0.349","18665","2024-05-26T20:19:31.925Z","ask"
"0.35","138014","2024-05-26T20:19:31.925Z","ask"
"0.35278","115","2024-05-26T20:19:31.925Z","ask"
"0.355","2525","2024-05-26T20:19:31.925Z","ask"
"0.356","113832","2024-05-26T20:19:31.925Z","ask"
"0.358","70","2024-05-26T20:19:31.925Z","ask"
"0.36","42973","2024-05-26T20:19:31.925Z","ask"
"0.36001","1","2024-05-26T20:19:31.925Z","ask"
"0.36002","1","2024-05-26T20:19:31.925Z","ask"
"0.3689","1200","2024-05-26T20:19:31.925Z","ask"
"0.369","6000","2024-05-26T20:19:31.925Z","ask"
"0.37","34761","2024-05-26T20:19:31.925Z","ask"
"0.37001","2","2024-05-26T20:19:31.925Z","ask"
"0.37003","1","2024-05-26T20:19:31.925Z","ask"
"0.3748","1200","2024-05-26T20:19:31.925Z","ask"
"0.3778","468","2024-05-26T20:19:31.925Z","ask"
"0.3794","1000","2024-05-26T20:19:31.925Z","ask"
"0.38","1189","2024-05-26T20:19:31.925Z","ask"
"0.38003","1","2024-05-26T20:19:31.925Z","ask"
"0.3804","15687","2024-05-26T20:19:31.925Z","ask"
"0.385","2280","2024-05-26T20:19:31.925Z","ask"
"0.38606","230","2024-05-26T20:19:31.925Z","ask"
"0.3889","2500","2024-05-26T20:19:31.925Z","ask"
"0.389","25948","2024-05-26T20:19:31.925Z","ask"
"0.3894","800","2024-05-26T20:19:31.925Z","ask"
"0.39","40725","2024-05-26T20:19:31.925Z","ask"
"0.39001","1","2024-05-26T20:19:31.925Z","ask"
"0.391","18559","2024-05-26T20:19:31.925Z","ask"
"0.392","4952","2024-05-26T20:19:31.925Z","ask"
"0.3938","4000","2024-05-26T20:19:31.925Z","ask"
"0.3948","3000","2024-05-26T20:19:31.925Z","ask"
"0.399","1437","2024-05-26T20:19:31.925Z","ask"
"0.4","251542","2024-05-26T20:19:31.925Z","ask"
"0.40282","115","2024-05-26T20:19:31.925Z","ask"
"0.41","1769","2024-05-26T20:19:31.925Z","ask"
"0.4169","2556","2024-05-26T20:19:31.925Z","ask"
"0.42","134972","2024-05-26T20:19:31.925Z","ask"
"0.4201","1035","2024-05-26T20:19:31.925Z","ask"
"0.42218","33192","2024-05-26T20:19:31.925Z","ask"
"0.4248","1123","2024-05-26T20:19:31.925Z","ask"
"0.427","526","2024-05-26T20:19:31.925Z","ask"
"0.4282","6968","2024-05-26T20:19:31.925Z","ask"
"0.43","30541","2024-05-26T20:19:31.925Z","ask"
"0.4389","1000","2024-05-26T20:19:31.925Z","ask"
"0.44","9300","2024-05-26T20:19:31.925Z","ask"
"0.44082","230","2024-05-26T20:19:31.925Z","ask"
"0.4489","3000","2024-05-26T20:19:31.925Z","ask"
"0.449","15000","2024-05-26T20:19:31.925Z","ask"
"0.45","688038","2024-05-26T20:19:31.925Z","ask"
"0.45286","105","2024-05-26T20:19:31.925Z","ask"
"0.4573","1173","2024-05-26T20:19:31.925Z","ask"
"0.46","1483","2024-05-26T20:19:31.925Z","ask"
"0.47","8229","2024-05-26T20:19:31.925Z","ask"
"0.4748","1000","2024-05-26T20:19:31.925Z","ask"
"0.48","362512","2024-05-26T20:19:31.925Z","ask"
"0.487","71","2024-05-26T20:19:31.925Z","ask"
"0.4888","3000","2024-05-26T20:19:31.925Z","ask"
"0.4889","3000","2024-05-26T20:19:31.925Z","ask"
"0.489","372","2024-05-26T20:19:31.925Z","ask"
"0.49","21802","2024-05-26T20:19:31.925Z","ask"
"0.4908","15692","2024-05-26T20:19:31.925Z","ask"
"0.4938","17000","2024-05-26T20:19:31.925Z","ask"
"0.4944","10000","2024-05-26T20:19:31.925Z","ask"
"0.4948","4000","2024-05-26T20:19:31.925Z","ask"
"0.49558","230","2024-05-26T20:19:31.925Z","ask"
"0.4961","4952","2024-05-26T20:19:31.925Z","ask"
"0.49789","100000","2024-05-26T20:19:31.925Z","ask"
"0.499","2115","2024-05-26T20:19:31.925Z","ask"
"0.4996","3632","2024-05-26T20:19:31.925Z","ask"
"0.5","1481816","2024-05-26T20:19:31.925Z","ask"
"0.501","10000","2024-05-26T20:19:31.925Z","ask"
"0.50291","115","2024-05-26T20:19:31.925Z","ask"
"0.51","30446","2024-05-26T20:19:31.925Z","ask"
"0.513","200","2024-05-26T20:19:31.925Z","ask"
"0.51449","1","2024-05-26T20:19:31.925Z","ask"
"0.515","53","2024-05-26T20:19:31.925Z","ask"
"0.5157","1042","2024-05-26T20:19:31.925Z","ask"
"0.51642","13525","2024-05-26T20:19:31.925Z","ask"
"0.51904","1","2024-05-26T20:19:31.925Z","ask"
"0.52","10040","2024-05-26T20:19:31.925Z","ask"
"0.525","13296","2024-05-26T20:19:31.925Z","ask"
"0.52888","694774","2024-05-26T20:19:31.925Z","ask"
"0.53","200","2024-05-26T20:19:31.925Z","ask"
"0.534","356","2024-05-26T20:19:31.925Z","ask"
"0.53488","2441","2024-05-26T20:19:31.925Z","ask"
"0.538","1152","2024-05-26T20:19:31.925Z","ask"
"0.53857","3050","2024-05-26T20:19:31.925Z","ask"
"0.54","21477","2024-05-26T20:19:31.925Z","ask"
"0.544","183","2024-05-26T20:19:31.925Z","ask"
"0.548","1060","2024-05-26T20:19:31.925Z","ask"
"0.5488","1045","2024-05-26T20:19:31.925Z","ask"
"0.55","49116","2024-05-26T20:19:31.925Z","ask"
"0.55034","230","2024-05-26T20:19:31.925Z","ask"
"0.55294","99","2024-05-26T20:19:31.925Z","ask"
"0.56","200","2024-05-26T20:19:31.925Z","ask"
"0.5675","2360","2024-05-26T20:19:31.925Z","ask"
"0.5748","800","2024-05-26T20:19:31.925Z","ask"
"0.578","2595","2024-05-26T20:19:31.925Z","ask"
"0.58","3320","2024-05-26T20:19:31.925Z","ask"
"0.5889","1600","2024-05-26T20:19:31.925Z","ask"
"0.59","4138","2024-05-26T20:19:31.925Z","ask"
"0.5938","2000","2024-05-26T20:19:31.925Z","ask"
"0.594","2000","2024-05-26T20:19:31.925Z","ask"
"0.5993","2227","2024-05-26T20:19:31.925Z","ask"
"0.6","268789","2024-05-26T20:19:31.925Z","ask"
"0.60511","201","2024-05-26T20:19:31.925Z","ask"
"0.61","3882","2024-05-26T20:19:31.925Z","ask"
"0.618","49","2024-05-26T20:19:31.925Z","ask"
"0.62","55314","2024-05-26T20:19:31.925Z","ask"
"0.62227","49788","2024-05-26T20:19:31.925Z","ask"
"0.627","177","2024-05-26T20:19:31.925Z","ask"
"0.63","1000","2024-05-26T20:19:31.925Z","ask"
"0.64","33448","2024-05-26T20:19:31.925Z","ask"
"0.648","1500","2024-05-26T20:19:31.925Z","ask"
"0.65","9349","2024-05-26T20:19:31.925Z","ask"
"0.66","1064","2024-05-26T20:19:31.925Z","ask"
"0.6601","15687","2024-05-26T20:19:31.925Z","ask"
"0.67","167","2024-05-26T20:19:31.925Z","ask"
"0.68","10354","2024-05-26T20:19:31.925Z","ask"
"0.6889","1500","2024-05-26T20:19:31.925Z","ask"
"0.69","10985","2024-05-26T20:19:31.925Z","ask"
"0.6938","1500","2024-05-26T20:19:31.925Z","ask"
"0.6948","2000","2024-05-26T20:19:31.925Z","ask"
"0.7","6950","2024-05-26T20:19:31.925Z","ask"
"0.71","40","2024-05-26T20:19:31.925Z","ask"
"0.72","277","2024-05-26T20:19:31.925Z","ask"
"0.7272","830","2024-05-26T20:19:31.925Z","ask"
"0.73","20","2024-05-26T20:19:31.925Z","ask"
"0.74","852041","2024-05-26T20:19:31.925Z","ask"
"0.743","1152","2024-05-26T20:19:31.925Z","ask"
"0.748","2000","2024-05-26T20:19:31.925Z","ask"
"0.75","103376","2024-05-26T20:19:31.925Z","ask"
"0.764","826","2024-05-26T20:19:31.925Z","ask"
"0.766","34948","2024-05-26T20:19:31.925Z","ask"
"0.77","389","2024-05-26T20:19:31.925Z","ask"
"0.777","1000","2024-05-26T20:19:31.925Z","ask"
"0.78","64","2024-05-26T20:19:31.925Z","ask"
"0.789","1000","2024-05-26T20:19:31.925Z","ask"
"0.79","1944","2024-05-26T20:19:31.925Z","ask"
"0.794","1500","2024-05-26T20:19:31.925Z","ask"
"0.8","128786","2024-05-26T20:19:31.925Z","ask"
"0.81","489","2024-05-26T20:19:31.925Z","ask"
"0.82214","49787","2024-05-26T20:19:31.925Z","ask"
"0.82319","121","2024-05-26T20:19:31.925Z","ask"
"0.84","271308","2024-05-26T20:19:31.925Z","ask"
"0.848","1000","2024-05-26T20:19:31.925Z","ask"
"0.85","70595","2024-05-26T20:19:31.925Z","ask"
"0.854","42374","2024-05-26T20:19:31.925Z","ask"
"0.86","250","2024-05-26T20:19:31.925Z","ask"
"0.87","30855","2024-05-26T20:19:31.925Z","ask"
"0.88","37784","2024-05-26T20:19:31.925Z","ask"
"0.8801","297","2024-05-26T20:19:31.925Z","ask"
"0.889","1500","2024-05-26T20:19:31.925Z","ask"
"0.89","17279","2024-05-26T20:19:31.925Z","ask"
"0.8938","1000","2024-05-26T20:19:31.925Z","ask"
"0.9","49954","2024-05-26T20:19:31.925Z","ask"
"0.921","110","2024-05-26T20:19:31.925Z","ask"
"0.93","14555","2024-05-26T20:19:31.925Z","ask"
"0.93113","1831","2024-05-26T20:19:31.925Z","ask"
"0.938","1000","2024-05-26T20:19:31.925Z","ask"
"0.948","1068","2024-05-26T20:19:31.925Z","ask"
"0.95","3000","2024-05-26T20:19:31.925Z","ask"
"0.96","821","2024-05-26T20:19:31.925Z","ask"
"0.9611","5103","2024-05-26T20:19:31.925Z","ask"
"0.9722","3000","2024-05-26T20:19:31.925Z","ask"
"0.98","215307","2024-05-26T20:19:31.925Z","ask"
"0.9835","5000","2024-05-26T20:19:31.925Z","ask"
"0.9886","12299","2024-05-26T20:19:31.925Z","ask"
"0.989","1500","2024-05-26T20:19:31.925Z","ask"
"0.99","17498","2024-05-26T20:19:31.925Z","ask"
"0.997","152","2024-05-26T20:19:31.925Z","ask"
"1","1611178","2024-05-26T20:19:31.925Z","ask"
"1.0062","1500","2024-05-26T20:19:31.925Z","ask"
"1.01","10000","2024-05-26T20:19:31.925Z","ask"
"1.03","13298","2024-05-26T20:19:31.925Z","ask"
"1.05","850","2024-05-26T20:19:31.925Z","ask"
"1.05001","31350","2024-05-26T20:19:31.925Z","ask"
"1.06","250","2024-05-26T20:19:31.925Z","ask"
"1.07","9283","2024-05-26T20:19:31.925Z","ask"
"1.07095","1","2024-05-26T20:19:31.925Z","ask"
"1.09","9171","2024-05-26T20:19:31.925Z","ask"
"1.09041","1","2024-05-26T20:19:31.925Z","ask"
"1.1","63823","2024-05-26T20:19:31.925Z","ask"
"1.13","4925","2024-05-26T20:19:31.925Z","ask"
"1.15","2801","2024-05-26T20:19:31.925Z","ask"
"1.19","3491","2024-05-26T20:19:31.925Z","ask"
"1.2","122751","2024-05-26T20:19:31.925Z","ask"
"1.20424","9918","2024-05-26T20:19:31.925Z","ask"
"1.21","2145","2024-05-26T20:19:31.925Z","ask"
"1.21073","1","2024-05-26T20:19:31.925Z","ask"
"1.25","300200","2024-05-26T20:19:31.925Z","ask"
"1.29","10000","2024-05-26T20:19:31.925Z","ask"
"1.3001","1472","2024-05-26T20:19:31.925Z","ask"
"1.39001","1","2024-05-26T20:19:31.925Z","ask"
"1.396","1000","2024-05-26T20:19:31.925Z","ask"
"1.4","6656","2024-05-26T20:19:31.925Z","ask"
"1.4869","4052","2024-05-26T20:19:31.925Z","ask"
"1.49","1209","2024-05-26T20:19:31.925Z","ask"
"1.5","559134","2024-05-26T20:19:31.925Z","ask"
"1.5103","73","2024-05-26T20:19:31.925Z","ask"
"1.6","341893","2024-05-26T20:19:31.925Z","ask"
"1.69","3562","2024-05-26T20:19:31.925Z","ask"
"1.7","351671","2024-05-26T20:19:31.925Z","ask"
"1.75","9368","2024-05-26T20:19:31.925Z","ask"
"1.8","69695","2024-05-26T20:19:31.925Z","ask"
"1.92","821","2024-05-26T20:19:31.925Z","ask"
"1.974","4699","2024-05-26T20:19:31.925Z","ask"
"1.99","41032","2024-05-26T20:19:31.925Z","ask"
"2","552197","2024-05-26T20:19:31.925Z","ask"
"2.22","285","2024-05-26T20:19:31.925Z","ask"
"2.23","22000","2024-05-26T20:19:31.925Z","ask"
"2.25","1000","2024-05-26T20:19:31.925Z","ask"
"2.3","1104","2024-05-26T20:19:31.925Z","ask"
"2.319","100","2024-05-26T20:19:31.925Z","ask"
"2.3936","51","2024-05-26T20:19:31.925Z","ask"
"2.45","50","2024-05-26T20:19:31.925Z","ask"
"2.5","1200606","2024-05-26T20:19:31.925Z","ask"
"2.64","215","2024-05-26T20:19:31.925Z","ask"
"2.77","4926","2024-05-26T20:19:31.925Z","ask"
"2.79","3977","2024-05-26T20:19:31.925Z","ask"
"2.89","725","2024-05-26T20:19:31.925Z","ask"
"2.95","500000","2024-05-26T20:19:31.925Z","ask"
"2.99","450","2024-05-26T20:19:31.925Z","ask"
"3","68513","2024-05-26T20:19:31.925Z","ask"
"3.46","200","2024-05-26T20:19:31.925Z","ask"
"3.48","12508","2024-05-26T20:19:31.925Z","ask"
"3.5","1000","2024-05-26T20:19:31.925Z","ask"
"3.6","24887","2024-05-26T20:19:31.925Z","ask"
"3.69","2151","2024-05-26T20:19:31.925Z","ask"
"3.84","820","2024-05-26T20:19:31.925Z","ask"
"3.89","516","2024-05-26T20:19:31.925Z","ask"
"3.99","200","2024-05-26T20:19:31.925Z","ask"
"4","1581","2024-05-26T20:19:31.925Z","ask"
"4.2","1849","2024-05-26T20:19:31.925Z","ask"
"4.5","1063288","2024-05-26T20:19:31.925Z","ask"
"4.9","50","2024-05-26T20:19:31.925Z","ask"
"5","118632","2024-05-26T20:19:31.925Z","ask"
"5.09071","1","2024-05-26T20:19:31.925Z","ask"
"5.45","18549","2024-05-26T20:19:31.925Z","ask"
"5.5","20000","2024-05-26T20:19:31.925Z","ask"
"5.55","5000","2024-05-26T20:19:31.925Z","ask"
"6","1050","2024-05-26T20:19:31.925Z","ask"
"6.33","79","2024-05-26T20:19:31.925Z","ask"
"6.5","210000","2024-05-26T20:19:31.925Z","ask"
"7.5","200","2024-05-26T20:19:31.925Z","ask"
"7.68","820","2024-05-26T20:19:31.925Z","ask"
"7.77","7783","2024-05-26T20:19:31.925Z","ask"
"8","1000","2024-05-26T20:19:31.925Z","ask"
"8.12","300","2024-05-26T20:19:31.925Z","ask"
"8.25","20000","2024-05-26T20:19:31.925Z","ask"
"8.4","1250","2024-05-26T20:19:31.925Z","ask"
"9","3000","2024-05-26T20:19:31.925Z","ask"
"9.5","20000","2024-05-26T20:19:31.925Z","ask"
"9.68","5000","2024-05-26T20:19:31.925Z","ask"
"9.8","20000","2024-05-26T20:19:31.925Z","ask"
"9.88","5000","2024-05-26T20:19:31.925Z","ask"
"9.99","126","2024-05-26T20:19:31.925Z","ask"
"10","43649","2024-05-26T20:19:31.925Z","ask"
"11.98","252999","2024-05-26T20:19:31.925Z","ask"
"12","600","2024-05-26T20:19:31.925Z","ask"
"12.5","20000","2024-05-26T20:19:31.925Z","ask"
"15","15585","2024-05-26T20:19:31.925Z","ask"
"15.25","20000","2024-05-26T20:19:31.925Z","ask"
"15.36","831","2024-05-26T20:19:31.925Z","ask"
"16","396","2024-05-26T20:19:31.925Z","ask"
"18","3200","2024-05-26T20:19:31.925Z","ask"
"20","17335","2024-05-26T20:19:31.925Z","ask"
"22","44964","2024-05-26T20:19:31.925Z","ask"
"22.22","1379","2024-05-26T20:19:31.925Z","ask"
"23","500","2024-05-26T20:19:31.925Z","ask"
"23.01747","47625","2024-05-26T20:19:31.925Z","ask"
"24.1536","50","2024-05-26T20:19:31.925Z","ask"
"24.5","50","2024-05-26T20:19:31.925Z","ask"
"25","3161","2024-05-26T20:19:31.925Z","ask"
"30","1000","2024-05-26T20:19:31.925Z","ask"
"32.79999","31324","2024-05-26T20:19:31.925Z","ask"
"35","2410","2024-05-26T20:19:31.925Z","ask"
"48","4283","2024-05-26T20:19:31.925Z","ask"
"49","51","2024-05-26T20:19:31.925Z","ask"
"50","2743","2024-05-26T20:19:31.925Z","ask"
"50.90713","1","2024-05-26T20:19:31.925Z","ask"
"60","5307","2024-05-26T20:19:31.925Z","ask"
"75","4778","2024-05-26T20:19:31.925Z","ask"
"85","3212","2024-05-26T20:19:31.925Z","ask"
"97.31079","1","2024-05-26T20:19:31.925Z","ask"
"99.99","50","2024-05-26T20:19:31.925Z","ask"
"100","37905","2024-05-26T20:19:31.925Z","ask"
"109.37001","1","2024-05-26T20:19:31.925Z","ask"
"119.20719","1","2024-05-26T20:19:31.925Z","ask"
"121.71039","1","2024-05-26T20:19:31.925Z","ask"
"128","8798","2024-05-26T20:19:31.925Z","ask"
"150","167750","2024-05-26T20:19:31.925Z","ask"
"200","4000","2024-05-26T20:19:31.925Z","ask"
"202","10000","2024-05-26T20:19:31.925Z","ask"
"250","202","2024-05-26T20:19:31.925Z","ask"
"350","3368","2024-05-26T20:19:31.925Z","ask"
"500","5115","2024-05-26T20:19:31.925Z","ask"
"700","14286","2024-05-26T20:19:31.925Z","ask"
"993","1550","2024-05-26T20:19:31.925Z","ask"
"998","1000","2024-05-26T20:19:31.925Z","ask"
"1000","2671","2024-05-26T20:19:31.925Z","ask"
"1017.91073","1","2024-05-26T20:19:31.925Z","ask"
"9019.71031","1","2024-05-26T20:19:31.925Z","ask"
"10109.01907","1","2024-05-26T20:19:31.925Z","ask"
"10109.01909","1","2024-05-26T20:19:31.925Z","ask"
"20000","50","2024-05-26T20:19:31.925Z","ask"
"30109.01901","1","2024-05-26T20:19:31.925Z","ask"
"90109.01901","1","2024-05-26T20:19:31.925Z","ask"
"90109.01909","1","2024-05-26T20:19:31.925Z","ask"
"90909.90909","1","2024-05-26T20:19:31.925Z","ask"
"130109.01907","1","2024-05-26T20:19:31.925Z","ask"
"150000","23","2024-05-26T20:19:31.925Z","ask"
"391019.91073","1","2024-05-26T20:19:31.925Z","ask"
"999999.99999","1","2024-05-26T20:19:31.925Z","ask"
"0.04573","9275","2024-05-26T20:19:31.925Z","bid"
"0.04572","50192","2024-05-26T20:19:31.925Z","bid"
"0.04571","16263","2024-05-26T20:19:31.925Z","bid"
"0.0457","18616","2024-05-26T20:19:31.925Z","bid"
"0.04569","7736","2024-05-26T20:19:31.925Z","bid"
"0.04568","34790","2024-05-26T20:19:31.925Z","bid"
"0.04567","100000","2024-05-26T20:19:31.925Z","bid"
"0.04566","974","2024-05-26T20:19:31.925Z","bid"
"0.04565","2003","2024-05-26T20:19:31.925Z","bid"
"0.04564","4006","2024-05-26T20:19:31.925Z","bid"
"0.04562","185661","2024-05-26T20:19:31.925Z","bid"
"0.04561","8013","2024-05-26T20:19:31.925Z","bid"
"0.04558","36057","2024-05-26T20:19:31.925Z","bid"
"0.04556","132986","2024-05-26T20:19:31.925Z","bid"
"0.04555","167014","2024-05-26T20:19:31.925Z","bid"
"0.04554","195185","2024-05-26T20:19:31.925Z","bid"
"0.04547","40063","2024-05-26T20:19:31.925Z","bid"
"0.04543","327563","2024-05-26T20:19:31.925Z","bid"
"0.04542","925","2024-05-26T20:19:31.925Z","bid"
"0.04538","50079","2024-05-26T20:19:31.925Z","bid"
"0.04536","134009","2024-05-26T20:19:31.925Z","bid"
"0.04535","250","2024-05-26T20:19:31.925Z","bid"
"0.04534","128782","2024-05-26T20:19:31.925Z","bid"
"0.04533","2048","2024-05-26T20:19:31.925Z","bid"
"0.0453","51717","2024-05-26T20:19:31.925Z","bid"
"0.04525","60095","2024-05-26T20:19:31.925Z","bid"
"0.04524","4383","2024-05-26T20:19:31.925Z","bid"
"0.0452","80","2024-05-26T20:19:31.925Z","bid"
"0.04517","68550","2024-05-26T20:19:31.925Z","bid"
"0.04515","119","2024-05-26T20:19:31.925Z","bid"
"0.04514","2765","2024-05-26T20:19:31.925Z","bid"
"0.04512","1719","2024-05-26T20:19:31.925Z","bid"
"0.04511","3000","2024-05-26T20:19:31.925Z","bid"
"0.0451","121","2024-05-26T20:19:31.925Z","bid"
"0.04509","3089","2024-05-26T20:19:31.925Z","bid"
"0.04505","3091","2024-05-26T20:19:31.925Z","bid"
"0.04502","66426","2024-05-26T20:19:31.925Z","bid"
"0.045","551","2024-05-26T20:19:31.925Z","bid"
"0.04498","81389","2024-05-26T20:19:31.925Z","bid"
"0.04497","11118","2024-05-26T20:19:31.925Z","bid"
"0.04494","622","2024-05-26T20:19:31.925Z","bid"
"0.04493","2212","2024-05-26T20:19:31.925Z","bid"
"0.04486","2270","2024-05-26T20:19:31.925Z","bid"
"0.04477","366","2024-05-26T20:19:31.925Z","bid"
"0.04475","995","2024-05-26T20:19:31.925Z","bid"
"0.0447","80","2024-05-26T20:19:31.925Z","bid"
"0.04452","40000","2024-05-26T20:19:31.925Z","bid"
"0.04451","1235","2024-05-26T20:19:31.925Z","bid"
"0.0445","29168","2024-05-26T20:19:31.925Z","bid"
"0.04449","2156","2024-05-26T20:19:31.925Z","bid"
"0.04447","688","2024-05-26T20:19:31.925Z","bid"
"0.04441","52689","2024-05-26T20:19:31.925Z","bid"
"0.04437","33072","2024-05-26T20:19:31.925Z","bid"
"0.04434","618","2024-05-26T20:19:31.925Z","bid"
"0.04429","2164","2024-05-26T20:19:31.925Z","bid"
"0.04428","83439","2024-05-26T20:19:31.925Z","bid"
"0.04425","33072","2024-05-26T20:19:31.925Z","bid"
"0.04424","179","2024-05-26T20:19:31.925Z","bid"
"0.04422","2303","2024-05-26T20:19:31.925Z","bid"
"0.04419","80","2024-05-26T20:19:31.925Z","bid"
"0.04406","10087","2024-05-26T20:19:31.925Z","bid"
"0.04401","1964","2024-05-26T20:19:31.925Z","bid"
"0.044","1264","2024-05-26T20:19:31.925Z","bid"
"0.04396","2150","2024-05-26T20:19:31.925Z","bid"
"0.04382","2189","2024-05-26T20:19:31.925Z","bid"
"0.04369","80","2024-05-26T20:19:31.925Z","bid"
"0.04358","2337","2024-05-26T20:19:31.925Z","bid"
"0.04353","1033","2024-05-26T20:19:31.925Z","bid"
"0.04351","1101","2024-05-26T20:19:31.925Z","bid"
"0.0435","70000","2024-05-26T20:19:31.925Z","bid"
"0.04338","182","2024-05-26T20:19:31.925Z","bid"
"0.04333","10149","2024-05-26T20:19:31.925Z","bid"
"0.04329","1154","2024-05-26T20:19:31.925Z","bid"
"0.04321","2300","2024-05-26T20:19:31.925Z","bid"
"0.04319","1031","2024-05-26T20:19:31.925Z","bid"
"0.04318","80","2024-05-26T20:19:31.925Z","bid"
"0.04317","72","2024-05-26T20:19:31.925Z","bid"
"0.04316","2223","2024-05-26T20:19:31.925Z","bid"
"0.04306","1171","2024-05-26T20:19:31.925Z","bid"
"0.04305","1504838","2024-05-26T20:19:31.925Z","bid"
"0.04301","582","2024-05-26T20:19:31.925Z","bid"
"0.043","8859","2024-05-26T20:19:31.925Z","bid"
"0.04295","2371","2024-05-26T20:19:31.925Z","bid"
"0.04261","11380","2024-05-26T20:19:31.925Z","bid"
"0.04253","186","2024-05-26T20:19:31.925Z","bid"
"0.0425","4609","2024-05-26T20:19:31.925Z","bid"
"0.04243","1049","2024-05-26T20:19:31.925Z","bid"
"0.04242","1000","2024-05-26T20:19:31.925Z","bid"
"0.04237","1555","2024-05-26T20:19:31.925Z","bid"
"0.04235","500","2024-05-26T20:19:31.925Z","bid"
"0.04234","772","2024-05-26T20:19:31.925Z","bid"
"0.0422","798","2024-05-26T20:19:31.925Z","bid"
"0.04219","1186","2024-05-26T20:19:31.925Z","bid"
"0.04212","2462","2024-05-26T20:19:31.925Z","bid"
"0.04211","23","2024-05-26T20:19:31.925Z","bid"
"0.0421","1020","2024-05-26T20:19:31.925Z","bid"
"0.042","66601","2024-05-26T20:19:31.925Z","bid"
"0.04198","1196","2024-05-26T20:19:31.925Z","bid"
"0.0419","74","2024-05-26T20:19:31.925Z","bid"
"0.04188","12774","2024-05-26T20:19:31.925Z","bid"
"0.04186","2292","2024-05-26T20:19:31.925Z","bid"
"0.04183","240","2024-05-26T20:19:31.925Z","bid"
"0.04179","1000","2024-05-26T20:19:31.925Z","bid"
"0.04171","190","2024-05-26T20:19:31.925Z","bid"
"0.04169","1068","2024-05-26T20:19:31.925Z","bid"
"0.04156","715","2024-05-26T20:19:31.925Z","bid"
"0.04155","15952","2024-05-26T20:19:31.925Z","bid"
"0.04144","17254","2024-05-26T20:19:31.925Z","bid"
"0.04142","1199","2024-05-26T20:19:31.925Z","bid"
"0.04125","75","2024-05-26T20:19:31.925Z","bid"
"0.04123","2327","2024-05-26T20:19:31.925Z","bid"
"0.04111","500","2024-05-26T20:19:31.925Z","bid"
"0.0411","2000","2024-05-26T20:19:31.925Z","bid"
"0.04101","703","2024-05-26T20:19:31.925Z","bid"
"0.041","1146","2024-05-26T20:19:31.925Z","bid"
"0.04095","1087","2024-05-26T20:19:31.925Z","bid"
"0.04089","194","2024-05-26T20:19:31.925Z","bid"
"0.0408","495","2024-05-26T20:19:31.925Z","bid"
"0.04077","717","2024-05-26T20:19:31.925Z","bid"
"0.04067","76","2024-05-26T20:19:31.926Z","bid"
"0.04061","2363","2024-05-26T20:19:31.926Z","bid"
"0.0406","3226","2024-05-26T20:19:31.926Z","bid"
"0.04033","744","2024-05-26T20:19:31.926Z","bid"
"0.04024","1256","2024-05-26T20:19:31.926Z","bid"
"0.0401","221","2024-05-26T20:19:31.926Z","bid"
"0.04007","13500","2024-05-26T20:19:31.926Z","bid"
"0.04","51843","2024-05-26T20:19:31.926Z","bid"
"0.03999","110","2024-05-26T20:19:31.926Z","bid"
"0.0399","25000","2024-05-26T20:19:31.926Z","bid"
"0.03985","24993","2024-05-26T20:19:31.926Z","bid"
"0.0397","125","2024-05-26T20:19:31.926Z","bid"
"0.0396","5000","2024-05-26T20:19:31.926Z","bid"
"0.03953","1126","2024-05-26T20:19:31.926Z","bid"
"0.0395","503","2024-05-26T20:19:31.926Z","bid"
"0.03948","79","2024-05-26T20:19:31.926Z","bid"
"0.03946","1099","2024-05-26T20:19:31.926Z","bid"
"0.03932","201","2024-05-26T20:19:31.926Z","bid"
"0.03925","1095","2024-05-26T20:19:31.926Z","bid"
"0.039","44189","2024-05-26T20:19:31.926Z","bid"
"0.03892","640","2024-05-26T20:19:31.926Z","bid"
"0.03883","1146","2024-05-26T20:19:31.926Z","bid"
"0.03871","309","2024-05-26T20:19:31.926Z","bid"
"0.03866","10289","2024-05-26T20:19:31.926Z","bid"
"0.03864","517","2024-05-26T20:19:31.926Z","bid"
"0.03855","205","2024-05-26T20:19:31.926Z","bid"
"0.0385","413","2024-05-26T20:19:31.926Z","bid"
"0.03845","51885","2024-05-26T20:19:31.926Z","bid"
"0.03832","81","2024-05-26T20:19:31.926Z","bid"
"0.03825","518","2024-05-26T20:19:31.926Z","bid"
"0.0382","2607","2024-05-26T20:19:31.926Z","bid"
"0.03817","28043","2024-05-26T20:19:31.926Z","bid"
"0.03815","1167","2024-05-26T20:19:31.926Z","bid"
"0.03808","20000","2024-05-26T20:19:31.926Z","bid"
"0.038","23971","2024-05-26T20:19:31.926Z","bid"
"0.0379","116","2024-05-26T20:19:31.926Z","bid"
"0.0378","209","2024-05-26T20:19:31.926Z","bid"
"0.03753","2000","2024-05-26T20:19:31.926Z","bid"
"0.0375","125","2024-05-26T20:19:31.926Z","bid"
"0.03748","1188","2024-05-26T20:19:31.926Z","bid"
"0.03747","13310","2024-05-26T20:19:31.926Z","bid"
"0.0374","26","2024-05-26T20:19:31.926Z","bid"
"0.0372","83","2024-05-26T20:19:31.926Z","bid"
"0.03707","214","2024-05-26T20:19:31.926Z","bid"
"0.037","8233","2024-05-26T20:19:31.926Z","bid"
"0.03685","5000","2024-05-26T20:19:31.926Z","bid"
"0.03683","50","2024-05-26T20:19:31.926Z","bid"
"0.03682","1209","2024-05-26T20:19:31.926Z","bid"
"0.0365","750","2024-05-26T20:19:31.926Z","bid"
"0.03648","355","2024-05-26T20:19:31.926Z","bid"
"0.03635","218","2024-05-26T20:19:31.926Z","bid"
"0.0362","30000","2024-05-26T20:19:31.926Z","bid"
"0.03618","1230","2024-05-26T20:19:31.926Z","bid"
"0.03611","86","2024-05-26T20:19:31.926Z","bid"
"0.036","7507","2024-05-26T20:19:31.926Z","bid"
"0.03599","4166","2024-05-26T20:19:31.926Z","bid"
"0.0359","1002","2024-05-26T20:19:31.926Z","bid"
"0.0358","600","2024-05-26T20:19:31.926Z","bid"
"0.03564","222","2024-05-26T20:19:31.926Z","bid"
"0.03555","645","2024-05-26T20:19:31.926Z","bid"
"0.03554","1253","2024-05-26T20:19:31.926Z","bid"
"0.03552","2000","2024-05-26T20:19:31.926Z","bid"
"0.0355","143000","2024-05-26T20:19:31.926Z","bid"
"0.03549","2816","2024-05-26T20:19:31.926Z","bid"
"0.03505","89","2024-05-26T20:19:31.926Z","bid"
"0.035","234792","2024-05-26T20:19:31.926Z","bid"
"0.03499","30592","2024-05-26T20:19:31.926Z","bid"
"0.03494","227","2024-05-26T20:19:31.926Z","bid"
"0.03492","1275","2024-05-26T20:19:31.926Z","bid"
"0.0345","500","2024-05-26T20:19:31.926Z","bid"
"0.0343","1298","2024-05-26T20:19:31.926Z","bid"
"0.03426","231","2024-05-26T20:19:31.926Z","bid"
"0.03424","150","2024-05-26T20:19:31.926Z","bid"
"0.0342","29","2024-05-26T20:19:31.926Z","bid"
"0.03403","145","2024-05-26T20:19:31.926Z","bid"
"0.03402","91","2024-05-26T20:19:31.926Z","bid"
"0.034","40066","2024-05-26T20:19:31.926Z","bid"
"0.0337","1321","2024-05-26T20:19:31.926Z","bid"
"0.0336","236","2024-05-26T20:19:31.926Z","bid"
"0.0334","300","2024-05-26T20:19:31.926Z","bid"
"0.03333","10000","2024-05-26T20:19:31.926Z","bid"
"0.0332","598","2024-05-26T20:19:31.926Z","bid"
"0.03311","1345","2024-05-26T20:19:31.926Z","bid"
"0.03303","317","2024-05-26T20:19:31.926Z","bid"
"0.03302","94","2024-05-26T20:19:31.926Z","bid"
"0.033","2951","2024-05-26T20:19:31.926Z","bid"
"0.03294","240","2024-05-26T20:19:31.926Z","bid"
"0.03285","1065","2024-05-26T20:19:31.926Z","bid"
"0.03253","1368","2024-05-26T20:19:31.926Z","bid"
"0.0325","200","2024-05-26T20:19:31.926Z","bid"
"0.0323","245","2024-05-26T20:19:31.926Z","bid"
"0.03225","2000","2024-05-26T20:19:31.926Z","bid"
"0.0322","30","2024-05-26T20:19:31.926Z","bid"
"0.03208","3100","2024-05-26T20:19:31.926Z","bid"
"0.03205","97","2024-05-26T20:19:31.926Z","bid"
"0.032","272813","2024-05-26T20:19:31.926Z","bid"
"0.03196","1393","2024-05-26T20:19:31.926Z","bid"
"0.03171","3746","2024-05-26T20:19:31.926Z","bid"
"0.03167","250","2024-05-26T20:19:31.926Z","bid"
"0.0315","9227","2024-05-26T20:19:31.926Z","bid"
"0.03148","314","2024-05-26T20:19:31.926Z","bid"
"0.0314","1418","2024-05-26T20:19:31.926Z","bid"
"0.03123","1597","2024-05-26T20:19:31.926Z","bid"
"0.03111","100","2024-05-26T20:19:31.926Z","bid"
"0.03106","255","2024-05-26T20:19:31.926Z","bid"
"0.031","143448","2024-05-26T20:19:31.926Z","bid"
"0.03099","8034","2024-05-26T20:19:31.926Z","bid"
"0.03084","1444","2024-05-26T20:19:31.926Z","bid"
"0.03069","736","2024-05-26T20:19:31.926Z","bid"
"0.03063","34947","2024-05-26T20:19:31.926Z","bid"
"0.0305","800","2024-05-26T20:19:31.926Z","bid"
"0.03045","260","2024-05-26T20:19:31.926Z","bid"
"0.0304","28196","2024-05-26T20:19:31.926Z","bid"
"0.03035","81634","2024-05-26T20:19:31.926Z","bid"
"0.0303","11569","2024-05-26T20:19:31.926Z","bid"
"0.03023","3307","2024-05-26T20:19:31.926Z","bid"
"0.0302","103","2024-05-26T20:19:31.926Z","bid"
"0.0301","330","2024-05-26T20:19:31.926Z","bid"
"0.03","263730","2024-05-26T20:19:31.926Z","bid"
"0.02997","169","2024-05-26T20:19:31.926Z","bid"
"0.02986","10148","2024-05-26T20:19:31.926Z","bid"
"0.02982","34000","2024-05-26T20:19:31.926Z","bid"
"0.02977","11255","2024-05-26T20:19:31.926Z","bid"
"0.0295","3389","2024-05-26T20:19:31.926Z","bid"
"0.02948","1686","2024-05-26T20:19:31.926Z","bid"
"0.02946","172","2024-05-26T20:19:31.926Z","bid"
"0.02931","106","2024-05-26T20:19:31.926Z","bid"
"0.02928","271","2024-05-26T20:19:31.926Z","bid"
"0.02925","1522","2024-05-26T20:19:31.926Z","bid"
"0.0292","33","2024-05-26T20:19:31.926Z","bid"
"0.02908","116","2024-05-26T20:19:31.926Z","bid"
"0.029","6726","2024-05-26T20:19:31.926Z","bid"
"0.02873","1550","2024-05-26T20:19:31.926Z","bid"
"0.02871","276","2024-05-26T20:19:31.926Z","bid"
"0.02855","3500","2024-05-26T20:19:31.926Z","bid"
"0.0285","3509","2024-05-26T20:19:31.926Z","bid"
"0.02845","109","2024-05-26T20:19:31.926Z","bid"
"0.02823","1577","2024-05-26T20:19:31.926Z","bid"
"0.02819","1064","2024-05-26T20:19:31.926Z","bid"
"0.02815","281","2024-05-26T20:19:31.926Z","bid"
"0.0281","1000","2024-05-26T20:19:31.926Z","bid"
"0.028","44628","2024-05-26T20:19:31.926Z","bid"
"0.02773","1605","2024-05-26T20:19:31.926Z","bid"
"0.02762","113","2024-05-26T20:19:31.926Z","bid"
"0.0276","287","2024-05-26T20:19:31.926Z","bid"
"0.0275","203","2024-05-26T20:19:31.926Z","bid"
"0.02725","1634","2024-05-26T20:19:31.926Z","bid"
"0.02706","293","2024-05-26T20:19:31.926Z","bid"
"0.027","28189","2024-05-26T20:19:31.926Z","bid"
"0.02681","30941","2024-05-26T20:19:31.926Z","bid"
"0.02677","1663","2024-05-26T20:19:31.926Z","bid"
"0.02644","1546","2024-05-26T20:19:31.926Z","bid"
"0.02634","188","2024-05-26T20:19:31.926Z","bid"
"0.0263","12048","2024-05-26T20:19:31.926Z","bid"
"0.02626","9524","2024-05-26T20:19:31.926Z","bid"
"0.0261","750","2024-05-26T20:19:31.926Z","bid"
"0.02602","120","2024-05-26T20:19:31.926Z","bid"
"0.026","30576","2024-05-26T20:19:31.926Z","bid"
"0.02599","543","2024-05-26T20:19:31.926Z","bid"
"0.02584","1723","2024-05-26T20:19:31.926Z","bid"
"0.02582","2500","2024-05-26T20:19:31.926Z","bid"
"0.02577","2572","2024-05-26T20:19:31.926Z","bid"
"0.02574","19500","2024-05-26T20:19:31.926Z","bid"
"0.0255","390","2024-05-26T20:19:31.926Z","bid"
"0.02538","1754","2024-05-26T20:19:31.926Z","bid"
"0.02526","123","2024-05-26T20:19:31.926Z","bid"
"0.02525","39","2024-05-26T20:19:31.926Z","bid"
"0.025","234853","2024-05-26T20:19:31.926Z","bid"
"0.02495","12020","2024-05-26T20:19:31.926Z","bid"
"0.02494","1785","2024-05-26T20:19:31.926Z","bid"
"0.02452","127","2024-05-26T20:19:31.926Z","bid"
"0.0245","1817","2024-05-26T20:19:31.926Z","bid"
"0.02407","1850","2024-05-26T20:19:31.926Z","bid"
"0.024","1930","2024-05-26T20:19:31.926Z","bid"
"0.0238","131","2024-05-26T20:19:31.926Z","bid"
"0.02365","1883","2024-05-26T20:19:31.926Z","bid"
"0.02353","500","2024-05-26T20:19:31.926Z","bid"
"0.02323","1917","2024-05-26T20:19:31.926Z","bid"
"0.02312","10000","2024-05-26T20:19:31.926Z","bid"
"0.0231","135","2024-05-26T20:19:31.926Z","bid"
"0.023","100750","2024-05-26T20:19:31.926Z","bid"
"0.02298","100","2024-05-26T20:19:31.926Z","bid"
"0.02282","1951","2024-05-26T20:19:31.926Z","bid"
"0.02275","2272","2024-05-26T20:19:31.926Z","bid"
"0.0225","106903","2024-05-26T20:19:31.926Z","bid"
"0.02242","1986","2024-05-26T20:19:31.926Z","bid"
"0.0222","360","2024-05-26T20:19:31.926Z","bid"
"0.02204","10000","2024-05-26T20:19:31.926Z","bid"
"0.022","40026","2024-05-26T20:19:31.926Z","bid"
"0.02193","90","2024-05-26T20:19:31.926Z","bid"
"0.0216","1337","2024-05-26T20:19:31.926Z","bid"
"0.0215","116479","2024-05-26T20:19:31.926Z","bid"
"0.02121","500","2024-05-26T20:19:31.926Z","bid"
"0.02108","742","2024-05-26T20:19:31.926Z","bid"
"0.021","20411","2024-05-26T20:19:31.926Z","bid"
"0.0208","7153","2024-05-26T20:19:31.926Z","bid"
"0.02076","5000","2024-05-26T20:19:31.926Z","bid"
"0.02056","100","2024-05-26T20:19:31.926Z","bid"
"0.02031","982","2024-05-26T20:19:31.926Z","bid"
"0.02027","5019","2024-05-26T20:19:31.926Z","bid"
"0.02019","730","2024-05-26T20:19:31.926Z","bid"
"0.02","1247383","2024-05-26T20:19:31.926Z","bid"
"0.01991","100","2024-05-26T20:19:31.926Z","bid"
"0.0198","369","2024-05-26T20:19:31.926Z","bid"
"0.01976","791","2024-05-26T20:19:31.926Z","bid"
"0.0195","50","2024-05-26T20:19:31.926Z","bid"
"0.01947","15527","2024-05-26T20:19:31.926Z","bid"
"0.0192","11000","2024-05-26T20:19:31.926Z","bid"
"0.019","10790","2024-05-26T20:19:31.926Z","bid"
"0.01895","1042","2024-05-26T20:19:31.926Z","bid"
"0.0189","1058","2024-05-26T20:19:31.926Z","bid"
"0.0186","8000","2024-05-26T20:19:31.926Z","bid"
"0.0185","6054","2024-05-26T20:19:31.926Z","bid"
"0.01844","848","2024-05-26T20:19:31.926Z","bid"
"0.0183","1000","2024-05-26T20:19:31.926Z","bid"
"0.018","51559","2024-05-26T20:19:31.926Z","bid"
"0.01799","28610","2024-05-26T20:19:31.926Z","bid"
"0.0175","208","2024-05-26T20:19:31.926Z","bid"
"0.01725","10000","2024-05-26T20:19:31.926Z","bid"
"0.0172","212","2024-05-26T20:19:31.926Z","bid"
"0.01713","913","2024-05-26T20:19:31.926Z","bid"
"0.017","2361","2024-05-26T20:19:31.926Z","bid"
"0.01698","1174","2024-05-26T20:19:31.926Z","bid"
"0.0169","217","2024-05-26T20:19:31.926Z","bid"
"0.01684","9000","2024-05-26T20:19:31.926Z","bid"
"0.0168","50","2024-05-26T20:19:31.926Z","bid"
"0.0167","500","2024-05-26T20:19:31.926Z","bid"
"0.01656","1000","2024-05-26T20:19:31.926Z","bid"
"0.0165","60342","2024-05-26T20:19:31.926Z","bid"
"0.0162","1414","2024-05-26T20:19:31.926Z","bid"
"0.0161","733","2024-05-26T20:19:31.926Z","bid"
"0.016","23677","2024-05-26T20:19:31.926Z","bid"
"0.01581","989","2024-05-26T20:19:31.926Z","bid"
"0.0153","10000","2024-05-26T20:19:31.926Z","bid"
"0.01517","200","2024-05-26T20:19:31.926Z","bid"
"0.0151","3500","2024-05-26T20:19:31.926Z","bid"
"0.015","161442","2024-05-26T20:19:31.926Z","bid"
"0.0146","679","2024-05-26T20:19:31.926Z","bid"
"0.01449","1079","2024-05-26T20:19:31.926Z","bid"
"0.0144","3472","2024-05-26T20:19:31.926Z","bid"
"0.014","5571","2024-05-26T20:19:31.926Z","bid"
"0.01317","1187","2024-05-26T20:19:31.926Z","bid"
"0.013","18360","2024-05-26T20:19:31.926Z","bid"
"0.012","3250","2024-05-26T20:19:31.926Z","bid"
"0.01185","1319","2024-05-26T20:19:31.926Z","bid"
"0.01184","2000","2024-05-26T20:19:31.926Z","bid"
"0.01145","116","2024-05-26T20:19:31.926Z","bid"
"0.0113","1174","2024-05-26T20:19:31.926Z","bid"
"0.011","45000","2024-05-26T20:19:31.926Z","bid"
"0.0107","11588","2024-05-26T20:19:31.926Z","bid"
"0.01054","1483","2024-05-26T20:19:31.926Z","bid"
"0.01","1685967","2024-05-26T20:19:31.926Z","bid"
"0.00922","1695","2024-05-26T20:19:31.926Z","bid"
"0.009","5000","2024-05-26T20:19:31.926Z","bid"
"0.0079","1978","2024-05-26T20:19:31.926Z","bid"
"0.00666","35837","2024-05-26T20:19:31.926Z","bid"
"0.00658","2375","2024-05-26T20:19:31.926Z","bid"
"0.003","2500","2024-05-26T20:19:31.926Z","bid"
"0.00255","93600","2024-05-26T20:19:31.926Z","bid"
"0.001","18934","2024-05-26T20:19:31.926Z","bid"
"0.00059","10000","2024-05-26T20:19:31.926Z","bid"
"0.0001","299160","2024-05-26T20:19:31.926Z","bid"
"0.00002","50000","2024-05-26T20:19:31.926Z","bid"
"0.00001","4584200","2024-05-26T20:19:31.926Z","bid"