"price","volume","time","side","orderType"
"0.0430300","3395.80230878","2024-05-15T12:34:36.145Z","s","l"
"0.0430800","2202.96764517","2024-05-15T12:40:23.902Z","b","m"
"0.0432900","655.10706839","2024-05-15T12:43:19.982Z","s","m"
"0.0436500","335.43608795","2024-05-15T12:45:53.483Z","b","l"
"0.0437000","20000.00000000","2024-05-15T12:45:55.051Z","b","l"
"0.0437300","4329.41634688","2024-05-15T12:46:07.524Z","s","l"
"0.0440500","2159.77220115","2024-05-15T12:47:17.673Z","s","m"
"0.0439900","19349.59940738","2024-05-15T12:56:28.088Z","s","l"
"0.0439600","205.30027297","2024-05-15T12:57:06.994Z","b","l"
"0.0438900","479.89031078","2024-05-15T13:00:14.147Z","b","m"
"0.0438400","357.99522673","2024-05-15T13:00:19.681Z","s","m"
"0.0435000","482.42591316","2024-05-15T13:09:05.022Z","b","m"
"0.0436300","9183.47094000","2024-05-15T13:12:58.742Z","b","l"
"0.0438000","2192.78004251","2024-05-15T13:18:54.907Z","s","l"
"0.0438000","3835.57762557","2024-05-15T13:19:09.450Z","s","l"
"0.0438900","221.41741183","2024-05-15T13:29:22.583Z","b","m"
"0.0437900","3494.97812222","2024-05-15T13:50:45.684Z","b","l"
"0.0436000","222.22995279","2024-05-15T13:52:33.554Z","s","l"
"0.0433500","240.72230445","2024-05-15T13:56:56.694Z","b","l"
"0.0434400","483.64808843","2024-05-15T13:57:33.101Z","b","m"
"0.0433900","1282.74090000","2024-05-15T14:04:09.132Z","s","l"
"0.0438000","10000.00000000","2024-05-15T14:25:50.463Z","b","l"
"0.0438100","494.90509921","2024-05-15T14:25:50.463Z","b","l"
"0.0438100","542.32718079","2024-05-15T14:25:50.463Z","b","l"
"0.0439800","10000.00000000","2024-05-15T14:44:14.302Z","b","m"
"0.0439800","3642.56480218","2024-05-15T14:44:14.302Z","b","m"
"0.0439800","917.77030151","2024-05-15T14:46:05.718Z","s","m"
"0.0440100","10000.00000000","2024-05-15T14:57:28.396Z","b","m"
"0.0440100","35333.08847668","2024-05-15T14:57:28.396Z","b","m"
"0.0440100","4654.91152332","2024-05-15T14:57:28.396Z","b","m"
"0.0440100","3408.31629175","2024-05-15T15:05:05.395Z","b","m"
"0.0438800","31901.64522101","2024-05-15T15:14:04.404Z","s","m"
"0.0438800","10000.00000000","2024-05-15T15:14:04.404Z","s","m"
"0.0438800","27834.47763964","2024-05-15T15:14:04.404Z","s","m"
"0.0438600","2810.26596441","2024-05-15T15:14:04.404Z","s","m"
"0.0438600","33340.44522101","2024-05-15T15:14:04.404Z","s","m"
"0.0438400","35090.00000000","2024-05-15T15:14:04.404Z","s","m"
"0.0438300","18351.14807333","2024-05-15T15:14:04.404Z","s","m"
"0.0438200","50000.00000000","2024-05-15T15:14:04.404Z","s","m"
"0.0438200","33877.53000000","2024-05-15T15:14:04.404Z","s","m"
"0.0438200","30917.47000000","2024-05-15T15:14:04.404Z","s","m"
"0.0438100","66215.60000000","2024-05-15T15:14:04.404Z","s","m"
"0.0438100","30232.71000000","2024-05-15T15:14:04.404Z","s","m"
"0.0436900","173795.60000000","2024-05-15T15:14:04.404Z","s","m"
"0.0436200","85813.20000000","2024-05-15T15:14:04.404Z","s","m"
"0.0435300","4145.12573632","2024-05-15T15:14:04.404Z","s","m"
"0.0435200","45130.80000000","2024-05-15T15:14:04.404Z","s","m"
"0.0435000","45130.80000000","2024-05-15T15:14:04.404Z","s","m"
"0.0432300","3238.46801820","2024-05-15T15:14:04.404Z","s","m"
"0.0431800","22154.00000000","2024-05-15T15:14:04.404Z","s","m"
"0.0427800","339.59728318","2024-05-15T15:14:04.404Z","s","m"
"0.0427800","22154.00000000","2024-05-15T15:14:04.404Z","s","m"
"0.0426300","22154.00000000","2024-05-15T15:14:04.404Z","s","m"
"0.0422600","717.93658306","2024-05-15T15:14:04.404Z","s","m"
"0.0421100","379.95725481","2024-05-15T15:14:04.404Z","s","m"
"0.0421100","644.91610594","2024-05-15T15:14:04.404Z","s","m"
"0.0421000","22154.00000000","2024-05-15T15:14:04.404Z","s","m"
"0.0417700","18669.39403202","2024-05-15T15:14:04.404Z","s","m"
"0.0417500","391.84099334","2024-05-15T15:14:04.404Z","s","m"
"0.0415300","653.99005832","2024-05-15T15:14:04.404Z","s","m"
"0.0415200","654.04624277","2024-05-15T15:14:04.404Z","s","m"
"0.0410100","662.28254382","2024-05-15T15:14:04.404Z","s","m"
"0.0410000","12500.00000000","2024-05-15T15:14:04.404Z","s","m"
"0.0410000","292.68292682","2024-05-15T15:14:04.404Z","s","m"
"0.0408500","391.44272263","2024-05-15T15:14:04.404Z","s","m"
"0.0400300","812.89033225","2024-05-15T15:14:04.404Z","s","m"
"0.0400200","437.53123438","2024-05-15T15:14:04.404Z","s","m"
"0.0400000","10000.00000000","2024-05-15T15:14:04.404Z","s","m"
"0.0400000","202.00000000","2024-05-15T15:14:04.404Z","s","m"
"0.0400000","5000.00000000","2024-05-15T15:14:04.404Z","s","m"
"0.0400000","500.00000000","2024-05-15T15:14:04.404Z","s","m"
"0.0400000","4000.00000000","2024-05-15T15:14:04.404Z","s","m"
"0.0395900","204469.75903005","2024-05-15T15:14:04.404Z","s","m"
"0.0395300","618.09813817","2024-05-15T15:14:04.404Z","s","m"
"0.0391100","5000.00000000","2024-05-15T15:14:04.404Z","s","m"
"0.0390000","250.00000000","2024-05-15T15:14:04.404Z","s","m"
"0.0390000","3846.15384615","2024-05-15T15:14:04.404Z","s","m"
"0.0388900","393.93160195","2024-05-15T15:14:04.404Z","s","m"
"0.0388800","20576.13168724","2024-05-15T15:14:04.404Z","s","m"
"0.0381100","5000.00000000","2024-05-15T15:14:04.404Z","s","m"
"0.0380000","1315.78947368","2024-05-15T15:14:04.404Z","s","m"
"0.0380000","2631.57894736","2024-05-15T15:14:04.404Z","s","m"
"0.0380000","700.00000000","2024-05-15T15:14:04.404Z","s","m"
"0.0380000","7201.57894736","2024-05-15T15:14:04.404Z","s","m"
"0.0378900","6330.00000000","2024-05-15T15:14:04.404Z","s","m"
"0.0376500","13280.21248339","2024-05-15T15:14:04.404Z","s","m"
"0.0376500","1328.00000000","2024-05-15T15:14:04.404Z","s","m"
"0.0368800","5000.00000000","2024-05-15T15:14:04.404Z","s","m"
"0.0367500","1461.98830409","2024-05-15T15:14:04.404Z","s","m"
"0.0367000","8174.38692098","2024-05-15T15:14:04.404Z","s","m"
"0.0365500","6839.94528043","2024-05-15T15:14:04.404Z","s","m"
"0.0362900","625.29850293","2024-05-15T15:14:04.404Z","s","m"
"0.0438600","27834.47763964","2024-05-15T15:14:07.878Z","s","l"
"0.0438500","10000.00000000","2024-05-15T15:14:07.878Z","s","l"
"0.0438300","27834.47763964","2024-05-15T15:14:40.188Z","s","l"
"0.0438100","570.64597124","2024-05-15T15:14:57.450Z","b","m"
"0.0437700","27834.47763964","2024-05-15T15:15:25.128Z","s","l"
"0.0437200","715.74687648","2024-05-15T15:15:57.603Z","s","l"
"0.0437200","791.38125406","2024-05-15T15:15:59.507Z","s","l"
"0.0437200","378.65780100","2024-05-15T15:15:59.707Z","s","l"
"0.0437200","425.91478011","2024-05-15T15:15:59.927Z","s","l"
"0.0437200","25522.77692799","2024-05-15T15:16:00.251Z","s","m"
"0.0437100","1143.89565479","2024-05-15T15:16:00.251Z","s","m"
"0.0437100","8497.11341793","2024-05-15T15:16:00.251Z","s","m"
"0.0436000","3238.46885233","2024-05-15T15:19:07.485Z","b","l"
"0.0437200","38499.00000000","2024-05-15T15:21:09.014Z","b","l"
"0.0437700","222.13249162","2024-05-15T15:30:38.114Z","b","m"
"0.0437100","990.66370027","2024-05-15T15:35:28.926Z","s","l"
"0.0434800","223.40970236","2024-05-15T15:43:22.701Z","s","l"
"0.0434300","19001.66269000","2024-05-15T15:45:52.749Z","b","l"
"0.0435700","20724.00000000","2024-05-15T16:09:51.575Z","b","l"
"0.0436800","729.67814892","2024-05-15T16:17:38.043Z","b","m"
"0.0434300","426.56140000","2024-05-15T16:38:11.836Z","b","l"
"0.0434800","5818.46392552","2024-05-15T16:50:16.023Z","s","m"
"0.0436400","7905.19020000","2024-05-15T17:18:38.386Z","b","l"
"0.0437000","1223.73945000","2024-05-15T17:21:41.341Z","b","l"
"0.0439300","478.03323469","2024-05-15T17:36:30.556Z","b","m"
"0.0440000","20000.00000000","2024-05-15T18:19:15.361Z","b","l"
"0.0440000","4949.73512681","2024-05-15T18:19:15.379Z","b","l"
"0.0442000","18099.54751131","2024-05-15T18:25:13.852Z","b","m"
"0.0443400","208.19863000","2024-05-15T18:28:07.993Z","b","l"
"0.0443200","342.92654400","2024-05-15T18:29:34.802Z","s","l"
"0.0441100","21.90396000","2024-05-15T18:36:44.382Z","b","l"
"0.0438700","200.00000000","2024-05-15T18:50:35.412Z","s","l"
"0.0439500","33431.67881804","2024-05-15T19:09:52.475Z","b","l"
"0.0439500","4142.30751196","2024-05-15T19:09:52.475Z","b","l"
"0.0440300","7286.42630000","2024-05-15T19:16:37.681Z","b","l"
"0.0440800","637.84194000","2024-05-15T19:20:16.875Z","b","l"
"0.0443300","26421.64614006","2024-05-15T19:41:22.567Z","b","l"
"0.0443800","13578.35385994","2024-05-15T19:41:22.567Z","b","l"
"0.0443900","14659.33496292","2024-05-15T19:41:22.575Z","b","l"
"0.0443900","13969.74503708","2024-05-15T19:41:22.575Z","b","l"
"0.0444600","14670.06297795","2024-05-15T19:46:59.867Z","b","l"
"0.0443900","675.52353074","2024-05-15T19:49:57.399Z","b","l"
"0.0445000","3370.78651685","2024-05-15T19:53:35.541Z","b","l"
"0.0445500","445.54219398","2024-05-15T19:53:55.975Z","b","l"
"0.0446000","66554.40000000","2024-05-15T19:54:19.796Z","b","m"
"0.0446100","27834.47763964","2024-05-15T19:54:19.796Z","b","m"
"0.0446200","34698.40000000","2024-05-15T19:54:19.796Z","b","m"
"0.0446200","1117.58430098","2024-05-15T19:54:19.796Z","b","m"
"0.0446400","174332.40000000","2024-05-15T19:54:19.796Z","b","m"
"0.0446500","10000.00000000","2024-05-15T19:54:19.796Z","b","m"
"0.0446700","443.64736462","2024-05-15T19:54:19.796Z","b","m"
"0.0446800","2963.18776186","2024-05-15T19:54:19.796Z","b","m"
"0.0446100","218.59681345","2024-05-15T19:54:23.998Z","b","m"
"0.0446200","687.79309313","2024-05-15T19:56:12.708Z","b","m"
"0.0446200","22753.91017929","2024-05-15T19:56:12.708Z","b","m"
"0.0445600","955.91588327","2024-05-15T20:02:53.727Z","s","m"
"0.0445500","673.24955117","2024-05-15T20:04:54.033Z","s","l"
"0.0445500","673.24955117","2024-05-15T20:04:54.033Z","s","l"
"0.0445000","377.05564229","2024-05-15T20:05:12.038Z","b","m"
"0.0443600","27380.00000000","2024-05-15T20:20:11.696Z","s","m"
"0.0443100","220.42215358","2024-05-15T20:31:33.138Z","s","l"
"0.0445100","472.01618341","2024-05-15T20:45:47.519Z","b","m"
"0.0443500","27834.47763964","2024-05-15T20:56:47.115Z","s","m"
"0.0443400","33264.94246618","2024-05-15T20:56:47.115Z","s","m"
"0.0443300","52.57989418","2024-05-15T20:56:47.115Z","s","m"
"0.0443900","152.36055000","2024-05-15T21:07:06.914Z","b","l"
"0.0444100","968.78513848","2024-05-15T21:55:42.230Z","b","m"
"0.0444900","4167.38780092","2024-05-15T23:00:34.362Z","b","m"
"0.0445000","10000.00000000","2024-05-15T23:00:34.362Z","b","m"
"0.0445100","27966.51475453","2024-05-15T23:00:34.362Z","b","m"
"0.0445200","34698.40000000","2024-05-15T23:00:34.362Z","b","m"
"0.0445300","11312.00000000","2024-05-15T23:00:34.362Z","b","m"
"0.0445300","3763.22030092","2024-05-15T23:00:34.362Z","b","m"
"0.0445000","1121.07623318","2024-05-15T23:38:15.304Z","b","l"
"0.0451400","5046.73617567","2024-05-16T00:29:55.569Z","b","l"
"0.0452200","221.14108802","2024-05-16T00:30:12.006Z","s","l"
"0.0453100","3227.70091433","2024-05-16T00:35:13.934Z","s","l"
"0.0454000","439.01896703","2024-05-16T00:35:25.573Z","b","l"
"0.0455300","216.00185984","2024-05-16T00:35:27.579Z","b","m"
"0.0453800","774.94376874","2024-05-16T00:36:12.902Z","s","l"
"0.0453800","9225.05623126","2024-05-16T00:36:12.902Z","s","l"
"0.0453800","1066.90639391","2024-05-16T00:36:12.903Z","s","l"
"0.0453800","6793.61370319","2024-05-16T00:36:12.903Z","s","l"
"0.0453800","14361.37186404","2024-05-16T00:36:12.903Z","s","l"
"0.0452300","216.52717942","2024-05-16T00:36:16.015Z","s","l"
"0.0451400","414.41691000","2024-05-16T00:36:24.443Z","b","l"
"0.0448300","550.00000000","2024-05-16T01:01:07.205Z","b","l"
"0.0448300","357.57740662","2024-05-16T01:01:15.433Z","b","l"
"0.0447400","2202.96764517","2024-05-16T01:19:34.285Z","b","m"
"0.0451400","9921.06782429","2024-05-16T01:55:17.019Z","s","m"
"0.0451800","8158.00000000","2024-05-16T02:00:37.149Z","b","m"
"0.0452200","155.54774000","2024-05-16T02:08:54.448Z","b","l"
"0.0450400","496.21116840","2024-05-16T02:33:28.862Z","s","m"
"0.0450800","800.25600000","2024-05-16T02:35:44.138Z","b","m"
"0.0450700","4058.27189077","2024-05-16T02:35:47.308Z","b","m"
"0.0450700","27834.47763964","2024-05-16T02:35:47.308Z","b","m"
"0.0450800","27834.47763964","2024-05-16T02:35:47.308Z","b","m"
"0.0450900","10000.00000000","2024-05-16T02:35:47.308Z","b","m"
"0.0451000","5444.77282995","2024-05-16T02:35:47.308Z","b","m"
"0.0452000","487.64061082","2024-05-16T02:43:26.347Z","b","l"
"0.0452100","1480.95040886","2024-05-16T02:43:26.347Z","b","l"
"0.0454000","462.55506607","2024-05-16T03:06:35.695Z","b","m"
"0.0454000","637.44493393","2024-05-16T03:10:00.398Z","b","l"
"0.0455500","2291.08635097","2024-05-16T03:37:37.990Z","b","m"
"0.0456500","219.05805038","2024-05-16T03:41:15.200Z","b","m"
"0.0456800","4230.22581000","2024-05-16T04:01:45.849Z","b","l"
"0.0456900","6016.41526000","2024-05-16T04:26:19.168Z","b","l"
"0.0456200","249.17088000","2024-05-16T04:38:54.247Z","s","l"
"0.0455300","171.59055000","2024-05-16T05:12:03.835Z","b","l"
"0.0454200","531.68808000","2024-05-16T05:31:26.724Z","b","l"
"0.0454300","462.24961479","2024-05-16T05:31:38.763Z","b","m"
"0.0454800","6371.10242000","2024-05-16T05:39:56.986Z","b","l"
"0.0454400","330.17829627","2024-05-16T05:40:39.351Z","b","m"
"0.0454400","521.66373239","2024-05-16T05:54:28.560Z","b","m"
"0.0455200","2541.70694200","2024-05-16T06:24:55.889Z","b","m"
"0.0453800","1444.59312000","2024-05-16T06:36:46.858Z","b","l"
"0.0454400","14660.86000986","2024-05-16T07:30:57.911Z","b","l"
"0.0453900","1354.59653000","2024-05-16T08:18:30.008Z","b","l"
"0.0453400","115.23818000","2024-05-16T08:29:34.291Z","s","l"
"0.0452400","10000.00000000","2024-05-16T08:32:51.683Z","s","l"
"0.0453300","463.26935804","2024-05-16T08:37:52.387Z","b","m"
"0.0453300","4874.22414000","2024-05-16T09:05:31.934Z","s","l"
"0.0452400","970.13704686","2024-05-16T09:21:00.239Z","s","l"
"0.0455800","221.04332449","2024-05-16T09:53:40.031Z","b","m"
"0.0450700","3494.12724563","2024-05-16T10:33:40.700Z","s","l"
"0.0451000","27834.47763964","2024-05-16T10:36:27.220Z","s","m"
"0.0450900","39009.53414428","2024-05-16T10:36:27.220Z","s","m"
"0.0450800","27834.47763964","2024-05-16T10:36:27.220Z","s","m"
"0.0450700","1523.66656577","2024-05-16T10:36:27.220Z","s","m"
"0.0450600","26563.84401067","2024-05-16T10:36:27.220Z","s","m"
"0.0451300","886.52940749","2024-05-16T10:36:33.185Z","b","l"
"0.0453000","6464.00000000","2024-05-16T10:44:02.985Z","b","l"
"0.0453000","1243.90948529","2024-05-16T10:44:02.985Z","b","l"
"0.0453100","20109.26867471","2024-05-16T10:44:02.985Z","b","l"
"0.0453400","463.16718129","2024-05-16T10:59:28.820Z","b","m"
"0.0453600","215.36859292","2024-05-16T11:17:27.944Z","b","m"
"0.0453600","500.00000000","2024-05-16T11:18:18.930Z","b","l"
"0.0453600","25000.00000000","2024-05-16T11:23:04.698Z","s","l"
"0.0453500","25000.00000000","2024-05-16T11:24:02.825Z","s","l"
"0.0451700","221.04332449","2024-05-16T11:46:24.118Z","s","m"
"0.0452500","21442.16838000","2024-05-16T11:55:35.111Z","b","l"
"0.0452600","28.66366000","2024-05-16T11:56:36.460Z","b","l"
"0.0451900","3494.97812222","2024-05-16T12:01:28.881Z","b","l"
"0.0451900","3494.97812222","2024-05-16T12:01:28.884Z","b","l"
"0.0450600","216.03773635","2024-05-16T12:10:24.188Z","s","l"
"0.0450900","12793.47897739","2024-05-16T12:13:41.590Z","s","m"
"0.0450900","27834.47763964","2024-05-16T12:13:41.590Z","s","m"
"0.0450800","1855.81759107","2024-05-16T12:13:41.590Z","s","m"
"0.0450800","10000.00000000","2024-05-16T12:13:41.590Z","s","m"
"0.0450500","0.22579190","2024-05-16T12:13:41.590Z","s","m"
"0.0451300","464.91033872","2024-05-16T12:30:28.803Z","b","m"
"0.0448900","9737.91686402","2024-05-16T12:34:17.569Z","b","l"
"0.0449100","10302.00000000","2024-05-16T12:34:17.569Z","b","l"
"0.0449400","1345.43845598","2024-05-16T12:34:17.569Z","b","l"
"0.0445900","10000.00000000","2024-05-16T12:39:52.809Z","b","l"
"0.0445800","432.52903926","2024-05-16T12:39:55.104Z","s","m"
"0.0445900","10000.00000000","2024-05-16T12:40:07.132Z","b","l"
"0.0445900","10000.00000000","2024-05-16T12:40:11.024Z","b","l"
"0.0445900","34853.93000000","2024-05-16T12:40:11.025Z","b","l"
"0.0445900","5146.07000000","2024-05-16T12:40:11.025Z","b","l"
"0.0447200","10000.00000000","2024-05-16T12:47:18.211Z","s","m"
"0.0447200","18344.39977188","2024-05-16T12:47:18.211Z","s","m"
"0.0448100","468.33184656","2024-05-16T12:48:22.738Z","b","m"
"0.0444700","1124.35349674","2024-05-16T13:02:19.939Z","b","m"
"0.0443800","337.99008563","2024-05-16T13:04:34.846Z","s","l"
"0.0443500","20000.00000000","2024-05-16T13:04:40.483Z","s","l"
"0.0440500","10000.00000000","2024-05-16T13:10:46.302Z","s","m"
"0.0440300","11632.80036338","2024-05-16T13:10:46.302Z","s","m"
"0.0440300","11514.00000000","2024-05-16T13:10:46.302Z","s","m"
"0.0440300","11514.00000000","2024-05-16T13:10:46.302Z","s","m"
"0.0440200","7459.62616758","2024-05-16T13:10:46.302Z","s","m"
"0.0440200","34698.40000000","2024-05-16T13:10:46.302Z","s","m"
"0.0440000","50000.00000000","2024-05-16T13:10:46.302Z","s","m"
"0.0439800","33142.32000000","2024-05-16T13:10:46.302Z","s","m"
"0.0439700","66554.40000000","2024-05-16T13:10:46.302Z","s","m"
"0.0439600","31275.87000000","2024-05-16T13:10:46.302Z","s","m"
"0.0439200","33824.04000000","2024-05-16T13:10:46.302Z","s","m"
"0.0439200","15692.75233977","2024-05-16T13:10:46.302Z","s","m"
"0.0440500","431.40632927","2024-05-16T13:10:49.460Z","s","m"
"0.0441800","27834.47763964","2024-05-16T13:21:33.812Z","s","l"
"0.0441700","10000.00000000","2024-05-16T13:21:33.812Z","s","l"
"0.0441600","10000.00000000","2024-05-16T13:22:35.202Z","b","l"
"0.0441600","10000.00000000","2024-05-16T13:22:40.297Z","b","l"
"0.0441600","11957.45360055","2024-05-16T13:22:40.371Z","b","l"
"0.0442300","20796.91351238","2024-05-16T13:22:54.536Z","s","l"
"0.0446100","2897.43100937","2024-05-16T13:31:42.437Z","b","l"
"0.0446700","689.00000000","2024-05-16T13:35:10.943Z","b","l"
"0.0444300","21708.51849000","2024-05-16T14:10:02.755Z","b","l"
"0.0441000","15612.09737893","2024-05-16T14:20:09.872Z","b","l"
"0.0441000","15612.09737893","2024-05-16T14:20:41.111Z","s","l"
"0.0440600","21183.72219700","2024-05-16T14:20:44.759Z","b","l"
"0.0440600","13514.67780300","2024-05-16T14:20:44.760Z","b","l"
"0.0440600","7669.04547386","2024-05-16T14:20:49.192Z","s","l"
"0.0440000","227.27272727","2024-05-16T14:21:01.526Z","b","m"
"0.0439800","10000.00000000","2024-05-16T14:21:29.777Z","b","l"
"0.0439700","244.32054517","2024-05-16T14:23:25.374Z","s","l"
"0.0439700","239.43413426","2024-05-16T14:23:25.374Z","s","l"
"0.0438600","10000.00000000","2024-05-16T14:25:49.059Z","b","l"
"0.0439000","1183.72219699","2024-05-16T14:26:04.201Z","b","l"
"0.0434600","362.40220893","2024-05-16T14:52:37.177Z","s","l"
"0.0434200","298.91929179","2024-05-16T14:57:04.412Z","b","l"
"0.0433500","27834.47763964","2024-05-16T14:59:58.004Z","s","m"
"0.0433500","10000.00000000","2024-05-16T14:59:58.004Z","s","m"
"0.0433300","1760.20781783","2024-05-16T14:59:58.004Z","s","m"
"0.0433100","387.93810715","2024-05-16T14:59:58.004Z","s","m"
"0.0433100","3636.11902472","2024-05-16T14:59:58.004Z","s","m"
"0.0433100","50000.00000000","2024-05-16T14:59:58.004Z","s","m"
"0.0433000","16564.00000000","2024-05-16T14:59:58.004Z","s","m"
"0.0433000","16564.00000000","2024-05-16T14:59:58.004Z","s","m"
"0.0433000","11828.91916859","2024-05-16T14:59:58.004Z","s","m"
"0.0432900","34698.40000000","2024-05-16T14:59:58.004Z","s","m"
"0.0432300","66554.40000000","2024-05-16T14:59:58.004Z","s","m"
"0.0432100","31979.58000000","2024-05-16T14:59:58.004Z","s","m"
"0.0431900","32789.08000000","2024-05-16T14:59:58.004Z","s","m"
"0.0431600","4821.66569719","2024-05-16T14:59:58.004Z","s","m"
"0.0433700","3631.08865484","2024-05-16T15:00:44.331Z","s","l"
"0.0433700","21733.36203255","2024-05-16T15:00:44.331Z","s","l"
"0.0433800","332.83475077","2024-05-16T15:16:02.137Z","s","m"
"0.0433800","10000.00000000","2024-05-16T15:16:02.137Z","s","m"
"0.0433700","27834.47763964","2024-05-16T15:16:02.137Z","s","m"
"0.0433700","18952.23064569","2024-05-16T15:16:02.137Z","s","m"
"0.0433500","12928.00000000","2024-05-16T15:16:02.137Z","s","m"
"0.0433500","12928.00000000","2024-05-16T15:16:02.137Z","s","m"
"0.0433400","43660.45696390","2024-05-16T15:16:02.137Z","s","m"
"0.0439700","557.00000000","2024-05-16T16:03:26.576Z","s","m"
"0.0438700","570.27438919","2024-05-16T16:16:19.686Z","s","l"
"0.0437900","1764.73291000","2024-05-16T16:26:45.862Z","s","l"
"0.0439300","1000.00000000","2024-05-16T16:45:38.821Z","b","l"
"0.0437700","4825.50328533","2024-05-16T16:50:26.669Z","s","l"
"0.0435700","10000.00000000","2024-05-16T17:32:39.340Z","b","l"
"0.0436400","3000.00000000","2024-05-16T17:42:23.498Z","b","l"
"0.0437600","692.48560000","2024-05-16T17:59:32.482Z","s","l"
"0.0437600","7696.62520039","2024-05-16T17:59:43.186Z","s","m"
"0.0435800","46.39863000","2024-05-16T18:13:16.732Z","s","l"
"0.0437000","229.46305644","2024-05-16T18:47:55.968Z","b","m"
"0.0437000","228.83295194","2024-05-16T18:48:03.240Z","b","m"
"0.0437400","4909.86040000","2024-05-16T18:55:15.610Z","b","l"
"0.0437200","1993.75732000","2024-05-16T18:59:49.116Z","b","l"
"0.0437200","228.72827081","2024-05-16T19:00:13.203Z","b","m"
"0.0436500","5821.44452005","2024-05-16T19:13:03.455Z","b","m"
"0.0437200","75.62273000","2024-05-16T19:28:39.537Z","s","l"
"0.0436100","1523.60488000","2024-05-16T19:58:48.055Z","s","l"
"0.0436400","2273.14390467","2024-05-16T19:59:29.056Z","b","m"
"0.0436500","10000.00000000","2024-05-16T20:03:21.466Z","s","l"
"0.0436400","27015.14684000","2024-05-16T20:03:21.466Z","s","l"
"0.0435900","344.11562284","2024-05-16T20:09:56.494Z","s","l"
"0.0435300","1150.21854152","2024-05-16T20:26:26.498Z","b","l"
"0.0434800","5045.01257000","2024-05-16T20:43:33.054Z","s","l"
"0.0434000","3062.86064000","2024-05-16T20:49:59.611Z","s","l"
"0.0434700","2790.37527000","2024-05-16T21:23:35.566Z","s","l"
"0.0436100","350.61384000","2024-05-16T21:46:31.242Z","s","l"
"0.0434100","1411.40200205","2024-05-16T22:33:23.730Z","s","l"
"0.0433900","6588.59799795","2024-05-16T22:33:23.730Z","s","l"
"0.0436200","955.00000000","2024-05-16T22:55:52.047Z","s","l"
"0.0436000","281.60251000","2024-05-16T23:17:11.507Z","b","l"
"0.0437400","2286.23685413","2024-05-17T00:02:09.286Z","s","l"
"0.0437400","1510.95003108","2024-05-17T00:05:04.172Z","b","l"
"0.0437300","7917.92376234","2024-05-17T00:30:35.679Z","b","l"
"0.0435800","338.67776075","2024-05-17T01:17:37.763Z","s","m"
"0.0437000","9057.59117173","2024-05-17T01:41:07.117Z","b","m"
"0.0437000","27834.40882827","2024-05-17T01:41:07.117Z","b","m"
"0.0435400","27834.47763964","2024-05-17T03:03:37.155Z","b","m"
"0.0435500","29577.19503100","2024-05-17T03:03:37.155Z","b","m"
"0.0436900","923.71885446","2024-05-17T03:36:58.639Z","s","l"
"0.0436900","230.68054554","2024-05-17T03:36:58.639Z","s","l"
"0.0438400","1000.00000000","2024-05-17T04:11:06.705Z","b","m"
"0.0438000","442.24795000","2024-05-17T04:26:59.858Z","b","l"
"0.0437000","466.52856000","2024-05-17T05:29:46.931Z","b","l"
"0.0437800","1730.71134000","2024-05-17T05:46:51.885Z","b","l"
"0.0440700","1000.00000000","2024-05-17T06:59:15.805Z","b","l"
"0.0445200","2606.55411000","2024-05-17T07:13:23.065Z","b","l"
"0.0445300","1932.54222000","2024-05-17T07:19:02.603Z","b","l"
"0.0446100","298.91929179","2024-05-17T07:22:29.245Z","s","m"
"0.0446400","351.83223786","2024-05-17T07:26:36.650Z","b","m"
"0.0445300","4978.00000000","2024-05-17T07:35:11.600Z","b","m"
"0.0445500","10000.00000000","2024-05-17T07:35:32.080Z","b","m"
"0.0446500","4224.06753730","2024-05-17T07:36:32.607Z","s","l"
"0.0446500","27834.47763964","2024-05-17T07:36:32.607Z","s","l"
"0.0446300","10000.00000000","2024-05-17T07:36:32.607Z","s","l"
"0.0446000","10447.83933306","2024-05-17T07:36:32.607Z","s","l"
"0.0447000","10746.75862484","2024-05-17T08:00:57.667Z","b","m"
"0.0447000","4848.00000000","2024-05-17T08:00:57.667Z","b","m"
"0.0447100","34698.40000000","2024-05-17T08:00:57.667Z","b","m"
"0.0447100","10000.00000000","2024-05-17T08:00:57.667Z","b","m"
"0.0447200","8080.00000000","2024-05-17T08:00:57.667Z","b","m"
"0.0447300","6449.29801028","2024-05-17T08:00:57.667Z","b","m"
"0.0447400","66554.40000000","2024-05-17T08:00:57.667Z","b","m"
"0.0447500","38862.37000000","2024-05-17T08:00:57.667Z","b","m"
"0.0447600","50000.00000000","2024-05-17T08:00:57.667Z","b","m"
"0.0447800","174332.40000000","2024-05-17T08:00:57.667Z","b","m"
"0.0447900","36334.76000000","2024-05-17T08:00:57.667Z","b","m"
"0.0448100","6520.61336488","2024-05-17T08:00:57.667Z","b","m"
"0.0444900","3652.30094959","2024-05-17T08:30:49.383Z","b","l"
"0.0444900","3652.29939312","2024-05-17T08:30:49.383Z","b","l"
"0.0444900","2695.39965729","2024-05-17T08:30:49.389Z","b","l"
"0.0445100","1349.91909301","2024-05-17T08:30:55.933Z","b","l"
"0.0445100","9956.71988319","2024-05-17T08:30:55.933Z","b","l"
"0.0443900","285.23495000","2024-05-17T08:47:17.615Z","b","l"
"0.0443600","3367.06444312","2024-05-17T08:48:11.446Z","s","l"
"0.0443300","1164.56125000","2024-05-17T08:50:16.488Z","s","l"
"0.0443700","22537.75073247","2024-05-17T09:17:19.298Z","s","l"
"0.0444100","28.78744000","2024-05-17T09:29:57.157Z","b","l"
"0.0444200","7893.00000000","2024-05-17T09:50:31.827Z","s","m"
"0.0444500","1000.00000000","2024-05-17T09:54:16.006Z","b","l"
"0.0444900","14456.65196000","2024-05-17T10:03:40.227Z","b","l"
"0.0444200","4970.07429085","2024-05-17T10:10:45.873Z","s","l"
"0.0444100","11258.72551227","2024-05-17T10:10:52.273Z","s","l"
"0.0443800","6661.10195000","2024-05-17T10:12:34.042Z","b","l"
"0.0444300","3544.45903580","2024-05-17T10:21:50.367Z","s","l"
"0.0444300","3501.91854953","2024-05-17T10:21:50.367Z","s","l"
"0.0444300","7953.62249467","2024-05-17T10:21:50.367Z","s","l"
"0.0445600","27834.47763964","2024-05-17T10:28:11.129Z","s","m"
"0.0445600","25789.65529127","2024-05-17T10:28:11.129Z","s","m"
"0.0445500","771.28044132","2024-05-17T10:28:11.129Z","s","m"
"0.0445500","10000.00000000","2024-05-17T10:28:11.129Z","s","m"
"0.0445400","34698.40000000","2024-05-17T10:28:11.129Z","s","m"
"0.0445100","23055.30553367","2024-05-17T10:28:11.129Z","s","m"
"0.0447000","888.35443000","2024-05-17T11:32:42.171Z","b","l"
"0.0446300","347.21864000","2024-05-17T11:34:02.257Z","b","l"
"0.0446400","43.39261000","2024-05-17T11:34:34.165Z","b","l"
"0.0446400","1120.07168458","2024-05-17T11:51:22.401Z","s","l"
"0.0445700","17949.29324657","2024-05-17T11:58:42.936Z","b","l"
"0.0448300","764.99374944","2024-05-17T12:35:36.641Z","b","l"
"0.0450900","3298.97316478","2024-05-17T12:51:59.872Z","b","m"
"0.0450900","11131.57141783","2024-05-17T12:54:50.400Z","b","m"
"0.0451000","921.53338258","2024-05-17T12:54:50.400Z","b","m"
"0.0451000","27834.47763964","2024-05-17T12:54:50.400Z","b","m"
"0.0451100","4848.00000000","2024-05-17T12:54:50.400Z","b","m"
"0.0451100","10000.00000000","2024-05-17T12:54:50.400Z","b","m"
"0.0451200","2012.59428292","2024-05-17T12:54:50.400Z","b","m"
"0.0451500","34698.40000000","2024-05-17T12:54:50.400Z","b","m"
"0.0451600","50000.00000000","2024-05-17T12:54:50.400Z","b","m"
"0.0451800","24700.02332227","2024-05-17T12:54:50.400Z","b","m"
"0.0451100","221.33687473","2024-05-17T12:54:53.392Z","b","l"
"0.0449000","928.54470267","2024-05-17T13:07:24.713Z","s","m"
"0.0448700","10000.00000000","2024-05-17T13:07:24.713Z","s","m"
"0.0448600","34698.40000000","2024-05-17T13:07:24.713Z","s","m"
"0.0448500","3991.00128459","2024-05-17T13:07:24.713Z","s","m"
"0.0448300","66554.40000000","2024-05-17T13:07:24.713Z","s","m"
"0.0448300","4848.00000000","2024-05-17T13:07:24.713Z","s","m"
"0.0448300","36476.86000000","2024-05-17T13:07:24.713Z","s","m"
"0.0448200","50000.00000000","2024-05-17T13:07:24.713Z","s","m"
"0.0448100","16061.06672862","2024-05-17T13:07:24.713Z","s","m"
"0.0446800","25250.00000000","2024-05-17T13:57:05.448Z","s","l"
"0.0446800","1650.00000000","2024-05-17T13:57:08.453Z","s","l"
"0.0447600","1510.95003108","2024-05-17T14:02:04.880Z","s","m"
"0.0449300","687.02427919","2024-05-17T14:13:11.380Z","s","m"
"0.0449500","2382.72980501","2024-05-17T14:16:17.500Z","b","m"
"0.0450500","1236.91300000","2024-05-17T14:32:15.303Z","s","l"
"0.0449900","1377.74534000","2024-05-17T14:38:24.547Z","b","l"
"0.0450200","4848.00000000","2024-05-17T14:46:09.291Z","b","l"
"0.0450200","1216.01589751","2024-05-17T14:46:09.291Z","b","l"
"0.0452100","128.59680000","2024-05-17T15:09:42.130Z","b","l"
"0.0453200","652.47023000","2024-05-17T15:17:49.232Z","b","l"
"0.0454500","722.56624717","2024-05-17T15:22:29.553Z","b","l"
"0.0454400","444.91525423","2024-05-17T15:23:31.006Z","s","m"
"0.0455600","202.00000000","2024-05-17T15:35:05.333Z","b","l"
"0.0454300","487.02961500","2024-05-17T15:40:45.536Z","s","l"
"0.0453900","528.79819200","2024-05-17T15:41:16.177Z","s","l"
"0.0455800","17551.55770075","2024-05-17T15:47:13.567Z","b","m"
"0.0454200","2910.16123396","2024-05-17T15:49:45.392Z","s","l"
"0.0454200","2040.70144604","2024-05-17T15:49:45.392Z","s","l"
"0.0456100","510.98181000","2024-05-17T15:58:25.946Z","b","l"
"0.0456400","437.63676148","2024-05-17T16:11:17.956Z","b","l"
"0.0457400","1456.80379668","2024-05-17T16:13:57.813Z","b","l"
"0.0457000","488.72114292","2024-05-17T16:15:04.082Z","s","m"
"0.0456800","2478.03899721","2024-05-17T16:15:26.898Z","b","m"
"0.0459300","4290.03468000","2024-05-17T16:26:53.367Z","b","l"
"0.0458700","170.00863000","2024-05-17T16:27:08.458Z","s","l"
"0.0459500","2028.37614000","2024-05-17T16:29:20.793Z","b","l"
"0.0458300","429.46584000","2024-05-17T16:30:37.067Z","b","l"
"0.0453800","22600.20274834","2024-05-17T16:59:50.259Z","s","l"
"0.0454500","461.74142480","2024-05-17T17:02:32.933Z","b","m"
"0.0454100","5345.04397000","2024-05-17T17:06:49.424Z","b","l"
"0.0455200","10000.00000000","2024-05-17T17:14:37.162Z","b","m"
"0.0455300","1284.13306880","2024-05-17T17:14:37.162Z","b","m"
"0.0455300","7473.86693120","2024-05-17T17:14:37.162Z","b","m"
"0.0454800","2577.16055710","2024-05-17T17:29:04.995Z","b","m"
"0.0455100","2253.21225000","2024-05-17T17:32:41.318Z","b","l"
"0.0454100","209.95333000","2024-05-17T17:37:20.574Z","b","l"
"0.0452300","1342.85293000","2024-05-17T17:41:55.525Z","s","l"
"0.0453000","256.41025641","2024-05-17T17:42:14.334Z","b","l"
"0.0452700","10000.00000000","2024-05-17T17:42:42.662Z","b","l"
"0.0452700","822.27834047","2024-05-17T17:42:42.662Z","b","l"
"0.0452900","3556.03886067","2024-05-17T17:42:42.662Z","b","l"
"0.0451900","10000.00000000","2024-05-17T17:54:52.931Z","s","l"
"0.0451900","408.86479309","2024-05-17T17:55:22.184Z","s","l"
"0.0451500","1119.71472600","2024-05-17T17:56:51.299Z","s","l"
"0.0450400","466.25222024","2024-05-17T18:18:44.842Z","b","m"
"0.0449600","444.83985765","2024-05-17T18:36:12.508Z","s","l"
"0.0449900","97.00543000","2024-05-17T18:47:01.942Z","s","l"
"0.0450200","3152.34017333","2024-05-17T18:48:05.842Z","s","l"
"0.0450200","1708.90774667","2024-05-17T18:48:05.842Z","s","l"
"0.0450500","2017.61820199","2024-05-17T19:42:58.490Z","s","l"
"0.0450600","6527.19182000","2024-05-17T20:35:10.534Z","b","l"
"0.0450200","900.00000000","2024-05-17T20:35:14.119Z","s","l"
"0.0450100","604.95015721","2024-05-17T21:29:52.518Z","b","m"
"0.0449500","502.50055617","2024-05-17T21:57:24.390Z","s","l"
"0.0449400","289.97285383","2024-05-17T21:57:24.390Z","s","l"
"0.0449800","635.10512500","2024-05-17T22:28:14.030Z","s","l"
"0.0448900","10000.00000000","2024-05-18T01:46:42.468Z","b","l"
"0.0449000","27834.47763964","2024-05-18T01:46:42.468Z","b","l"
"0.0449000","1384.82946229","2024-05-18T01:46:42.468Z","b","l"
"0.0449400","34698.40000000","2024-05-18T01:46:42.468Z","b","l"
"0.0449500","1082.29289807","2024-05-18T01:46:42.468Z","b","l"
"0.0450200","870.81066000","2024-05-18T02:07:46.701Z","b","l"
"0.0447800","5454.00000000","2024-05-18T02:56:35.061Z","b","l"
"0.0447800","345.21974000","2024-05-18T02:56:35.061Z","b","l"
"0.0450800","2216.31205673","2024-05-18T03:22:01.283Z","b","l"
"0.0451100","2018.94687702","2024-05-18T03:22:38.396Z","b","m"
"0.0451100","661.30010237","2024-05-18T03:22:38.396Z","b","m"
"0.0450900","60.57715000","2024-05-18T03:30:51.051Z","b","l"
"0.0453600","221.77866489","2024-05-18T03:52:37.307Z","b","m"
"0.0453500","275.63395811","2024-05-18T04:02:17.765Z","b","l"
"0.0453900","7902.38644000","2024-05-18T04:11:25.139Z","b","l"
"0.0453800","406.49189000","2024-05-18T04:12:42.427Z","b","l"
"0.0451700","10000.00000000","2024-05-18T05:42:29.994Z","s","l"
"0.0451600","23215.23472099","2024-05-18T05:42:29.994Z","s","l"
"0.0453500","13739.02273914","2024-05-18T07:27:21.717Z","s","l"
"0.0453500","11261.23375086","2024-05-18T07:27:21.717Z","s","l"
"0.0453100","253.73989800","2024-05-18T08:04:00.801Z","s","l"
"0.0456200","442.93960922","2024-05-18T08:18:34.441Z","s","m"
"0.0453600","255.45801000","2024-05-18T09:25:05.617Z","s","l"
"0.0453900","6805.27273281","2024-05-18T09:30:30.092Z","s","l"
"0.0453800","366.06944711","2024-05-18T09:30:30.092Z","s","l"
"0.0453900","462.86092131","2024-05-18T10:56:12.560Z","b","m"
"0.0453800","22725.00000000","2024-05-18T11:02:17.261Z","s","m"
"0.0454600","273.66159000","2024-05-18T11:33:14.656Z","s","l"
"0.0454600","502.33357074","2024-05-18T11:43:38.934Z","s","l"
"0.0454600","5960.23258926","2024-05-18T11:43:38.934Z","s","l"
"0.0455000","1041.78628000","2024-05-18T11:47:38.150Z","b","l"
"0.0453900","320.74120000","2024-05-18T11:56:29.735Z","b","l"
"0.0453500","13230.42998897","2024-05-18T12:17:50.522Z","s","l"
"0.0450200","27834.47763964","2024-05-18T13:13:57.718Z","s","m"
"0.0450100","10000.00000000","2024-05-18T13:13:57.718Z","s","m"
"0.0450000","3499.56255468","2024-05-18T13:13:57.718Z","s","m"
"0.0450000","3030.99088826","2024-05-18T13:13:57.718Z","s","m"
"0.0449900","34698.40000000","2024-05-18T13:13:57.718Z","s","m"
"0.0449700","16476.39906458","2024-05-18T13:13:57.718Z","s","m"
"0.0448000","2151.37630000","2024-05-18T13:39:52.096Z","s","l"
"0.0448000","80.76562500","2024-05-18T13:52:05.699Z","s","l"
"0.0447700","980.80466688","2024-05-18T13:52:46.916Z","s","l"
"0.0447700","19019.19533312","2024-05-18T14:00:20.248Z","s","l"
"0.0446100","244.32054517","2024-05-18T14:03:19.478Z","b","l"
"0.0446100","245.06025149","2024-05-18T14:03:19.597Z","b","l"
"0.0445900","731.06721719","2024-05-18T14:43:45.342Z","s","l"
"0.0446500","150.00000000","2024-05-18T14:52:27.202Z","s","l"
"0.0446700","1000.00000000","2024-05-18T15:23:22.904Z","s","l"
"0.0449700","330.17829627","2024-05-18T16:21:28.129Z","s","m"
"0.0449400","1712.48488699","2024-05-18T16:33:46.872Z","s","l"
"0.0449400","594.55151301","2024-05-18T16:33:46.872Z","s","l"
"0.0448300","312.00000000","2024-05-18T16:41:31.648Z","s","m"
"0.0448900","2176.91737753","2024-05-18T18:08:42.099Z","s","m"
"0.0448800","0.08262247","2024-05-18T18:08:42.099Z","s","m"
"0.0448800","28825.81495551","2024-05-18T19:34:42.817Z","b","m"
"0.0448900","13783.74748942","2024-05-18T19:34:42.817Z","b","m"
"0.0449800","6536.23832815","2024-05-18T21:07:44.805Z","b","m"
"0.0450600","1590.78090000","2024-05-18T23:27:39.981Z","b","l"
"0.0450900","310.69685000","2024-05-18T23:36:00.369Z","b","l"
"0.0450100","5127.96157702","2024-05-18T23:38:55.938Z","s","l"
"0.0449800","4777.36417298","2024-05-18T23:38:55.938Z","s","l"
"0.0450700","255.45801000","2024-05-18T23:41:55.394Z","s","l"
"0.0452500","239.18223269","2024-05-19T00:47:57.142Z","s","l"
"0.0452400","248.63861852","2024-05-19T00:48:32.858Z","s","l"
"0.0455200","1405.07876000","2024-05-19T01:24:11.276Z","b","l"
"0.0457000","426.11034000","2024-05-19T02:41:56.067Z","b","l"
"0.0457200","2341.94522000","2024-05-19T02:47:46.900Z","b","l"
"0.0457700","212.18393044","2024-05-19T03:05:05.233Z","b","m"
"0.0452600","2676.50645000","2024-05-19T04:33:24.585Z","b","l"
"0.0455000","171.11842000","2024-05-19T04:45:15.909Z","b","l"
"0.0453800","1579.83735000","2024-05-19T04:59:06.430Z","s","l"
"0.0451000","6262.66557000","2024-05-19T07:25:10.785Z","s","l"
"0.0449600","1125.57479400","2024-05-19T08:30:52.849Z","s","l"
"0.0447000","2444.98756000","2024-05-19T08:40:33.035Z","s","l"
"0.0447700","671.92354000","2024-05-19T09:08:35.569Z","s","l"
"0.0445100","212.18393044","2024-05-19T09:47:22.095Z","s","m"
"0.0449600","9268.74912679","2024-05-19T10:38:30.308Z","b","l"
"0.0443400","331.52909336","2024-05-19T11:05:37.198Z","s","l"
"0.0443400","6.76589988","2024-05-19T11:05:37.198Z","s","l"
"0.0443400","331.52909336","2024-05-19T11:09:57.490Z","b","l"
"0.0444100","10000.00000000","2024-05-19T11:09:57.490Z","b","l"
"0.0444600","7166.79475664","2024-05-19T11:09:57.490Z","b","l"
"0.0441300","1576.35388000","2024-05-19T11:25:25.587Z","b","l"
"0.0442500","25972.89787146","2024-05-19T11:53:52.298Z","s","m"
"0.0442500","10000.00000000","2024-05-19T11:53:52.298Z","s","m"
"0.0442500","3212.14260053","2024-05-19T11:53:52.298Z","s","m"
"0.0442400","311.95952801","2024-05-19T11:53:52.298Z","s","m"
"0.0442800","25.51730000","2024-05-19T11:55:00.864Z","b","l"
"0.0441900","43.94088000","2024-05-19T12:05:25.924Z","b","l"
"0.0442200","43.88130000","2024-05-19T12:06:42.877Z","b","l"
"0.0442000","21.96547000","2024-05-19T12:07:46.320Z","b","l"
"0.0441400","219.95328000","2024-05-19T12:11:56.032Z","b","l"
"0.0440300","16209.93001000","2024-05-19T12:19:02.400Z","b","l"
"0.0440300","9433.22693146","2024-05-19T12:19:02.400Z","b","l"
"0.0438800","9433.22693147","2024-05-19T12:22:19.209Z","b","l"
"0.0438500","519.57707746","2024-05-19T12:23:43.233Z","s","m"
"0.0437700","26258.68789281","2024-05-19T12:30:51.576Z","s","m"
"0.0437600","27834.31210719","2024-05-19T12:30:51.576Z","s","m"
"0.0437500","13548.00109960","2024-05-19T12:31:07.101Z","s","m"
"0.0437500","849.99890040","2024-05-19T12:31:07.101Z","s","m"
"0.0437800","39.97721000","2024-05-19T12:45:40.180Z","b","l"
"0.0435800","2245.32610000","2024-05-19T12:53:58.778Z","b","l"
"0.0435700","2627.69311705","2024-05-19T13:00:55.888Z","s","m"
"0.0436200","31920.81515336","2024-05-19T13:00:56.030Z","b","l"
"0.0436400","748.09399712","2024-05-19T13:00:56.030Z","b","l"
"0.0435300","4700.00000000","2024-05-19T13:10:37.362Z","b","l"
"0.0434500","361.14425336","2024-05-19T13:25:52.384Z","s","l"
"0.0434300","3665.47370651","2024-05-19T13:25:55.318Z","s","l"
"0.0434300","453.90550907","2024-05-19T13:26:03.455Z","s","l"
"0.0434200","362.73606633","2024-05-19T13:26:03.455Z","s","l"
"0.0434000","229.94930875","2024-05-19T13:26:32.967Z","b","l"
"0.0432900","11108.86116949","2024-05-19T13:26:38.113Z","s","l"
"0.0432800","26550.98770966","2024-05-19T13:26:38.113Z","s","l"
"0.0432700","9494.00000000","2024-05-19T13:26:38.114Z","s","l"
"0.0432400","202.00000000","2024-05-19T13:27:58.491Z","s","l"
"0.0433900","11523.39248675","2024-05-19T13:36:56.337Z","b","m"
"0.0437100","4408.39304412","2024-05-19T14:11:31.187Z","b","l"
"0.0437100","4470.85672715","2024-05-19T14:11:31.187Z","b","l"
"0.0437500","13784.53740326","2024-05-19T14:23:16.665Z","s","m"
"0.0437400","17146.77640603","2024-05-19T14:23:16.665Z","s","m"
"0.0437400","2972.68619071","2024-05-19T14:23:16.665Z","s","m"
"0.0436700","2393.62054000","2024-05-19T14:28:40.677Z","b","l"
"0.0436300","5656.00000000","2024-05-19T14:28:46.639Z","s","m"
"0.0436200","5940.00000000","2024-05-19T14:28:46.639Z","s","m"
"0.0436700","20000.00000000","2024-05-19T14:46:54.398Z","b","l"
"0.0436900","202.00000000","2024-05-19T14:56:37.080Z","s","l"
"0.0436800","5000.00000000","2024-05-19T16:03:47.738Z","s","l"
"0.0436700","2391.00000000","2024-05-19T16:04:39.791Z","s","l"
"0.0437000","228.83295194","2024-05-19T16:14:44.684Z","s","l"
"0.0431300","1257.16313000","2024-05-19T16:45:14.553Z","s","l"
"0.0433200","7791.00000000","2024-05-19T16:49:01.650Z","s","m"
"0.0431000","815.93847391","2024-05-19T16:56:02.253Z","s","m"
"0.0431000","7152.99744433","2024-05-19T16:56:02.253Z","s","m"
"0.0430900","5464.06408176","2024-05-19T16:56:02.253Z","s","m"
"0.0430900","18775.00000000","2024-05-19T16:56:22.223Z","s","m"
"0.0431400","712.97649122","2024-05-19T17:04:41.143Z","s","m"
"0.0433500","6563.00000000","2024-05-19T17:21:43.873Z","s","l"
"0.0433600","6563.00000000","2024-05-19T17:22:16.071Z","s","l"
"0.0433900","6565.88579000","2024-05-19T17:22:55.435Z","s","l"
"0.0434600","428.39389000","2024-05-19T17:29:19.708Z","s","l"
"0.0432000","642.59084000","2024-05-19T17:41:10.192Z","s","l"
"0.0432300","321.29543000","2024-05-19T17:44:18.424Z","s","l"
"0.0432200","321.29541000","2024-05-19T17:46:50.538Z","s","l"
"0.0433500","847.66910967","2024-05-19T17:56:03.805Z","b","m"
"0.0433600","10000.00000000","2024-05-19T17:56:03.805Z","b","m"
"0.0433600","683.89298893","2024-05-19T17:56:03.805Z","b","m"
"0.0433200","11542.01292705","2024-05-19T18:08:30.476Z","s","l"
"0.0432700","22.43239000","2024-05-19T18:11:44.935Z","b","l"
"0.0431700","703.58325000","2024-05-19T18:25:22.576Z","b","l"
"0.0430800","275.63395811","2024-05-19T18:42:33.374Z","s","m"
"0.0430900","112.65763000","2024-05-19T18:56:04.037Z","b","l"
"0.0430800","10000.00000000","2024-05-19T19:04:14.164Z","s","l"
"0.0430800","4852.47781511","2024-05-19T19:04:14.557Z","s","l"
"0.0430800","10841.44066690","2024-05-19T19:04:14.557Z","s","l"
"0.0432800","2468.54959851","2024-05-19T19:35:36.980Z","s","m"
"0.0430400","2356.87723000","2024-05-19T20:47:51.618Z","s","l"
"0.0428500","2333.72228704","2024-05-19T21:21:05.882Z","s","l"
"0.0428200","10762.40541802","2024-05-19T21:21:28.403Z","s","l"
"0.0428100","202.00000000","2024-05-19T21:21:28.403Z","s","l"
"0.0426500","763.35877862","2024-05-19T21:27:06.116Z","s","l"
"0.0426500","748.09160304","2024-05-19T21:27:06.116Z","s","l"
"0.0424900","389.20922571","2024-05-19T21:33:57.149Z","s","l"
"0.0425900","22018.00000000","2024-05-19T21:37:33.800Z","b","l"
"0.0426400","11267.56932983","2024-05-19T21:46:44.347Z","s","l"
"0.0426400","11108.33669017","2024-05-19T21:46:44.347Z","s","l"
"0.0428000","11167.83093634","2024-05-19T21:54:25.926Z","s","l"
"0.0431300","7927.31741247","2024-05-19T23:24:12.593Z","s","l"
"0.0430700","165.11067000","2024-05-19T23:47:08.093Z","b","l"
"0.0431000","2320.18561484","2024-05-20T00:11:41.182Z","s","l"
"0.0427800","2009.57663173","2024-05-20T00:24:05.839Z","s","l"
"0.0427800","7990.42336827","2024-05-20T00:24:05.839Z","s","l"
"0.0430900","247.83044081","2024-05-20T00:43:17.708Z","s","l"
"0.0430800","27834.47763964","2024-05-20T00:43:17.708Z","s","l"
"0.0430800","5154.30197955","2024-05-20T00:43:17.708Z","s","l"
"0.0425900","2775.75739000","2024-05-20T01:30:25.337Z","b","l"
"0.0424100","10000.00000000","2024-05-20T01:32:32.011Z","b","l"
"0.0424100","6538.14228663","2024-05-20T01:32:32.870Z","b","l"
"0.0428800","400.00000000","2024-05-20T01:52:06.758Z","b","l"
"0.0434300","18420.44669583","2024-05-20T02:45:45.527Z","b","m"
"0.0434600","18420.44669583","2024-05-20T03:41:19.040Z","s","m"
"0.0442300","1204.22116000","2024-05-20T05:10:59.903Z","b","l"
"0.0444300","211.99892691","2024-05-20T05:28:24.734Z","b","m"
"0.0443100","29.23903000","2024-05-20T05:59:30.623Z","s","l"
"0.0442900","2257.62023030","2024-05-20T06:04:48.696Z","s","l"
"0.0442600","225.78460149","2024-05-20T06:04:55.888Z","b","m"
"0.0441600","2628.74521000","2024-05-20T06:05:57.349Z","s","l"
"0.0442500","225.93764122","2024-05-20T06:06:36.057Z","b","l"
"0.0439000","455.58086561","2024-05-20T06:34:03.304Z","s","l"
"0.0433400","692.20119982","2024-05-20T06:54:07.782Z","s","l"
"0.0432100","211.99892691","2024-05-20T06:54:10.574Z","s","m"
"0.0432500","216.38329815","2024-05-20T06:54:24.785Z","b","m"
"0.0436600","257.00000000","2024-05-20T07:30:05.387Z","s","l"
"0.0436700","202.00000000","2024-05-20T07:30:45.149Z","b","l"
"0.0437800","150.18521000","2024-05-20T07:32:48.708Z","b","l"
"0.0437400","175.00000000","2024-05-20T07:34:44.354Z","s","l"
"0.0438800","27613.00000000","2024-05-20T07:59:06.687Z","b","m"
"0.0438200","461.49191000","2024-05-20T08:19:02.180Z","b","l"
"0.0438000","8000.00000000","2024-05-20T08:25:34.743Z","s","l"
"0.0436700","1934.16051399","2024-05-20T08:35:43.191Z","s","l"
"0.0436700","217.21579601","2024-05-20T08:35:43.191Z","s","l"
"0.0440000","74.86825000","2024-05-20T09:31:38.780Z","b","l"
"0.0439000","100.00000000","2024-05-20T09:34:00.044Z","s","l"
"0.0438900","284.54359208","2024-05-20T09:46:23.260Z","b","l"
"0.0438500","10000.00000000","2024-05-20T10:18:11.023Z","b","m"
"0.0439100","214.36890173","2024-05-20T10:36:24.298Z","b","m"
"0.0439000","23034.35517406","2024-05-20T10:39:55.962Z","s","m"
"0.0439100","1632.25670000","2024-05-20T10:41:12.880Z","b","l"
"0.0440100","1300.00000000","2024-05-20T10:43:22.370Z","s","l"
"0.0440100","3983.47685416","2024-05-20T10:44:43.720Z","b","m"
"0.0440100","6016.52314584","2024-05-20T10:44:43.720Z","b","m"
"0.0437800","1800.59387848","2024-05-20T11:33:49.930Z","s","l"
"0.0436200","215.79409617","2024-05-20T11:36:44.010Z","s","l"
"0.0436200","130.00000000","2024-05-20T11:41:39.014Z","s","l"
"0.0433700","1060.76353000","2024-05-20T12:36:05.904Z","s","l"
"0.0433700","2600.89816421","2024-05-20T12:36:27.204Z","b","l"
"0.0433900","3500.00000000","2024-05-20T13:09:14.004Z","b","m"
"0.0433100","5998.40000000","2024-05-20T13:40:09.942Z","s","l"
"0.0433900","395.96544000","2024-05-20T13:43:55.140Z","s","l"
"0.0433700","442.12251600","2024-05-20T13:44:23.587Z","s","l"
"0.0437200","2283.12406000","2024-05-20T13:52:58.849Z","b","l"
"0.0436900","858.31998169","2024-05-20T13:57:08.355Z","s","l"
"0.0434100","452.24596000","2024-05-20T14:18:33.437Z","b","l"
"0.0433900","14199.98436304","2024-05-20T14:20:40.137Z","b","m"
"0.0434000","8844.76217742","2024-05-20T14:20:40.137Z","b","m"
"0.0434300","7839.17121000","2024-05-20T14:21:25.944Z","b","l"
"0.0434200","447.76829000","2024-05-20T14:31:53.285Z","s","l"
"0.0434300","14774.89842701","2024-05-20T15:11:21.009Z","b","l"
"0.0437800","198.39591000","2024-05-20T15:20:28.897Z","b","l"
"0.0443300","1092.32484000","2024-05-20T15:57:20.612Z","b","l"
"0.0445100","1373.71970665","2024-05-20T16:06:01.619Z","b","l"
"0.0445400","224.51728784","2024-05-20T16:06:10.175Z","b","l"
"0.0445200","1087.66308000","2024-05-20T16:07:33.739Z","b","l"
"0.0445400","1087.05987217","2024-05-20T16:22:13.437Z","b","l"
"0.0445900","2502.56487338","2024-05-20T16:22:14.736Z","s","m"
"0.0446300","224.06453059","2024-05-20T16:22:16.489Z","b","l"
"0.0446300","2373.97760000","2024-05-20T16:29:20.156Z","b","l"
"0.0446200","2241.14746750","2024-05-20T16:31:24.043Z","b","m"
"0.0446900","430.16299790","2024-05-20T16:39:13.304Z","b","l"
"0.0448800","216.38329815","2024-05-20T16:41:22.363Z","b","l"
"0.0449800","209.37452034","2024-05-20T16:41:28.975Z","b","m"
"0.0449600","2224.19928826","2024-05-20T16:55:15.510Z","b","m"
"0.0447300","1590.88224265","2024-05-20T17:02:35.191Z","s","m"
"0.0450800","33.01116000","2024-05-20T17:18:49.758Z","b","l"
"0.0450000","2604.71236147","2024-05-20T17:24:11.909Z","s","m"
"0.0448600","200.00000000","2024-05-20T18:08:24.181Z","s","l"
"0.0449700","2000.00000000","2024-05-20T18:22:16.683Z","s","l"
"0.0449300","237.07133000","2024-05-20T18:25:08.512Z","s","l"
"0.0450400","3225.69101000","2024-05-20T18:27:42.029Z","b","l"
"0.0450100","5020.00000000","2024-05-20T18:52:36.002Z","b","m"
"0.0448600","3824.38779000","2024-05-20T19:01:20.472Z","b","l"
"0.0448200","580.00000000","2024-05-20T19:06:04.559Z","b","m"
"0.0454100","211.05450212","2024-05-20T19:23:28.642Z","b","m"
"0.0454300","224.51728784","2024-05-20T19:23:54.683Z","b","l"
"0.0455800","224.06453059","2024-05-20T19:24:29.190Z","b","m"
"0.0456600","6320.68769163","2024-05-20T19:24:29.190Z","b","m"
"0.0456700","2560.36662193","2024-05-20T19:24:29.190Z","b","m"
"0.0456900","50000.00000000","2024-05-20T19:24:29.190Z","b","m"
"0.0457500","34698.40000000","2024-05-20T19:24:29.190Z","b","m"
"0.0457800","58157.55122543","2024-05-20T19:24:29.190Z","b","m"
"0.0457600","218.53146854","2024-05-20T19:27:48.166Z","s","l"
"0.0458900","458.00418028","2024-05-20T19:30:05.947Z","b","m"
"0.0458900","1541.99581972","2024-05-20T19:30:15.446Z","b","l"
"0.0460600","10000.00000000","2024-05-20T19:31:51.137Z","b","l"
"0.0460600","7562.87944492","2024-05-20T19:31:51.137Z","b","l"
"0.0462200","895.26851000","2024-05-20T19:33:02.034Z","b","l"
"0.0461000","2528.75024069","2024-05-20T19:34:24.587Z","s","m"
"0.0460700","130.07362648","2024-05-20T19:34:24.587Z","s","m"
"0.0461000","2260.19023080","2024-05-20T19:41:16.901Z","b","l"
"0.0460200","1000.00000000","2024-05-20T19:41:59.204Z","b","m"
"0.0460500","27834.47763964","2024-05-20T19:42:37.474Z","b","l"
"0.0460600","10000.00000000","2024-05-20T19:42:37.474Z","b","l"
"0.0460700","22165.52236036","2024-05-20T19:42:37.474Z","b","l"
"0.0464400","215.10002152","2024-05-20T19:50:11.478Z","b","l"
"0.0464200","289.34629100","2024-05-20T19:56:57.251Z","s","l"
"0.0464700","451.90445448","2024-05-20T20:00:09.987Z","b","m"
"0.0464700","10000.00000000","2024-05-20T20:00:49.666Z","b","l"
"0.0464700","14548.09554552","2024-05-20T20:01:45.690Z","b","m"
"0.0464800","10000.00000000","2024-05-20T20:01:45.690Z","b","m"
"0.0465100","673.24955117","2024-05-20T20:01:45.690Z","b","m"
"0.0465300","2923.67192103","2024-05-20T20:01:45.690Z","b","m"
"0.0465300","3573.60842467","2024-05-20T20:01:45.690Z","b","m"
"0.0463600","22081.35407226","2024-05-20T20:05:46.088Z","b","l"
"0.0461700","1003.57166000","2024-05-20T20:10:38.599Z","s","l"
"0.0462100","454.54545454","2024-05-20T20:15:12.770Z","b","m"
"0.0464000","20000.00000000","2024-05-20T20:34:42.329Z","b","l"
"0.0463900","310.69685000","2024-05-20T20:34:58.505Z","s","l"
"0.0465300","16.45263000","2024-05-20T20:35:06.277Z","s","l"
"0.0465400","256.41025641","2024-05-20T20:35:07.666Z","s","m"
"0.0466300","218.53146854","2024-05-20T20:35:13.390Z","b","l"
"0.0466700","209.37452034","2024-05-20T20:35:13.390Z","b","l"
"0.0466900","21133.40329207","2024-05-20T20:35:15.389Z","b","l"
"0.0466900","29489.48363726","2024-05-20T20:35:15.389Z","b","l"
"0.0467200","13946.00000000","2024-05-20T20:35:16.426Z","b","l"
"0.0467200","92.51236000","2024-05-20T20:38:19.422Z","b","l"
"0.0464900","10000.00000000","2024-05-20T20:43:50.498Z","s","l"
"0.0464900","14707.30357945","2024-05-20T20:43:58.115Z","s","l"
"0.0463700","215.33161069","2024-05-20T20:45:54.487Z","b","l"
"0.0463100","10000.00000000","2024-05-20T20:50:30.635Z","b","l"
"0.0463100","15969.53613931","2024-05-20T20:50:31.927Z","b","l"
"0.0462800","1704.04964000","2024-05-20T20:58:50.332Z","b","l"
"0.0462100","23815.93350328","2024-05-20T21:01:27.344Z","s","l"
"0.0460000","434.78260870","2024-05-20T21:07:09.256Z","s","l"
"0.0459100","456.91906005","2024-05-20T21:11:08.842Z","b","m"
"0.0461200","5555.00000000","2024-05-20T21:16:15.385Z","s","l"
"0.0461100","812.07252000","2024-05-20T21:29:28.190Z","b","l"
"0.0461800","2838.49106490","2024-05-20T21:32:50.566Z","s","l"
"0.0461700","5079.43269744","2024-05-20T21:32:50.566Z","s","l"
"0.0464200","27834.47763964","2024-05-20T21:46:39.303Z","b","m"
"0.0464200","10000.00000000","2024-05-20T21:46:39.303Z","b","m"
"0.0464400","2699.85072652","2024-05-20T21:46:39.303Z","b","m"
"0.0464400","28080.16177459","2024-05-20T21:46:39.303Z","b","m"
"0.0464700","34698.40000000","2024-05-20T21:46:39.303Z","b","m"
"0.0464700","50000.00000000","2024-05-20T21:46:39.303Z","b","m"
"0.0464800","6868.00000000","2024-05-20T21:46:39.303Z","b","m"
"0.0464800","6868.00000000","2024-05-20T21:46:39.303Z","b","m"
"0.0465100","13616.62653192","2024-05-20T21:46:39.303Z","b","m"
"0.0465200","34535.82415090","2024-05-20T21:46:39.303Z","b","m"
"0.0464500","7632.43801638","2024-05-20T21:49:26.759Z","b","l"
"0.0466900","25000.00000000","2024-05-20T21:54:55.945Z","b","l"
"0.0467300","13946.61114752","2024-05-20T21:55:06.485Z","b","l"
"0.0467300","591.82485883","2024-05-20T22:00:31.817Z","s","m"
"0.0467200","21702.12117133","2024-05-20T22:01:52.993Z","s","l"
"0.0467100","10000.00000000","2024-05-20T22:17:39.144Z","s","l"
"0.0468100","5000.00000000","2024-05-20T22:29:44.168Z","b","l"
"0.0468800","21430.00000000","2024-05-20T22:36:31.623Z","s","m"
"0.0470000","673.96797826","2024-05-20T22:41:24.751Z","b","l"
"0.0470100","650.11421939","2024-05-20T22:41:24.751Z","b","l"
"0.0470600","212.49468764","2024-05-20T22:41:27.513Z","b","l"
"0.0469500","937.59858581","2024-05-20T22:51:12.574Z","s","m"
"0.0469100","330.68490398","2024-05-20T22:53:00.769Z","b","m"
"0.0468700","23599.80658185","2024-05-20T23:16:08.673Z","b","l"
"0.0470600","1151.96654728","2024-05-20T23:21:32.762Z","b","l"
"0.0471200","211.05450212","2024-05-20T23:23:48.164Z","b","l"
"0.0471400","1875.29301453","2024-05-20T23:24:11.598Z","b","l"
"0.0473100","363.08320235","2024-05-20T23:27:30.508Z","b","l"
"0.0472200","329.51708170","2024-05-20T23:34:37.503Z","b","m"
"0.0473100","443.88078630","2024-05-20T23:39:25.661Z","b","m"
"0.0473200","4625.96467600","2024-05-20T23:59:42.705Z","b","m"
"0.0473200","10000.00000000","2024-05-20T23:59:42.705Z","b","m"
"0.0473600","6499.14171242","2024-05-20T23:59:42.705Z","b","m"
"0.0472600","181.57418000","2024-05-21T00:04:36.833Z","s","l"
"0.0472600","9752.71909126","2024-05-21T00:07:04.978Z","s","l"
"0.0474300","215.10002152","2024-05-21T00:17:48.449Z","b","l"
"0.0475000","210.48200379","2024-05-21T00:17:56.488Z","b","l"
"0.0475100","361.54340989","2024-05-21T00:21:11.000Z","b","l"
"0.0475400","1875.29301453","2024-05-21T00:21:11.425Z","b","l"
"0.0476400","458.00418028","2024-05-21T00:31:36.078Z","b","l"
"0.0477200","359.94061944","2024-05-21T00:33:05.378Z","b","l"
"0.0473700","361.20483724","2024-05-21T00:48:39.793Z","s","l"
"0.0472000","6836.20550847","2024-05-21T00:56:34.168Z","s","l"
"0.0471600","362.81325573","2024-05-21T00:58:50.188Z","s","l"
"0.0469600","364.35845699","2024-05-21T01:02:42.694Z","s","l"
"0.0469300","331.62351947","2024-05-21T01:02:42.694Z","s","l"
"0.0469100","3534.05833213","2024-05-21T01:03:02.547Z","s","l"
"0.0468300","240.82975000","2024-05-21T01:15:51.085Z","b","l"
"0.0469100","213.17416329","2024-05-21T01:17:19.158Z","b","m"
"0.0466900","428.35724995","2024-05-21T01:20:17.410Z","s","l"
"0.0466900","321.26793746","2024-05-21T01:20:17.410Z","s","l"
"0.0466200","333.52218329","2024-05-21T01:20:23.821Z","s","m"
"0.0465600","24657.94010842","2024-05-21T01:20:23.821Z","s","m"
"0.0465600","34698.40000000","2024-05-21T01:20:23.821Z","s","m"
"0.0465500","2799.41640812","2024-05-21T01:20:23.821Z","s","m"
"0.0465400","10000.00000000","2024-05-21T01:20:23.821Z","s","m"
"0.0465300","66554.40000000","2024-05-21T01:20:23.821Z","s","m"
"0.0465200","12613.46922962","2024-05-21T01:20:23.821Z","s","m"
"0.0465900","752.60200545","2024-05-21T01:22:27.332Z","s","l"
"0.0465600","222.18274003","2024-05-21T01:26:13.686Z","b","l"
"0.0468400","448.23906083","2024-05-21T01:32:57.445Z","b","m"
"0.0468000","204.06488072","2024-05-21T01:34:26.289Z","b","m"
"0.0468900","1033.33573000","2024-05-21T01:41:07.775Z","b","l"
"0.0472500","24453.87522770","2024-05-21T01:48:47.249Z","b","m"
"0.0472500","24724.12477230","2024-05-21T01:48:47.249Z","b","m"
"0.0472500","10000.00000000","2024-05-21T01:49:16.646Z","b","l"
"0.0472500","55000.00000000","2024-05-21T01:49:16.893Z","b","l"
"0.0473100","363.62974107","2024-05-21T01:51:01.560Z","b","l"
"0.0472000","4244.74576271","2024-05-21T02:05:33.702Z","s","l"
"0.0469600","364.35845699","2024-05-21T02:46:30.815Z","s","l"
"0.0468500","1578.72161508","2024-05-21T02:52:26.774Z","b","l"
"0.0467800","1344.07866610","2024-05-21T03:42:08.419Z","b","m"
"0.0467700","213.81227282","2024-05-21T03:46:32.351Z","b","m"
"0.0466500","7171.03085553","2024-05-21T04:00:28.646Z","s","l"
"0.0469600","447.18909710","2024-05-21T04:15:21.476Z","b","m"
"0.0470400","752.60200545","2024-05-21T04:23:56.683Z","s","l"
"0.0471000","500.00000000","2024-05-21T04:40:05.311Z","s","l"
"0.0466000","204.95397643","2024-05-21T05:06:24.612Z","b","m"
"0.0466800","1154.15918661","2024-05-21T05:13:17.579Z","b","l"
"0.0466800","7171.03085553","2024-05-21T05:13:17.579Z","b","l"
"0.0467200","4338.81580934","2024-05-21T05:15:04.572Z","b","l"
"0.0468200","448.33475661","2024-05-21T05:15:18.180Z","b","m"
"0.0468100","1710.00000000","2024-05-21T05:39:37.456Z","b","m"
"0.0470100","284.54359208","2024-05-21T05:49:19.787Z","s","m"
"0.0470100","515.06222000","2024-05-21T05:58:58.720Z","b","l"
"0.0469200","2127.20697723","2024-05-21T06:00:26.178Z","b","m"
"0.0469500","1025.95060353","2024-05-21T06:01:59.175Z","b","m"
"0.0469600","1100.80396899","2024-05-21T06:01:59.175Z","b","m"
"0.0469900","515.17181000","2024-05-21T06:02:15.259Z","b","l"
"0.0468300","1782.36021724","2024-05-21T07:22:38.015Z","b","l"
"0.0468400","1439.28266438","2024-05-21T07:22:38.015Z","b","l"
"0.0469600","447.18909710","2024-05-21T07:27:57.919Z","b","m"
"0.0467800","24570.91585449","2024-05-21T07:41:51.682Z","s","l"
"0.0467800","1000.00000000","2024-05-21T07:46:31.347Z","s","l"
"0.0469400","3757.55824258","2024-05-21T08:07:50.421Z","s","m"
"0.0469900","2540.00000000","2024-05-21T08:09:54.588Z","s","m"
"0.0469100","15000.00000000","2024-05-21T08:20:01.185Z","s","l"
"0.0469500","10000.00000000","2024-05-21T08:21:12.156Z","b","m"
"0.0469600","5011.49117201","2024-05-21T08:21:12.156Z","b","m"
"0.0469700","25894.96179551","2024-05-21T08:21:12.156Z","b","m"
"0.0469800","17738.54703248","2024-05-21T08:21:12.156Z","b","m"
"0.0469600","10000.00000000","2024-05-21T08:21:21.612Z","b","m"
"0.0469700","3784.99691759","2024-05-21T08:21:21.612Z","b","m"
"0.0469900","0.00308241","2024-05-21T08:21:21.612Z","b","m"
"0.0469900","6384.54990423","2024-05-21T09:48:37.558Z","s","l"
"0.0469800","10000.00000000","2024-05-21T10:07:53.249Z","b","l"
"0.0469900","16215.95405898","2024-05-21T10:07:53.249Z","b","l"
"0.0471600","27834.47763964","2024-05-21T10:41:22.967Z","s","m"
"0.0471600","24364.79840418","2024-05-21T10:41:22.967Z","s","m"
"0.0471500","6666.00000000","2024-05-21T10:41:22.967Z","s","m"
"0.0471500","6666.00000000","2024-05-21T10:41:22.967Z","s","m"
"0.0471500","34350.80000000","2024-05-21T10:41:22.967Z","s","m"
"0.0471400","64644.80000000","2024-05-21T10:41:22.967Z","s","m"
"0.0471400","10000.00000000","2024-05-21T10:41:22.967Z","s","m"
"0.0471300","1732.19945356","2024-05-21T10:41:22.967Z","s","m"
"0.0471200","73740.92450262","2024-05-21T10:41:22.967Z","s","m"
"0.0471100","24393.06859922","2024-05-21T10:55:11.346Z","s","l"
"0.0471000","27834.47763964","2024-05-21T10:55:11.346Z","s","l"
"0.0470800","24393.34914200","2024-05-21T10:55:11.346Z","s","l"
"0.0470700","23189.81897312","2024-05-21T10:55:11.346Z","s","l"
"0.0472100","2993.96372000","2024-05-21T11:18:57.915Z","s","l"
"0.0473000","325.42482000","2024-05-21T11:35:30.686Z","s","l"
"0.0470000","446.80851063","2024-05-21T12:05:29.751Z","b","m"
"0.0470200","222.94272000","2024-05-21T12:25:01.995Z","s","l"
"0.0469600","6179.51052000","2024-05-21T13:00:08.224Z","b","l"
"0.0470100","29992.38800255","2024-05-21T13:24:33.041Z","b","l"
"0.0473100","363.62974106","2024-05-21T13:34:52.341Z","b","l"
"0.0474600","851.74512656","2024-05-21T13:36:34.276Z","s","m"
"0.0475000","6819.11499364","2024-05-21T13:38:38.280Z","b","l"
"0.0475100","362.08763019","2024-05-21T13:38:38.280Z","b","l"
"0.0474200","986.77718571","2024-05-21T14:03:28.604Z","s","l"
"0.0475700","10000.00000000","2024-05-21T14:05:40.117Z","b","l"
"0.0475800","4420.59268600","2024-05-21T14:05:40.117Z","b","l"
"0.0473200","204.76173000","2024-05-21T14:26:39.900Z","b","l"
"0.0472000","285.94443000","2024-05-21T14:28:50.313Z","s","l"
"0.0472000","349.64879033","2024-05-21T14:29:07.151Z","s","l"
"0.0472700","444.91525423","2024-05-21T14:30:15.531Z","b","m"
"0.0475900","469.84104389","2024-05-21T14:36:17.894Z","s","m"
"0.0475200","891.88498367","2024-05-21T14:37:05.486Z","s","m"
"0.0472600","444.25639940","2024-05-21T14:44:30.131Z","b","m"
"0.0471600","362.81325573","2024-05-21T14:47:01.585Z","s","l"
"0.0472000","22445.72069074","2024-05-21T15:05:37.305Z","b","m"
"0.0472000","10000.00000000","2024-05-21T15:05:37.305Z","b","m"
"0.0472100","9202.27930926","2024-05-21T15:05:37.305Z","b","m"
"0.0471300","10622.47716167","2024-05-21T15:25:50.743Z","s","l"
"0.0471500","2054.59219000","2024-05-21T15:27:52.310Z","b","l"
"0.0469700","4258.03704492","2024-05-21T15:40:20.866Z","b","m"
"0.0469600","364.35845699","2024-05-21T15:40:54.896Z","s","l"
"0.0464900","205.46950025","2024-05-21T15:55:37.118Z","s","l"
"0.0462900","205.97232628","2024-05-21T16:01:29.958Z","s","l"
"0.0470300","3348.50765385","2024-05-21T16:47:36.715Z","s","l"
"0.0470200","24441.11906465","2024-05-21T16:47:36.715Z","s","l"
"0.0469800","22992.36950743","2024-05-21T16:47:47.685Z","s","l"
"0.0468200","1000.00000000","2024-05-21T17:14:14.769Z","s","l"
"0.0469400","884.00000000","2024-05-21T17:15:31.561Z","s","l"
"0.0470100","1059.98320253","2024-05-21T17:15:32.411Z","b","m"
"0.0469100","1400.30357000","2024-05-21T17:15:55.409Z","s","l"
"0.0470000","1597.19576000","2024-05-21T17:18:26.624Z","b","l"
"0.0468900","2497.88537000","2024-05-21T17:49:44.200Z","b","l"
"0.0468600","710.45477000","2024-05-21T17:55:18.701Z","s","l"
"0.0469400","156.69536000","2024-05-21T17:59:15.153Z","s","l"
"0.0470100","20290.45784561","2024-05-21T18:04:38.331Z","s","l"
"0.0467000","2094.91160000","2024-05-21T18:41:22.922Z","b","l"
"0.0466300","2671.28137639","2024-05-21T18:43:47.272Z","s","m"
"0.0466300","10000.00000000","2024-05-21T18:43:47.272Z","s","m"
"0.0466200","34350.80000000","2024-05-21T18:43:47.272Z","s","m"
"0.0466200","18610.77746504","2024-05-21T18:43:47.272Z","s","m"
"0.0466200","27834.14115857","2024-05-21T18:43:47.272Z","s","m"
"0.0466400","664.27193000","2024-05-21T18:57:32.188Z","s","l"
"0.0466400","221.86842000","2024-05-21T19:05:48.411Z","b","l"
"0.0465100","336.62477558","2024-05-21T19:21:25.918Z","s","m"
"0.0465100","24240.00000000","2024-05-21T19:25:43.456Z","s","l"
"0.0465100","5252.00000000","2024-05-21T19:25:44.576Z","s","l"
"0.0465100","614.69266346","2024-05-21T19:25:45.187Z","s","l"
"0.0461400","3641.94865870","2024-05-21T19:27:24.142Z","s","l"
"0.0461400","15642.62062623","2024-05-21T19:27:24.142Z","s","l"
"0.0461400","715.43071507","2024-05-21T19:27:24.142Z","s","l"
"0.0461000","650.75921909","2024-05-21T19:28:48.603Z","s","l"
"0.0460900","409.53438097","2024-05-21T19:30:11.497Z","s","m"
"0.0460900","410.92630271","2024-05-21T19:30:11.842Z","s","m"
"0.0460200","4342.16239687","2024-05-21T19:39:59.795Z","b","l"
"0.0459000","28690.06111251","2024-05-21T19:43:54.513Z","b","l"
"0.0459100","18772.92888749","2024-05-21T19:43:54.513Z","b","l"
"0.0458600","600.89341264","2024-05-21T19:43:54.513Z","s","m"
"0.0458600","5399.10658736","2024-05-21T19:43:54.513Z","s","m"
"0.0459900","968.28778433","2024-05-21T19:48:58.104Z","s","l"
"0.0459800","27834.47763964","2024-05-21T19:48:58.104Z","s","l"
"0.0459700","21287.65837035","2024-05-21T19:48:58.104Z","s","l"
"0.0459600","24909.57620568","2024-05-21T19:48:58.104Z","s","l"
"0.0461900","4448.37028000","2024-05-21T20:03:51.638Z","b","l"
"0.0463800","800.00000000","2024-05-21T20:26:12.727Z","s","l"
"0.0464600","495.37492143","2024-05-21T20:32:24.952Z","b","l"
"0.0465500","7474.00000000","2024-05-21T20:40:12.160Z","s","m"
"0.0465300","3550.17209758","2024-05-21T20:40:12.160Z","s","m"
"0.0465300","2345.82790242","2024-05-21T20:40:12.160Z","s","m"
"0.0464500","3703.19674942","2024-05-21T20:45:52.147Z","s","m"
"0.0464500","10000.00000000","2024-05-21T20:45:52.147Z","s","m"
"0.0464500","1033.80325058","2024-05-21T20:45:52.147Z","s","m"
"0.0465000","644.74500000","2024-05-21T20:45:53.516Z","b","m"
"0.0465500","520.02195000","2024-05-21T20:56:00.961Z","b","l"
"0.0464700","114.63044000","2024-05-21T20:59:24.965Z","b","l"