"price","volume","time","side","orderType"
"0.02303000","1000.00000000","2023-06-27T01:51:13.863Z","sell","taker"
"0.02354000","43.50000000","2023-06-27T01:48:44.717Z","sell","taker"
"0.02415000","207.00000000","2023-06-27T01:41:17.185Z","buy","taker"
"0.02349000","3375.90000000","2023-06-26T21:33:47.546Z","sell","taker"
"0.02372000","43.60000000","2023-06-26T20:50:18.857Z","sell","taker"
"0.02364000","2115.10000000","2023-06-26T20:39:05.200Z","sell","taker"
"0.02384000","4777.90000000","2023-06-26T19:09:12.017Z","sell","taker"
"0.02383000","2124.40000000","2023-06-26T19:09:12.017Z","sell","taker"
"0.02385000","4775.90000000","2023-06-26T19:09:06.515Z","sell","taker"
"0.02384000","4777.90000000","2023-06-26T19:09:06.515Z","sell","taker"
"0.02401000","4747.40000000","2023-06-26T19:09:04.267Z","sell","taker"
"0.02386000","18961.20000000","2023-06-26T19:09:04.267Z","sell","taker"
"0.02386000","5164.90000000","2023-06-26T19:08:44.660Z","sell","taker"
"0.02421000","51.50000000","2023-06-26T12:44:47.048Z","buy","taker"
"0.02452000","2039.20000000","2023-06-26T12:21:41.110Z","sell","taker"
"0.02543000","1966.20000000","2023-06-26T12:13:19.192Z","buy","taker"
"0.02513000","3155.60000000","2023-06-26T12:12:43.151Z","buy","taker"
"0.02452000","2039.20000000","2023-06-26T12:10:32.344Z","buy","taker"
"0.02451000","50.70000000","2023-06-26T10:56:18.175Z","buy","taker"
"0.02396000","49.10000000","2023-06-26T10:45:10.205Z","sell","taker"
"0.02364000","2115.10000000","2023-06-26T10:16:18.421Z","sell","taker"
"0.02413000","47.80000000","2023-06-25T23:44:47.919Z","buy","taker"
"0.02371000","1748.10000000","2023-06-25T23:24:36.309Z","sell","taker"
"0.02440000","15617.70000000","2023-06-25T23:01:28.438Z","buy","taker"
"0.02441000","54.20000000","2023-06-25T23:01:28.438Z","buy","taker"
"0.02453000","15617.70000000","2023-06-25T23:00:09.006Z","sell","taker"
"0.02452000","146.40000000","2023-06-25T23:00:09.006Z","sell","taker"
"0.02453000","54.20000000","2023-06-25T23:00:07.590Z","sell","taker"
"0.02452000","63.40000000","2023-06-25T22:56:30.321Z","sell","taker"
"0.02452000","2039.20000000","2023-06-25T22:53:36.255Z","buy","taker"
"0.02303000","1196.90000000","2023-06-25T22:24:05.436Z","sell","taker"
"0.02303000","499.00000000","2023-06-25T21:37:15.996Z","sell","taker"
"0.02303000","259.20000000","2023-06-25T21:37:15.996Z","sell","taker"
"0.02363000","467.30000000","2023-06-25T20:45:22.525Z","buy","taker"
"0.02364000","32582.50000000","2023-06-25T20:45:22.525Z","buy","taker"
"0.02364000","14786.60000000","2023-06-25T20:43:41.453Z","buy","taker"
"0.02364000","256.00000000","2023-06-25T18:21:28.657Z","sell","taker"
"0.02371000","442.50000000","2023-06-25T17:43:25.356Z","sell","taker"
"0.02371000","547.20000000","2023-06-25T17:43:25.356Z","sell","taker"
"0.02371000","52.40000000","2023-06-25T17:43:24.527Z","sell","taker"
"0.02371000","52.40000000","2023-06-25T17:43:22.225Z","sell","taker"
"0.02391000","43.50000000","2023-06-25T16:49:03.310Z","sell","taker"
"0.02389000","43.70000000","2023-06-25T16:34:55.932Z","sell","taker"
"0.02390000","43.90000000","2023-06-25T16:13:00.998Z","sell","taker"
"0.02382000","15344.30000000","2023-06-25T16:02:57.003Z","buy","taker"
"0.02399000","54.70000000","2023-06-25T15:56:22.805Z","buy","taker"
"0.02458000","50.00000000","2023-06-25T14:33:00.289Z","sell","taker"
"0.02465000","60.80000000","2023-06-25T11:49:02.258Z","sell","taker"
"0.02452000","44.00000000","2023-06-25T11:37:43.038Z","sell","taker"
"0.02429000","3170.00000000","2023-06-25T11:28:09.118Z","sell","taker"
"0.02453000","4.10000000","2023-06-25T10:23:06.848Z","sell","taker"
"0.02453000","41.90000000","2023-06-25T10:23:04.641Z","sell","taker"
"0.02440000","15643.40000000","2023-06-25T10:13:31.171Z","sell","taker"
"0.02440000","56.00000000","2023-06-25T10:13:25.483Z","sell","taker"
"0.02440000","56.00000000","2023-06-25T10:13:24.974Z","sell","taker"
"0.02446000","56.10000000","2023-06-25T10:09:47.560Z","sell","taker"
"0.02537000","337.60000000","2023-06-25T09:59:44.908Z","sell","taker"
"0.02537000","56.50000000","2023-06-25T09:59:38.191Z","sell","taker"
"0.02531000","40.80000000","2023-06-25T09:56:22.200Z","buy","taker"
"0.02458000","41.10000000","2023-06-25T07:52:03.634Z","sell","taker"
"0.02496000","51.80000000","2023-06-25T07:30:40.917Z","sell","taker"
"0.02492000","8.20000000","2023-06-25T05:39:01.305Z","sell","taker"
"0.02492000","56.70000000","2023-06-25T05:38:52.288Z","sell","taker"
"0.02452000","1771.20000000","2023-06-25T05:27:42.429Z","sell","taker"
"0.02452000","525.40000000","2023-06-25T05:27:42.429Z","sell","taker"
"0.02452000","490.50000000","2023-06-25T05:27:42.429Z","sell","taker"
"0.02452000","482.10000000","2023-06-25T05:27:42.429Z","sell","taker"
"0.02452000","59.60000000","2023-06-25T05:27:40.455Z","sell","taker"
"0.02573000","41.40000000","2023-06-25T05:26:24.338Z","sell","taker"
"0.02455000","72.70000000","2023-06-25T05:09:34.736Z","sell","taker"
"0.02455000","59.80000000","2023-06-25T05:09:22.752Z","sell","taker"
"0.02455000","59.80000000","2023-06-25T05:09:22.130Z","sell","taker"
"0.02535000","19.30000000","2023-06-25T04:48:05.896Z","sell","taker"
"0.02535000","59.90000000","2023-06-25T04:47:56.464Z","sell","taker"
"0.02560000","720.70000000","2023-06-25T04:14:01.600Z","sell","taker"
"0.02560000","60.60000000","2023-06-25T04:13:58.868Z","sell","taker"
"0.02611000","383.00000000","2023-06-25T04:13:58.325Z","buy","taker"
"0.02579000","64.80000000","2023-06-25T03:56:17.032Z","buy","taker"
"0.02536000","16.80000000","2023-06-25T03:47:24.094Z","sell","taker"
"0.02536000","60.70000000","2023-06-25T03:47:14.448Z","sell","taker"
"0.02518000","31.80000000","2023-06-25T03:41:56.779Z","sell","taker"
"0.02518000","60.80000000","2023-06-25T03:41:49.550Z","sell","taker"
"0.02511000","58.10000000","2023-06-25T03:35:31.289Z","sell","taker"
"0.02511000","60.90000000","2023-06-25T03:35:27.010Z","sell","taker"
"0.02531000","43.60000000","2023-06-25T03:27:00.198Z","sell","taker"
"0.02531000","61.00000000","2023-06-25T03:26:44.346Z","sell","taker"
"0.02539000","47.70000000","2023-06-25T03:23:44.686Z","sell","taker"
"0.02543000","1903.40000000","2023-06-25T03:09:25.290Z","sell","taker"
"0.02543000","62.80000000","2023-06-25T03:09:24.790Z","sell","taker"
"0.02649000","51.50000000","2023-06-25T02:56:22.332Z","buy","taker"
"0.02649000","41.40000000","2023-06-25T02:56:21.775Z","buy","taker"
"0.02637000","1896.10000000","2023-06-25T02:55:07.103Z","sell","taker"
"0.02652000","78.70000000","2023-06-25T02:50:39.621Z","buy","taker"
"0.02652000","1118.90000000","2023-06-25T02:40:44.347Z","buy","taker"
"0.02652000","2494.20000000","2023-06-25T02:40:42.008Z","buy","taker"
"0.02652000","49.40000000","2023-06-25T01:56:19.889Z","sell","taker"
"0.02744000","51.80000000","2023-06-25T01:49:58.926Z","buy","taker"
"0.02704000","93.40000000","2023-06-25T01:44:44.302Z","buy","taker"
"0.02735000","1828.20000000","2023-06-25T01:26:48.095Z","sell","taker"
"0.02837000","1762.50000000","2023-06-25T01:17:14.409Z","buy","taker"
"0.02834000","44.00000000","2023-06-25T01:17:13.339Z","buy","taker"
"0.02778000","62.90000000","2023-06-25T01:15:58.825Z","buy","taker"
"0.02744000","97.40000000","2023-06-25T01:15:13.061Z","buy","taker"
"0.02735000","1828.20000000","2023-06-25T00:59:24.141Z","buy","taker"
"0.02717000","51.50000000","2023-06-25T00:36:19.372Z","sell","taker"
"0.02700000","39.80000000","2023-06-25T00:34:35.816Z","buy","taker"
"0.02671000","38.60000000","2023-06-25T00:19:28.167Z","sell","taker"
"0.02637000","1896.10000000","2023-06-25T00:18:08.314Z","buy","taker"
"0.02543000","1906.70000000","2023-06-25T00:03:18.225Z","sell","taker"
"0.02543000","59.50000000","2023-06-25T00:03:17.283Z","sell","taker"
"0.02547000","456.80000000","2023-06-25T00:03:07.242Z","sell","taker"
"0.02547000","60.00000000","2023-06-25T00:03:06.605Z","sell","taker"
"0.02547000","60.10000000","2023-06-25T00:02:55.376Z","sell","taker"
"0.02547000","60.10000000","2023-06-25T00:02:30.541Z","sell","taker"
"0.02557000","41.80000000","2023-06-24T23:46:18.828Z","buy","taker"
"0.02558000","1640.40000000","2023-06-24T23:39:42.885Z","buy","taker"
"0.02558000","42.40000000","2023-06-24T23:36:58.864Z","buy","taker"
"0.02600000","5230.40000000","2023-06-24T23:25:29.009Z","sell","taker"
"0.02600000","63.30000000","2023-06-24T23:25:24.699Z","sell","taker"
"0.02591000","64.10000000","2023-06-24T23:20:37.112Z","buy","taker"
"0.02595000","56.30000000","2023-06-24T23:18:07.577Z","buy","taker"
"0.02587000","70.00000000","2023-06-24T23:17:26.049Z","buy","taker"
"0.02610000","1589.00000000","2023-06-24T23:16:17.056Z","buy","taker"
"0.02578000","73.40000000","2023-06-24T23:06:21.833Z","sell","taker"
"0.02544000","72.40000000","2023-06-24T22:56:18.472Z","sell","taker"
"0.02649000","3541.40000000","2023-06-24T22:48:32.268Z","buy","taker"
"0.02637000","1896.10000000","2023-06-24T22:48:22.582Z","buy","taker"
"0.02627000","2931.10000000","2023-06-24T22:48:05.424Z","buy","taker"
"0.02600000","2447.80000000","2023-06-24T22:46:28.689Z","buy","taker"
"0.02600000","2455.80000000","2023-06-24T22:46:28.689Z","buy","taker"
"0.02600000","132.50000000","2023-06-24T22:35:16.072Z","buy","taker"
"0.02568000","132.50000000","2023-06-24T22:26:07.776Z","sell","taker"
"0.02600000","767.00000000","2023-06-24T21:51:19.427Z","buy","taker"
"0.02532000","56.80000000","2023-06-24T21:34:54.575Z","buy","taker"
"0.02504000","45.50000000","2023-06-24T21:17:33.393Z","buy","taker"
"0.02501000","102.70000000","2023-06-24T21:03:34.917Z","buy","taker"
"0.02456000","166.00000000","2023-06-24T20:56:18.549Z","sell","taker"
"0.02514000","287.90000000","2023-06-24T20:44:47.486Z","buy","taker"
"0.02599000","711.90000000","2023-06-24T20:38:30.105Z","buy","taker"
"0.02454000","349.00000000","2023-06-24T20:37:29.073Z","buy","taker"
"0.02452000","208.40000000","2023-06-24T20:37:21.653Z","sell","taker"
"0.02543000","1966.20000000","2023-06-24T20:37:05.002Z","buy","taker"
"0.02542000","435.30000000","2023-06-24T20:35:41.140Z","buy","taker"
"0.02542000","542.00000000","2023-06-24T20:35:30.437Z","buy","taker"
"0.02542000","1350.30000000","2023-06-24T20:35:25.064Z","buy","taker"
"0.02497000","118.30000000","2023-06-24T20:33:59.413Z","buy","taker"
"0.02508000","701.60000000","2023-06-24T20:33:59.413Z","buy","taker"
"0.02365000","49.60000000","2023-06-24T20:21:50.257Z","sell","taker"
"0.02543000","270.60000000","2023-06-24T20:16:03.221Z","sell","taker"
"0.02452000","2039.20000000","2023-06-24T20:16:03.221Z","sell","taker"
"0.02365000","594.50000000","2023-06-24T20:16:03.221Z","sell","taker"
"0.02364000","1859.10000000","2023-06-24T20:16:03.221Z","sell","taker"
"0.02415000","42.90000000","2023-06-24T20:16:02.234Z","buy","taker"
"0.02465000","112.00000000","2023-06-24T20:16:02.234Z","buy","taker"
"0.02543000","1966.20000000","2023-06-24T20:16:02.234Z","buy","taker"
"0.02500000","26492.00000000","2023-06-24T20:05:51.086Z","buy","taker"
"0.02455000","818.50000000","2023-06-24T20:04:52.931Z","sell","taker"
"0.02450000","7007.60000000","2023-06-24T20:04:50.824Z","buy","taker"
"0.02452000","2039.20000000","2023-06-24T20:04:50.824Z","buy","taker"
"0.02455000","1878.70000000","2023-06-24T20:04:50.824Z","buy","taker"
"0.02450000","3807.50000000","2023-06-24T20:04:30.123Z","buy","taker"
"0.02364000","70.30000000","2023-06-24T20:04:17.295Z","buy","taker"
"0.02450000","1604.80000000","2023-06-24T20:04:17.295Z","buy","taker"
"0.02364000","83.90000000","2023-06-24T19:52:58.815Z","buy","taker"
"0.02364000","50.20000000","2023-06-24T19:41:46.417Z","buy","taker"
"0.02364000","1741.10000000","2023-06-24T19:40:57.796Z","buy","taker"
"0.02364000","55.20000000","2023-06-24T18:59:34.777Z","buy","taker"
"0.02350000","11601.40000000","2023-06-24T18:47:58.898Z","buy","taker"
"0.02350000","818.50000000","2023-06-24T18:46:53.084Z","sell","taker"
"0.02364000","54.70000000","2023-06-24T18:22:41.790Z","buy","taker"
"0.02363000","54.70000000","2023-06-24T18:21:09.610Z","buy","taker"
"0.02364000","59.70000000","2023-06-24T17:56:20.438Z","buy","taker"
"0.02280000","1912.80000000","2023-06-24T17:16:30.290Z","buy","taker"
"0.02198000","2144.00000000","2023-06-24T17:16:22.900Z","buy","taker"
"0.02198000","130.80000000","2023-06-24T17:16:12.145Z","buy","taker"
"0.02280000","280.20000000","2023-06-24T17:16:09.078Z","buy","taker"
"0.02286000","615.00000000","2023-06-24T17:16:06.926Z","sell","taker"
"0.02286000","1602.70000000","2023-06-24T17:16:06.926Z","sell","taker"
"0.02286000","418.20000000","2023-06-24T17:16:06.926Z","sell","taker"
"0.02280000","2193.00000000","2023-06-24T17:16:06.926Z","sell","taker"
"0.02198000","2274.80000000","2023-06-24T17:16:06.926Z","sell","taker"
"0.02119000","2359.70000000","2023-06-24T17:16:06.926Z","sell","taker"
"0.02044000","476.50000000","2023-06-24T17:16:06.926Z","sell","taker"
"0.02364000","1755.70000000","2023-06-24T16:35:27.011Z","sell","taker"
"0.02364000","64.40000000","2023-06-24T16:35:10.079Z","sell","taker"
"0.02364000","64.50000000","2023-06-24T16:33:42.328Z","sell","taker"
"0.02364000","64.50000000","2023-06-24T16:33:41.071Z","sell","taker"
"0.02364000","64.60000000","2023-06-24T16:33:03.490Z","sell","taker"
"0.02364000","101.40000000","2023-06-24T15:46:38.954Z","sell","taker"
"0.02455000","93.00000000","2023-06-24T14:47:33.029Z","buy","taker"
"0.02455000","4428.00000000","2023-06-24T14:47:18.166Z","buy","taker"
"0.02452000","2039.20000000","2023-06-24T14:47:17.547Z","buy","taker"
"0.02324000","61.10000000","2023-06-24T13:36:33.868Z","buy","taker"
"0.02364000","2115.10000000","2023-06-24T13:02:34.290Z","buy","taker"
"0.02348000","43.60000000","2023-06-24T12:36:32.992Z","sell","taker"
"0.02198000","2274.80000000","2023-06-24T12:23:58.725Z","buy","taker"
"0.02280000","2193.00000000","2023-06-24T12:23:54.096Z","buy","taker"
"0.02281000","1328.50000000","2023-06-24T12:23:52.296Z","sell","taker"
"0.02280000","1067.80000000","2023-06-24T12:23:52.296Z","sell","taker"
"0.02198000","2222.30000000","2023-06-24T12:23:52.296Z","sell","taker"
"0.02119000","2359.70000000","2023-06-24T12:23:52.296Z","sell","taker"
"0.02044000","938.70000000","2023-06-24T12:23:52.296Z","sell","taker"
"0.02296000","59.40000000","2023-06-24T12:18:11.559Z","buy","taker"
"0.02281000","47.80000000","2023-06-24T11:56:12.158Z","sell","taker"
"0.02282000","198.40000000","2023-06-24T08:01:12.996Z","sell","taker"
"0.02282000","1205.70000000","2023-06-24T08:01:12.313Z","buy","taker"
"0.02282000","2971.50000000","2023-06-24T08:01:12.307Z","sell","taker"
"0.02288000","1269.90000000","2023-06-24T06:19:34.928Z","sell","taker"
"0.02287000","208.40000000","2023-06-24T06:19:34.928Z","sell","taker"
"0.02286000","1027.60000000","2023-06-24T06:19:34.928Z","sell","taker"
"0.02280000","1125.20000000","2023-06-24T06:19:34.928Z","sell","taker"
"0.02387000","44.70000000","2023-06-24T05:48:13.455Z","sell","taker"
"0.02286000","615.00000000","2023-06-24T03:23:48.625Z","sell","taker"
"0.02286000","563.40000000","2023-06-24T03:23:48.625Z","sell","taker"
"0.02286000","8771.50000000","2023-06-24T03:23:48.625Z","sell","taker"
"0.02399000","4136.50000000","2023-06-24T02:58:53.047Z","buy","taker"
"0.02399000","381.60000000","2023-06-24T02:58:32.177Z","buy","taker"
"0.02413000","48.40000000","2023-06-24T02:18:26.196Z","buy","taker"
"0.02341000","44.10000000","2023-06-24T02:03:26.527Z","buy","taker"
"0.02368000","43.60000000","2023-06-24T01:49:37.124Z","buy","taker"
"0.02351000","50.80000000","2023-06-24T01:44:15.961Z","buy","taker"
"0.02284000","615.60000000","2023-06-24T01:35:55.309Z","sell","taker"
"0.02283000","779.40000000","2023-06-24T01:35:55.309Z","sell","taker"
"0.02365000","58.30000000","2023-06-24T01:35:19.555Z","buy","taker"
"0.02360000","3013.20000000","2023-06-24T01:19:20.314Z","buy","taker"
"0.02360000","306.70000000","2023-06-24T01:00:56.464Z","buy","taker"
"0.02307000","3583.10000000","2023-06-24T01:00:13.569Z","sell","taker"
"0.02307000","217.40000000","2023-06-24T01:00:05.140Z","buy","taker"
"0.02307000","217.40000000","2023-06-24T01:00:05.140Z","buy","taker"
"0.02281000","46.10000000","2023-06-24T00:56:12.392Z","sell","taker"
"0.02309000","60.50000000","2023-06-24T00:44:15.044Z","buy","taker"
"0.02364000","2115.10000000","2023-06-24T00:23:40.019Z","buy","taker"
"0.02341000","2231.60000000","2023-06-24T00:06:44.374Z","buy","taker"
"0.02289000","45.60000000","2023-06-23T20:20:04.573Z","sell","taker"
"0.02255000","65.90000000","2023-06-23T19:03:36.563Z","buy","taker"
"0.02299000","217.40000000","2023-06-23T19:00:32.349Z","sell","taker"
"0.02322000","571.40000000","2023-06-23T19:00:28.265Z","buy","taker"
"0.02310000","3874.90000000","2023-06-23T19:00:28.100Z","buy","taker"
"0.02310000","2492.70000000","2023-06-23T19:00:28.100Z","buy","taker"
"0.02299000","217.40000000","2023-06-23T18:55:28.328Z","sell","taker"
"0.02299000","68.60000000","2023-06-23T18:50:21.749Z","sell","taker"
"0.02309000","50.70000000","2023-06-23T18:37:03.817Z","buy","taker"
"0.02310000","60.30000000","2023-06-23T16:50:30.292Z","sell","taker"
"0.02201000","957.30000000","2023-06-23T16:34:04.472Z","sell","taker"
"0.02201000","1726.50000000","2023-06-23T16:34:04.472Z","sell","taker"
"0.02322000","164.70000000","2023-06-23T15:53:33.153Z","buy","taker"
"0.02322000","428.60000000","2023-06-23T15:53:33.153Z","buy","taker"
"0.02293000","3576.20000000","2023-06-23T15:46:41.497Z","buy","taker"
"0.02293000","132.50000000","2023-06-23T15:46:38.246Z","buy","taker"
"0.02293000","107.60000000","2023-06-23T15:46:35.950Z","buy","taker"
"0.02293000","127.70000000","2023-06-23T15:46:34.204Z","buy","taker"
"0.02293000","111.80000000","2023-06-23T15:46:33.663Z","buy","taker"
"0.02289000","51.40000000","2023-06-23T15:37:45.574Z","sell","taker"
"0.02289000","1967.60000000","2023-06-23T15:30:11.250Z","buy","taker"
"0.02221000","47.00000000","2023-06-23T15:25:13.259Z","buy","taker"
"0.02198000","52.50000000","2023-06-23T15:21:13.248Z","sell","taker"
"0.02287000","225.70000000","2023-06-23T15:04:39.705Z","buy","taker"
"0.02289000","2662.90000000","2023-06-23T15:03:44.230Z","buy","taker"
"0.02199000","93.90000000","2023-06-23T14:46:47.297Z","sell","taker"
"0.02199000","51.90000000","2023-06-23T14:18:09.288Z","sell","taker"
"0.02199000","67.80000000","2023-06-23T14:17:53.095Z","sell","taker"
"0.02292000","1237.10000000","2023-06-23T14:09:39.398Z","buy","taker"
"0.02292000","2889.00000000","2023-06-23T14:09:38.711Z","buy","taker"
"0.02280000","59.50000000","2023-06-23T14:07:34.447Z","buy","taker"
"0.02280000","2133.50000000","2023-06-23T14:07:33.741Z","buy","taker"
"0.02277000","242.00000000","2023-06-23T14:07:28.725Z","buy","taker"
"0.02275000","73.70000000","2023-06-23T14:07:26.904Z","buy","taker"
"0.02275000","329.30000000","2023-06-23T14:07:20.145Z","buy","taker"
"0.02275000","756.60000000","2023-06-23T14:07:19.187Z","buy","taker"
"0.02275000","763.70000000","2023-06-23T14:07:18.395Z","buy","taker"
"0.02275000","318.20000000","2023-06-23T14:07:17.770Z","buy","taker"
"0.02275000","297.20000000","2023-06-23T14:07:17.134Z","buy","taker"
"0.02275000","47.10000000","2023-06-23T14:07:16.426Z","buy","taker"
"0.02275000","471.90000000","2023-06-23T14:07:15.883Z","buy","taker"
"0.02275000","762.70000000","2023-06-23T14:07:14.346Z","buy","taker"
"0.02275000","187.30000000","2023-06-23T14:07:11.841Z","buy","taker"
"0.02275000","208.80000000","2023-06-23T14:07:10.030Z","buy","taker"
"0.02273000","225.30000000","2023-06-23T14:07:09.454Z","buy","taker"
"0.02275000","158.80000000","2023-06-23T14:07:09.454Z","buy","taker"
"0.02275000","515.90000000","2023-06-23T14:07:08.935Z","buy","taker"
"0.02275000","2731.30000000","2023-06-23T14:07:08.037Z","buy","taker"
"0.02275000","290.30000000","2023-06-23T14:07:07.276Z","buy","taker"
"0.02124000","47.80000000","2023-06-23T13:56:13.102Z","sell","taker"
"0.02198000","2274.80000000","2023-06-23T12:33:50.798Z","buy","taker"
"0.02202000","2270.60000000","2023-06-23T12:33:50.798Z","buy","taker"
"0.02127000","698.50000000","2023-06-23T04:39:52.380Z","buy","taker"
"0.02127000","1296.50000000","2023-06-23T04:39:52.371Z","sell","taker"
"0.02162000","1000.00000000","2023-06-23T04:39:08.409Z","buy","taker"
"0.02133000","2.00000000","2023-06-23T02:49:11.180Z","sell","taker"
"0.02133000","51.60000000","2023-06-23T02:48:48.166Z","sell","taker"
"0.02111000","1675.30000000","2023-06-23T01:24:41.727Z","sell","taker"
"0.02111000","1945.40000000","2023-06-23T01:06:07.083Z","sell","taker"
"0.02185000","46.50000000","2023-06-23T00:28:56.232Z","buy","taker"
"0.02186000","46.50000000","2023-06-22T23:56:13.053Z","buy","taker"
"0.02119000","1623.50000000","2023-06-22T23:36:37.742Z","buy","taker"
"0.02119000","82.10000000","2023-06-22T23:36:21.153Z","buy","taker"
"0.02119000","654.10000000","2023-06-22T23:36:17.679Z","buy","taker"
"0.02000000","4844.60000000","2023-06-22T23:36:16.510Z","sell","taker"
"0.02044000","1348.70000000","2023-06-22T23:36:16.399Z","sell","taker"
"0.02044000","606.90000000","2023-06-22T23:36:16.399Z","sell","taker"
"0.02044000","607.00000000","2023-06-22T23:36:16.399Z","sell","taker"
"0.02044000","567.90000000","2023-06-22T23:36:16.399Z","sell","taker"
"0.02044000","382.00000000","2023-06-22T23:36:16.399Z","sell","taker"
"0.02119000","2359.70000000","2023-06-22T23:26:40.199Z","sell","taker"
"0.02125000","509.80000000","2023-06-22T23:26:40.087Z","sell","taker"
"0.02125000","495.20000000","2023-06-22T21:46:32.564Z","sell","taker"
"0.02141000","1926.00000000","2023-06-22T20:06:53.616Z","sell","taker"
"0.02140000","68.60000000","2023-06-22T19:12:11.057Z","sell","taker"
"0.02150000","841.20000000","2023-06-22T19:11:59.679Z","sell","taker"
"0.02150000","46.80000000","2023-06-22T18:56:26.736Z","sell","taker"
"0.02150000","59.00000000","2023-06-22T18:22:53.464Z","sell","taker"
"0.02150000","53.00000000","2023-06-22T18:07:10.186Z","sell","taker"
"0.02183000","58.80000000","2023-06-22T17:15:30.834Z","buy","taker"
"0.02239000","13170.40000000","2023-06-22T16:43:51.863Z","buy","taker"
"0.02239000","4401.30000000","2023-06-22T16:42:18.264Z","buy","taker"
"0.02172000","67.50000000","2023-06-22T16:20:23.754Z","buy","taker"
"0.02219000","164.10000000","2023-06-22T15:25:45.475Z","sell","taker"
"0.02219000","61.20000000","2023-06-22T15:25:38.592Z","sell","taker"
"0.02219000","53.30000000","2023-06-22T15:24:18.140Z","sell","taker"
"0.02208000","49.30000000","2023-06-22T15:23:55.463Z","sell","taker"
"0.02198000","2274.80000000","2023-06-22T15:22:10.144Z","buy","taker"
"0.02200000","3810.40000000","2023-06-22T15:22:10.144Z","buy","taker"
"0.02060000","1558.80000000","2023-06-22T14:57:28.215Z","buy","taker"
"0.02060000","1933.30000000","2023-06-22T14:57:27.391Z","buy","taker"
"0.02060000","1933.30000000","2023-06-22T14:57:26.430Z","buy","taker"
"0.02060000","1691.60000000","2023-06-22T14:57:25.061Z","buy","taker"
"0.02060000","1691.60000000","2023-06-22T14:57:24.103Z","buy","taker"
"0.02060000","1691.60000000","2023-06-22T14:57:22.907Z","buy","taker"
"0.02060000","1691.60000000","2023-06-22T14:57:21.647Z","buy","taker"
"0.02060000","1691.60000000","2023-06-22T14:57:20.108Z","buy","taker"
"0.02060000","1691.60000000","2023-06-22T14:57:18.902Z","buy","taker"
"0.02060000","1450.00000000","2023-06-22T14:57:17.644Z","buy","taker"
"0.02060000","1454.20000000","2023-06-22T14:57:16.216Z","buy","taker"
"0.02060000","911.40000000","2023-06-22T14:56:42.426Z","buy","taker"
"0.02060000","1032.50000000","2023-06-22T14:56:42.233Z","buy","taker"
"0.02060000","2016.00000000","2023-06-22T14:56:41.483Z","buy","taker"
"0.02060000","3585.50000000","2023-06-22T14:56:41.285Z","buy","taker"
"0.02120000","1132.50000000","2023-06-22T14:56:29.423Z","sell","taker"
"0.02120000","524.50000000","2023-06-22T14:56:29.423Z","sell","taker"
"0.02119000","2359.70000000","2023-06-22T14:56:29.423Z","sell","taker"
"0.02044000","1097.50000000","2023-06-22T14:56:29.423Z","sell","taker"
"0.02120000","942.90000000","2023-06-22T13:28:18.966Z","sell","taker"
"0.02120000","1007.50000000","2023-06-22T13:18:31.169Z","buy","taker"
"0.02120000","992.50000000","2023-06-22T13:18:19.610Z","sell","taker"
"0.02120000","66.70000000","2023-06-22T11:45:19.231Z","sell","taker"
"0.02231000","67.20000000","2023-06-22T11:45:13.981Z","buy","taker"
"0.02231000","47.90000000","2023-06-22T11:27:55.636Z","buy","taker"
"0.02150000","66.70000000","2023-06-22T10:00:15.911Z","sell","taker"
"0.02232000","67.20000000","2023-06-22T10:00:11.956Z","buy","taker"
"0.02232000","54.60000000","2023-06-22T08:15:42.849Z","buy","taker"
"0.02232000","57.30000000","2023-06-22T08:06:12.489Z","buy","taker"
"0.02232000","273.50000000","2023-06-22T07:54:39.300Z","buy","taker"
"0.02235000","262.30000000","2023-06-22T07:54:39.295Z","sell","taker"
"0.02232000","225.70000000","2023-06-22T07:54:39.295Z","sell","taker"
"0.02232000","72.30000000","2023-06-22T07:10:33.806Z","buy","taker"
"0.02216000","46.90000000","2023-06-22T06:14:09.096Z","buy","taker"
"0.02155000","57.30000000","2023-06-22T06:05:04.533Z","buy","taker"
"0.02250000","385.40000000","2023-06-22T06:04:03.141Z","sell","taker"
"0.02250000","64.60000000","2023-06-22T06:04:01.888Z","sell","taker"
"0.02258000","225.70000000","2023-06-22T05:26:12.648Z","buy","taker"
"0.02260000","57.40000000","2023-06-22T05:18:55.202Z","buy","taker"
"0.02274000","57.40000000","2023-06-22T02:27:11.879Z","buy","taker"
"0.02222000","1956.00000000","2023-06-22T01:13:07.134Z","buy","taker"
"0.02215000","7414.90000000","2023-06-22T01:13:04.843Z","buy","taker"
"0.02215000","507.90000000","2023-06-22T01:05:38.016Z","buy","taker"
"0.02215000","902.90000000","2023-06-22T00:57:46.251Z","buy","taker"
"0.02215000","3883.60000000","2023-06-22T00:51:39.942Z","buy","taker"
"0.02215000","189.50000000","2023-06-22T00:11:06.590Z","buy","taker"
"0.02215000","4514.60000000","2023-06-21T22:22:02.148Z","buy","taker"
"0.02215000","225.70000000","2023-06-21T19:11:08.554Z","buy","taker"
"0.02215000","941.70000000","2023-06-21T19:06:24.123Z","buy","taker"
"0.02128000","2009.10000000","2023-06-21T18:49:21.165Z","sell","taker"
"0.02125000","1641.00000000","2023-06-21T18:08:31.303Z","sell","taker"
"0.02214000","2950.80000000","2023-06-21T17:23:47.356Z","buy","taker"
"0.02120000","47.40000000","2023-06-21T17:21:32.347Z","sell","taker"
"0.02120000","540.00000000","2023-06-21T17:02:20.531Z","sell","taker"
"0.02198000","2274.80000000","2023-06-21T16:41:58.937Z","buy","taker"
"0.02124000","386.60000000","2023-06-21T15:08:43.461Z","buy","taker"
"0.02123000","503.10000000","2023-06-21T15:06:10.232Z","buy","taker"
"0.02123000","2935.30000000","2023-06-21T15:05:55.223Z","buy","taker"
"0.02123000","2936.60000000","2023-06-21T15:05:45.074Z","buy","taker"
"0.02124000","258.40000000","2023-06-21T15:05:17.958Z","buy","taker"
"0.02124000","56.00000000","2023-06-21T04:56:13.230Z","sell","taker"
"0.02135000","6375.00000000","2023-06-21T03:00:57.259Z","sell","taker"
"0.02125000","1903.10000000","2023-06-21T03:00:43.582Z","sell","taker"
"0.02098000","250.60000000","2023-06-21T02:46:03.519Z","buy","taker"
"0.02178000","802.20000000","2023-06-21T02:38:17.689Z","buy","taker"
"0.02161000","911.60000000","2023-06-21T01:51:36.826Z","buy","taker"
"0.02162000","872.70000000","2023-06-21T01:51:36.826Z","buy","taker"
"0.02164000","911.60000000","2023-06-21T01:51:36.826Z","buy","taker"
"0.02170000","857.00000000","2023-06-21T01:51:36.826Z","buy","taker"
"0.02173000","1367.20000000","2023-06-21T01:51:36.826Z","buy","taker"
"0.02118000","32980.60000000","2023-06-21T01:40:44.197Z","buy","taker"
"0.02119000","2359.70000000","2023-06-21T01:40:44.197Z","buy","taker"
"0.02127000","28981.10000000","2023-06-21T01:40:44.197Z","buy","taker"
"0.02118000","2031.00000000","2023-06-21T01:23:12.680Z","sell","taker"
"0.02118000","79.90000000","2023-06-21T01:21:13.374Z","sell","taker"
"0.02118000","854.30000000","2023-06-21T01:11:35.548Z","buy","taker"
"0.02091000","50.50000000","2023-06-21T01:05:26.888Z","sell","taker"
"0.02100000","2980.90000000","2023-06-21T01:04:16.225Z","buy","taker"
"0.02092000","3835.20000000","2023-06-21T01:00:03.160Z","sell","taker"
"0.02091000","825.80000000","2023-06-21T00:59:16.606Z","sell","taker"
"0.02093000","194.80000000","2023-06-21T00:59:05.354Z","sell","taker"
"0.02093000","1039.20000000","2023-06-21T00:59:05.354Z","sell","taker"
"0.02093000","1932.20000000","2023-06-21T00:59:05.354Z","sell","taker"
"0.02093000","1921.60000000","2023-06-21T00:54:45.445Z","buy","taker"
"0.02093000","2117.30000000","2023-06-21T00:54:38.915Z","buy","taker"
"0.02093000","2117.30000000","2023-06-21T00:54:32.660Z","buy","taker"
"0.02093000","1039.20000000","2023-06-21T00:54:03.778Z","buy","taker"
"0.02086000","2178.40000000","2023-06-21T00:52:51.750Z","buy","taker"
"0.02086000","3008.20000000","2023-06-21T00:52:48.294Z","buy","taker"
"0.02086000","3009.60000000","2023-06-21T00:52:44.612Z","buy","taker"
"0.02044000","237.60000000","2023-06-21T00:21:53.558Z","buy","taker"
"0.02044000","212.60000000","2023-06-20T22:12:46.584Z","buy","taker"
"0.02044000","3789.10000000","2023-06-20T22:12:46.584Z","buy","taker"
"0.02044000","876.80000000","2023-06-20T19:50:18.623Z","buy","taker"
"0.02044000","2192.10000000","2023-06-20T19:50:12.392Z","buy","taker"
"0.02039000","238.40000000","2023-06-20T19:30:03.491Z","buy","taker"
"0.02044000","2446.20000000","2023-06-20T19:30:03.491Z","buy","taker"
"0.02044000","64.10000000","2023-06-20T19:30:03.491Z","buy","taker"
"0.01940000","921.40000000","2023-06-20T19:08:07.588Z","buy","taker"
"0.02039000","60.70000000","2023-06-20T19:07:58.668Z","buy","taker"
"0.01940000","9.30000000","2023-06-20T18:43:36.391Z","buy","taker"
"0.01950000","1768.20000000","2023-06-20T18:34:30.966Z","sell","taker"
"0.01950000","719.50000000","2023-06-20T18:34:30.966Z","sell","taker"
"0.01940000","723.40000000","2023-06-20T18:25:24.538Z","sell","taker"
"0.01939000","1112.40000000","2023-06-20T15:01:13.832Z","sell","taker"
"0.01939000","838.10000000","2023-06-20T15:01:13.832Z","sell","taker"
"0.01939000","411.70000000","2023-06-20T15:01:13.832Z","sell","taker"
"0.01939000","52.00000000","2023-06-20T10:22:15.775Z","sell","taker"
"0.01923000","891.50000000","2023-06-20T03:04:42.551Z","sell","taker"
"0.01923000","5200.20000000","2023-06-20T03:04:42.551Z","sell","taker"
"0.01923000","881.40000000","2023-06-20T03:04:42.551Z","sell","taker"
"0.01923000","585.50000000","2023-06-20T03:04:42.551Z","sell","taker"
"0.01922000","2441.40000000","2023-06-20T03:04:42.551Z","sell","taker"
"0.01932000","1552.80000000","2023-06-20T02:27:02.025Z","sell","taker"
"0.01932000","1835.40000000","2023-06-20T02:27:02.025Z","sell","taker"
"0.01935000","212.60000000","2023-06-20T02:11:59.242Z","sell","taker"
"0.01931000","1238.40000000","2023-06-20T02:11:59.242Z","sell","taker"
"0.02011000","212.20000000","2023-06-19T18:50:40.908Z","buy","taker"
"0.02020000","869.10000000","2023-06-19T18:50:03.184Z","buy","taker"
"0.02007000","1679.00000000","2023-06-19T17:54:02.062Z","buy","taker"
"0.01999000","5000.00000000","2023-06-19T17:38:19.908Z","buy","taker"
"0.01999000","2402.20000000","2023-06-19T16:36:49.537Z","sell","taker"
"0.01999000","3302.20000000","2023-06-19T16:34:12.558Z","sell","taker"
"0.02000000","3497.50000000","2023-06-19T13:10:55.208Z","sell","taker"
"0.02010000","1679.10000000","2023-06-19T13:10:45.298Z","sell","taker"
"0.02000000","24941.60000000","2023-06-19T13:10:39.102Z","sell","taker"
"0.02000000","2922.30000000","2023-06-19T13:10:28.251Z","sell","taker"
"0.02021000","1223.80000000","2023-06-19T08:05:00.378Z","buy","taker"
"0.02020000","1223.80000000","2023-06-19T06:36:40.585Z","buy","taker"
"0.02018000","1223.80000000","2023-06-19T05:55:03.447Z","buy","taker"
"0.02016000","1223.80000000","2023-06-19T05:53:42.945Z","buy","taker"
"0.02015000","1252.70000000","2023-06-19T05:47:21.617Z","buy","taker"
"0.01999000","50.60000000","2023-06-19T03:11:02.875Z","sell","taker"
"0.01999000","54.70000000","2023-06-19T02:21:56.235Z","sell","taker"
"0.01999000","63.50000000","2023-06-19T01:56:03.322Z","sell","taker"
"0.01999000","126.80000000","2023-06-19T01:37:15.476Z","sell","taker"
"0.01937000","57.50000000","2023-06-19T00:44:55.854Z","sell","taker"
"0.01929000","57.40000000","2023-06-19T00:04:57.815Z","sell","taker"
"0.01923000","1300.10000000","2023-06-18T21:59:06.442Z","sell","taker"
"0.01923000","1896.70000000","2023-06-18T21:59:06.442Z","sell","taker"
"0.02005000","5422.50000000","2023-06-18T20:13:07.490Z","buy","taker"
"0.02039000","2867.00000000","2023-06-18T20:13:07.490Z","buy","taker"
"0.02039000","637.20000000","2023-06-18T20:13:07.490Z","buy","taker"
"0.02039000","1073.30000000","2023-06-18T20:13:07.490Z","buy","taker"
"0.01985000","769.00000000","2023-06-18T17:21:38.860Z","buy","taker"
"0.01985000","772.10000000","2023-06-18T16:10:19.340Z","buy","taker"
"0.01985000","3230.20000000","2023-06-18T15:17:25.137Z","buy","taker"
"0.01985000","53.50000000","2023-06-18T15:07:23.097Z","buy","taker"
"0.01971000","630.30000000","2023-06-18T14:50:30.818Z","buy","taker"
"0.01971000","255.90000000","2023-06-18T07:33:28.568Z","buy","taker"
"0.01971000","126.80000000","2023-06-18T07:18:28.397Z","buy","taker"
"0.01971000","773.90000000","2023-06-18T07:17:38.895Z","buy","taker"
"0.01935000","982.90000000","2023-06-18T07:08:34.961Z","sell","taker"
"0.01935000","72.10000000","2023-06-18T07:08:34.961Z","sell","taker"
"0.01971000","509.00000000","2023-06-18T03:15:09.487Z","buy","taker"
"0.01971000","550.00000000","2023-06-18T03:14:35.617Z","buy","taker"
"0.01935000","1413.30000000","2023-06-18T01:57:26.843Z","sell","taker"
"0.01935000","3672.00000000","2023-06-18T01:45:09.205Z","sell","taker"
"0.01935000","615.90000000","2023-06-18T01:45:09.205Z","sell","taker"
"0.01935000","1324.30000000","2023-06-18T01:45:09.205Z","sell","taker"
"0.01935000","600.00000000","2023-06-18T00:17:22.959Z","sell","taker"
"0.01935000","635.00000000","2023-06-18T00:15:35.102Z","buy","taker"
"0.01936000","54.60000000","2023-06-17T21:12:08.632Z","buy","taker"
"0.01935000","89.70000000","2023-06-17T21:11:42.627Z","sell","taker"
"0.01971000","73.50000000","2023-06-17T21:01:56.496Z","buy","taker"
"0.01971000","67.60000000","2023-06-17T20:45:11.260Z","buy","taker"
"0.01971000","80.00000000","2023-06-17T20:16:49.690Z","buy","taker"
"0.01971000","100.10000000","2023-06-17T20:14:19.446Z","buy","taker"
"0.01845000","46.80000000","2023-06-17T19:50:41.624Z","sell","taker"
"0.01835000","579.80000000","2023-06-17T19:50:41.624Z","sell","taker"
"0.01746000","3429.20000000","2023-06-17T19:50:41.624Z","sell","taker"
"0.01897000","943.40000000","2023-06-17T19:50:40.878Z","sell","taker"
"0.01885000","212.50000000","2023-06-17T19:50:40.878Z","sell","taker"
"0.01879000","335.20000000","2023-06-17T19:50:40.878Z","sell","taker"
"0.01869000","227.50000000","2023-06-17T19:50:40.878Z","sell","taker"
"0.01864000","113.40000000","2023-06-17T19:50:40.878Z","sell","taker"
"0.01860000","281.20000000","2023-06-17T19:50:40.878Z","sell","taker"
"0.01845000","533.00000000","2023-06-17T19:50:40.878Z","sell","taker"