"price","volume","time","side","orderType"
"0.04581000","1667.00000000","2024-05-26T20:17:38.999Z","sell","maker"
"0.04581000","2500.00000000","2024-05-26T20:17:38.999Z","sell","maker"
"0.04581000","736.00000000","2024-05-26T20:17:38.999Z","sell","maker"
"0.04581000","4596.00000000","2024-05-26T20:17:38.999Z","sell","maker"
"0.04580000","4592.00000000","2024-05-26T20:17:38.999Z","sell","maker"
"0.04580000","5890.00000000","2024-05-26T20:17:36.918Z","buy","maker"
"0.04580000","10000.00000000","2024-05-26T20:17:36.916Z","buy","maker"
"0.04580000","10000.00000000","2024-05-26T20:17:36.912Z","buy","maker"
"0.04581000","1648.00000000","2024-05-26T20:16:12.946Z","sell","maker"
"0.04581000","170.00000000","2024-05-26T20:16:12.946Z","sell","maker"
"0.04583000","16.00000000","2024-05-26T20:10:08.209Z","buy","maker"
"0.04584000","143.00000000","2024-05-26T20:10:08.209Z","buy","maker"
"0.04586000","497.00000000","2024-05-26T20:09:30.676Z","sell","maker"
"0.04589000","28.00000000","2024-05-26T20:06:26.094Z","buy","maker"
"0.04597000","1297.00000000","2024-05-26T19:57:34.252Z","sell","maker"
"0.04594000","12.00000000","2024-05-26T19:53:59.502Z","sell","maker"
"0.04595000","2161.00000000","2024-05-26T19:53:41.237Z","sell","maker"
"0.04594000","27.00000000","2024-05-26T19:53:41.237Z","sell","maker"
"0.04594000","2500.00000000","2024-05-26T19:53:41.237Z","sell","maker"
"0.04590000","26.00000000","2024-05-26T19:53:14.472Z","buy","maker"
"0.04590000","11140.00000000","2024-05-26T19:48:56.781Z","sell","maker"
"0.04590000","736.00000000","2024-05-26T19:48:56.781Z","sell","maker"
"0.04589000","2500.00000000","2024-05-26T19:48:56.781Z","sell","maker"
"0.04589000","736.00000000","2024-05-26T19:48:56.781Z","sell","maker"
"0.04588000","2500.00000000","2024-05-26T19:48:56.781Z","sell","maker"
"0.04588000","4356.00000000","2024-05-26T19:48:56.781Z","sell","maker"
"0.04588000","736.00000000","2024-05-26T19:48:56.781Z","sell","maker"
"0.04587000","196.00000000","2024-05-26T19:48:56.781Z","sell","maker"
"0.04584000","21714.00000000","2024-05-26T19:48:19.083Z","buy","maker"
"0.04584000","4130.00000000","2024-05-26T19:48:19.083Z","buy","maker"
"0.04584000","3700.00000000","2024-05-26T19:48:19.083Z","buy","maker"
"0.04585000","3937.00000000","2024-05-26T19:48:19.083Z","buy","maker"
"0.04585000","2065.00000000","2024-05-26T19:48:19.083Z","buy","maker"
"0.04585000","2000.00000000","2024-05-26T19:48:19.083Z","buy","maker"
"0.04586000","736.00000000","2024-05-26T19:48:19.083Z","buy","maker"
"0.04586000","10005.00000000","2024-05-26T19:48:19.083Z","buy","maker"
"0.04586000","2000.00000000","2024-05-26T19:48:19.083Z","buy","maker"
"0.04587000","4356.00000000","2024-05-26T19:48:19.083Z","buy","maker"
"0.04587000","501.00000000","2024-05-26T19:48:19.083Z","buy","maker"
"0.04587000","2500.00000000","2024-05-26T19:48:19.083Z","buy","maker"
"0.04587000","2000.00000000","2024-05-26T19:48:19.083Z","buy","maker"
"0.04587000","736.00000000","2024-05-26T19:48:19.083Z","buy","maker"
"0.04587000","4458.00000000","2024-05-26T19:48:19.083Z","buy","maker"
"0.04588000","6894.00000000","2024-05-26T19:48:19.083Z","buy","maker"
"0.04588000","2000.00000000","2024-05-26T19:48:19.083Z","buy","maker"
"0.04588000","736.00000000","2024-05-26T19:48:19.083Z","buy","maker"
"0.04588000","2500.00000000","2024-05-26T19:48:19.083Z","buy","maker"
"0.04588000","4424.00000000","2024-05-26T19:48:19.083Z","buy","maker"
"0.04589000","140.00000000","2024-05-26T19:48:19.083Z","buy","maker"
"0.04589000","2500.00000000","2024-05-26T19:48:19.083Z","buy","maker"
"0.04593000","458.00000000","2024-05-26T19:46:16.968Z","sell","maker"
"0.04584000","117.00000000","2024-05-26T19:41:04.083Z","buy","maker"
"0.04585000","69.00000000","2024-05-26T19:39:41.055Z","sell","maker"
"0.04576000","460.00000000","2024-05-26T19:34:19.204Z","buy","maker"
"0.04578000","88.00000000","2024-05-26T19:22:23.211Z","sell","maker"
"0.04577000","66.00000000","2024-05-26T19:21:59.129Z","buy","maker"
"0.04576000","189.00000000","2024-05-26T19:15:14.655Z","buy","maker"
"0.04590000","36.00000000","2024-05-26T19:10:08.771Z","buy","maker"
"0.04573000","35.00000000","2024-05-26T19:03:10.561Z","buy","maker"
"0.04573000","218.00000000","2024-05-26T19:03:05.922Z","buy","maker"
"0.04564000","144.00000000","2024-05-26T18:52:05.417Z","buy","maker"
"0.04564000","2500.00000000","2024-05-26T18:52:05.417Z","buy","maker"
"0.04566000","10.00000000","2024-05-26T18:48:34.077Z","buy","maker"
"0.04563000","1148.00000000","2024-05-26T18:47:43.354Z","buy","maker"
"0.04562000","2500.00000000","2024-05-26T18:45:53.953Z","sell","maker"
"0.04562000","2500.00000000","2024-05-26T18:45:53.912Z","sell","maker"
"0.04562000","154.00000000","2024-05-26T18:45:53.912Z","sell","maker"
"0.04562000","736.00000000","2024-05-26T18:45:53.912Z","sell","maker"
"0.04558000","66.00000000","2024-05-26T18:45:47.771Z","buy","maker"
"0.04552000","26.00000000","2024-05-26T18:39:56.073Z","buy","maker"
"0.04561000","223.00000000","2024-05-26T18:35:10.009Z","buy","maker"
"0.04554000","79.00000000","2024-05-26T18:33:19.649Z","buy","maker"
"0.04554000","140.00000000","2024-05-26T18:33:19.649Z","buy","maker"
"0.04555000","3308.00000000","2024-05-26T18:32:24.289Z","sell","maker"
"0.04555000","2500.00000000","2024-05-26T18:32:24.289Z","sell","maker"
"0.04555000","736.00000000","2024-05-26T18:32:24.289Z","sell","maker"
"0.04548000","14.00000000","2024-05-26T18:30:59.874Z","buy","maker"
"0.04550000","2914.00000000","2024-05-26T18:29:29.144Z","buy","maker"
"0.04550000","6361.00000000","2024-05-26T18:29:29.141Z","buy","maker"
"0.04550000","11825.00000000","2024-05-26T18:29:29.139Z","buy","maker"
"0.04558000","65.00000000","2024-05-26T18:24:23.206Z","sell","maker"
"0.04554000","10000.00000000","2024-05-26T18:23:38.182Z","sell","maker"
"0.04553000","46814.00000000","2024-05-26T18:23:11.536Z","sell","maker"
"0.04553000","5665.00000000","2024-05-26T18:23:11.536Z","sell","maker"
"0.04553000","736.00000000","2024-05-26T18:23:11.536Z","sell","maker"
"0.04551000","26.00000000","2024-05-26T18:20:09.923Z","buy","maker"
"0.04558000","899.00000000","2024-05-26T18:18:18.799Z","sell","maker"
"0.04557000","170.00000000","2024-05-26T18:18:18.799Z","sell","maker"
"0.04556000","178.00000000","2024-05-26T18:16:07.477Z","buy","maker"
"0.04550000","7517.00000000","2024-05-26T18:13:49.894Z","buy","maker"
"0.04552000","219.00000000","2024-05-26T18:13:49.894Z","buy","maker"
"0.04553000","9140.00000000","2024-05-26T18:13:05.472Z","buy","maker"
"0.04553000","2500.00000000","2024-05-26T18:13:05.472Z","buy","maker"
"0.04554000","2000.00000000","2024-05-26T18:13:05.472Z","buy","maker"
"0.04554000","2500.00000000","2024-05-26T18:13:05.472Z","buy","maker"
"0.04554000","5399.00000000","2024-05-26T18:13:05.472Z","buy","maker"
"0.04555000","2500.00000000","2024-05-26T18:13:05.472Z","buy","maker"
"0.04555000","144.00000000","2024-05-26T18:13:05.472Z","buy","maker"
"0.04555000","27.00000000","2024-05-26T18:09:17.390Z","buy","maker"
"0.04552000","282.00000000","2024-05-26T18:09:01.566Z","buy","maker"
"0.04561000","1433.00000000","2024-05-26T18:07:52.548Z","sell","maker"
"0.04561000","736.00000000","2024-05-26T18:07:52.548Z","sell","maker"
"0.04560000","91.00000000","2024-05-26T18:07:52.548Z","sell","maker"
"0.04555000","36.00000000","2024-05-26T18:04:56.470Z","sell","maker"
"0.04569000","21.00000000","2024-05-26T18:00:35.830Z","sell","maker"
"0.04568000","26.00000000","2024-05-26T17:58:03.971Z","buy","maker"
"0.04564000","23.00000000","2024-05-26T17:55:37.582Z","buy","maker"
"0.04562000","16.00000000","2024-05-26T17:52:34.779Z","sell","maker"
"0.04560000","50.00000000","2024-05-26T17:52:18.008Z","buy","maker"
"0.04559000","109.00000000","2024-05-26T17:52:16.370Z","buy","maker"
"0.04562000","16.00000000","2024-05-26T17:51:52.104Z","sell","maker"
"0.04563000","16.00000000","2024-05-26T17:51:36.249Z","sell","maker"
"0.04561000","4507.00000000","2024-05-26T17:50:39.402Z","sell","maker"
"0.04561000","736.00000000","2024-05-26T17:50:39.402Z","sell","maker"
"0.04557000","26.00000000","2024-05-26T17:50:14.973Z","buy","maker"
"0.04557000","951.00000000","2024-05-26T17:49:27.593Z","buy","maker"
"0.04559000","674.00000000","2024-05-26T17:47:22.894Z","buy","maker"
"0.04559000","140.00000000","2024-05-26T17:47:22.894Z","buy","maker"
"0.04560000","736.00000000","2024-05-26T17:46:02.826Z","sell","maker"
"0.04566000","34.00000000","2024-05-26T17:44:52.730Z","buy","maker"
"0.04563000","2500.00000000","2024-05-26T17:44:00.324Z","sell","maker"
"0.04562000","2500.00000000","2024-05-26T17:44:00.324Z","sell","maker"
"0.04563000","12652.00000000","2024-05-26T17:44:00.319Z","sell","maker"
"0.04563000","2500.00000000","2024-05-26T17:44:00.319Z","sell","maker"
"0.04562000","736.00000000","2024-05-26T17:44:00.319Z","sell","maker"
"0.04562000","2500.00000000","2024-05-26T17:44:00.319Z","sell","maker"
"0.04561000","159.00000000","2024-05-26T17:44:00.319Z","sell","maker"
"0.04561000","28.00000000","2024-05-26T17:39:54.712Z","buy","maker"
"0.04561000","35.00000000","2024-05-26T17:39:21.675Z","buy","maker"
"0.04562000","2475.00000000","2024-05-26T17:38:58.687Z","buy","maker"
"0.04563000","25.00000000","2024-05-26T17:38:58.687Z","buy","maker"
"0.04563000","2500.00000000","2024-05-26T17:38:58.687Z","buy","maker"
"0.04562000","654.00000000","2024-05-26T17:36:42.839Z","buy","maker"
"0.04565000","21.00000000","2024-05-26T17:33:49.112Z","sell","maker"
"0.04559000","66.00000000","2024-05-26T17:33:19.654Z","buy","maker"
"0.04561000","219.00000000","2024-05-26T17:32:27.559Z","buy","maker"
"0.04560000","73.00000000","2024-05-26T17:32:16.761Z","buy","maker"
"0.04567000","22.00000000","2024-05-26T17:29:55.775Z","sell","maker"
"0.04569000","2818.00000000","2024-05-26T17:25:55.471Z","sell","maker"
"0.04569000","736.00000000","2024-05-26T17:25:55.471Z","sell","maker"
"0.04568000","736.00000000","2024-05-26T17:25:55.471Z","sell","maker"
"0.04567000","1769.00000000","2024-05-26T17:25:30.198Z","buy","maker"
"0.04567000","454.00000000","2024-05-26T17:25:30.198Z","buy","maker"
"0.04567000","2500.00000000","2024-05-26T17:25:30.198Z","buy","maker"
"0.04568000","22.00000000","2024-05-26T17:25:30.198Z","buy","maker"
"0.04575000","28.00000000","2024-05-26T17:21:06.689Z","buy","maker"
"0.04573000","26.00000000","2024-05-26T17:19:15.398Z","buy","maker"
"0.04576000","24778.00000000","2024-05-26T17:18:08.629Z","buy","maker"
"0.04573000","26.00000000","2024-05-26T17:14:34.105Z","buy","maker"
"0.04580000","1811.00000000","2024-05-26T17:05:31.206Z","sell","maker"
"0.04588000","26.00000000","2024-05-26T17:02:12.109Z","buy","maker"
"0.04581000","40.00000000","2024-05-26T16:58:38.091Z","buy","maker"
"0.04588000","2500.00000000","2024-05-26T16:54:23.539Z","buy","maker"
"0.04595000","21.00000000","2024-05-26T16:51:13.783Z","sell","maker"
"0.04602000","2500.00000000","2024-05-26T16:49:40.927Z","buy","maker"
"0.04603000","155.00000000","2024-05-26T16:49:40.927Z","buy","maker"
"0.04601000","3004.00000000","2024-05-26T16:49:01.231Z","sell","maker"
"0.04601000","3622.00000000","2024-05-26T16:49:01.230Z","sell","maker"
"0.04601000","5895.00000000","2024-05-26T16:49:01.224Z","sell","maker"
"0.04601000","7150.00000000","2024-05-26T16:49:01.221Z","sell","maker"
"0.04601000","2272.00000000","2024-05-26T16:49:01.220Z","sell","maker"
"0.04601000","2183.00000000","2024-05-26T16:49:01.219Z","sell","maker"
"0.04601000","736.00000000","2024-05-26T16:49:01.219Z","sell","maker"
"0.04601000","2500.00000000","2024-05-26T16:49:01.219Z","sell","maker"
"0.04600000","71.00000000","2024-05-26T16:49:01.213Z","sell","maker"
"0.04600000","2500.00000000","2024-05-26T16:49:01.213Z","sell","maker"
"0.04599000","70.00000000","2024-05-26T16:48:38.875Z","buy","maker"
"0.04598000","27632.00000000","2024-05-26T16:47:05.130Z","sell","maker"
"0.04598000","736.00000000","2024-05-26T16:47:05.130Z","sell","maker"
"0.04597000","9597.00000000","2024-05-26T16:47:04.411Z","buy","maker"
"0.04597000","2500.00000000","2024-05-26T16:47:04.035Z","sell","maker"
"0.04596000","5000.00000000","2024-05-26T16:47:01.923Z","buy","maker"
"0.04596000","186.00000000","2024-05-26T16:47:01.913Z","sell","maker"
"0.04583000","74.00000000","2024-05-26T16:40:17.950Z","buy","maker"
"0.04583000","148.00000000","2024-05-26T16:40:17.950Z","buy","maker"
"0.04590000","36.00000000","2024-05-26T16:39:40.500Z","buy","maker"
"0.04582000","26.00000000","2024-05-26T16:37:45.765Z","buy","maker"
"0.04578000","21.00000000","2024-05-26T16:35:41.734Z","sell","maker"
"0.04575000","2.00000000","2024-05-26T16:35:36.512Z","buy","maker"
"0.04574000","2500.00000000","2024-05-26T16:35:02.925Z","sell","maker"
"0.04573000","2500.00000000","2024-05-26T16:35:02.925Z","sell","maker"
"0.04574000","2500.00000000","2024-05-26T16:35:02.918Z","sell","maker"
"0.04574000","895.00000000","2024-05-26T16:35:02.918Z","sell","maker"
"0.04574000","3055.00000000","2024-05-26T16:35:02.918Z","sell","maker"
"0.04574000","736.00000000","2024-05-26T16:35:02.918Z","sell","maker"
"0.04573000","2500.00000000","2024-05-26T16:35:02.918Z","sell","maker"
"0.04573000","736.00000000","2024-05-26T16:35:02.918Z","sell","maker"
"0.04572000","160.00000000","2024-05-26T16:35:02.918Z","sell","maker"
"0.04563000","3540.00000000","2024-05-26T16:29:18.536Z","buy","maker"
"0.04563000","2500.00000000","2024-05-26T16:29:18.536Z","buy","maker"
"0.04564000","160.00000000","2024-05-26T16:29:18.536Z","buy","maker"
"0.04564000","2500.00000000","2024-05-26T16:29:18.528Z","buy","maker"
"0.04564000","52896.00000000","2024-05-26T16:29:18.528Z","buy","maker"
"0.04564000","11280.00000000","2024-05-26T16:29:18.528Z","buy","maker"
"0.04565000","2500.00000000","2024-05-26T16:29:18.528Z","buy","maker"
"0.04564000","44938.00000000","2024-05-26T16:29:18.522Z","buy","maker"
"0.04565000","2500.00000000","2024-05-26T16:29:18.522Z","buy","maker"
"0.04569000","6362.00000000","2024-05-26T16:29:18.090Z","sell","maker"
"0.04569000","736.00000000","2024-05-26T16:29:18.090Z","sell","maker"
"0.04569000","2500.00000000","2024-05-26T16:29:18.090Z","sell","maker"
"0.04568000","3198.00000000","2024-05-26T16:29:18.090Z","sell","maker"
"0.04568000","736.00000000","2024-05-26T16:29:18.090Z","sell","maker"
"0.04568000","2500.00000000","2024-05-26T16:29:18.090Z","sell","maker"
"0.04567000","5312.00000000","2024-05-26T16:29:18.090Z","sell","maker"
"0.04568000","2500.00000000","2024-05-26T16:27:35.479Z","buy","maker"
"0.04570000","32066.00000000","2024-05-26T16:27:33.964Z","sell","maker"
"0.04570000","5473.00000000","2024-05-26T16:27:33.964Z","sell","maker"
"0.04570000","736.00000000","2024-05-26T16:27:33.964Z","sell","maker"
"0.04570000","2500.00000000","2024-05-26T16:27:33.964Z","sell","maker"
"0.04568000","4447.00000000","2024-05-26T16:27:31.526Z","sell","maker"
"0.04560000","282.00000000","2024-05-26T16:26:07.745Z","buy","maker"
"0.04557000","2500.00000000","2024-05-26T16:25:52.523Z","sell","maker"
"0.04564000","2500.00000000","2024-05-26T16:24:23.586Z","sell","maker"
"0.04564000","118.00000000","2024-05-26T16:24:23.586Z","sell","maker"
"0.04566000","25.00000000","2024-05-26T16:24:06.185Z","buy","maker"
"0.04566000","2500.00000000","2024-05-26T16:24:06.185Z","buy","maker"
"0.04556000","36.00000000","2024-05-26T16:21:00.844Z","sell","maker"
"0.04566000","2799.00000000","2024-05-26T16:17:13.907Z","buy","maker"
"0.04566000","1153.00000000","2024-05-26T16:17:13.251Z","buy","maker"
"0.04572000","987.00000000","2024-05-26T16:15:16.937Z","buy","maker"
"0.04573000","65.00000000","2024-05-26T16:15:16.937Z","buy","maker"
"0.04586000","103.00000000","2024-05-26T16:07:39.810Z","sell","maker"
"0.04581000","128.00000000","2024-05-26T16:07:18.015Z","buy","maker"
"0.04581000","6232.00000000","2024-05-26T16:07:18.015Z","buy","maker"
"0.04582000","167.00000000","2024-05-26T16:07:18.015Z","buy","maker"
"0.04590000","459.00000000","2024-05-26T16:04:13.155Z","sell","maker"
"0.04594000","187.00000000","2024-05-26T16:03:00.329Z","sell","maker"
"0.04594000","5256.00000000","2024-05-26T16:03:00.329Z","sell","maker"
"0.04594000","2500.00000000","2024-05-26T16:03:00.329Z","sell","maker"
"0.04593000","187.00000000","2024-05-26T16:03:00.329Z","sell","maker"
"0.04591000","4800.00000000","2024-05-26T16:02:49.884Z","buy","maker"
"0.04591000","2500.00000000","2024-05-26T16:02:49.884Z","buy","maker"
"0.04592000","2500.00000000","2024-05-26T16:02:49.872Z","buy","maker"
"0.04592000","4392.00000000","2024-05-26T16:02:49.872Z","buy","maker"
"0.04592000","42422.00000000","2024-05-26T16:02:49.867Z","buy","maker"
"0.04592000","736.00000000","2024-05-26T16:02:49.867Z","buy","maker"
"0.04593000","2500.00000000","2024-05-26T16:02:49.867Z","buy","maker"
"0.04595000","187.00000000","2024-05-26T16:02:21.986Z","buy","maker"
"0.04595000","2500.00000000","2024-05-26T16:02:21.986Z","buy","maker"
"0.04598000","2500.00000000","2024-05-26T16:02:17.475Z","sell","maker"
"0.04598000","3487.00000000","2024-05-26T16:02:17.466Z","sell","maker"
"0.04598000","2662.00000000","2024-05-26T16:02:17.466Z","sell","maker"
"0.04598000","2500.00000000","2024-05-26T16:02:17.466Z","sell","maker"
"0.04598000","736.00000000","2024-05-26T16:02:17.466Z","sell","maker"
"0.04590000","166.00000000","2024-05-26T16:02:05.514Z","sell","maker"
"0.04590000","182.00000000","2024-05-26T16:02:05.514Z","sell","maker"
"0.04593000","2500.00000000","2024-05-26T16:01:53.248Z","buy","maker"
"0.04593000","182.00000000","2024-05-26T16:01:53.248Z","buy","maker"
"0.04561000","170.00000000","2024-05-26T15:53:15.455Z","sell","maker"
"0.04559000","21.00000000","2024-05-26T15:52:11.182Z","sell","maker"
"0.04575000","170.00000000","2024-05-26T15:50:05.692Z","buy","maker"
"0.04576000","21.00000000","2024-05-26T15:49:38.254Z","sell","maker"
"0.04578000","1312.00000000","2024-05-26T15:49:21.921Z","sell","maker"
"0.04578000","2500.00000000","2024-05-26T15:49:21.921Z","sell","maker"
"0.04568000","2327.00000000","2024-05-26T15:48:43.028Z","sell","maker"
"0.04567000","163.00000000","2024-05-26T15:48:23.017Z","sell","maker"
"0.04567000","2500.00000000","2024-05-26T15:48:23.017Z","sell","maker"
"0.04568000","35.00000000","2024-05-26T15:48:20.696Z","sell","maker"
"0.04565000","4426.00000000","2024-05-26T15:48:19.519Z","buy","maker"
"0.04565000","4377.00000000","2024-05-26T15:48:19.519Z","buy","maker"
"0.04565000","736.00000000","2024-05-26T15:48:19.519Z","buy","maker"
"0.04565000","2500.00000000","2024-05-26T15:48:19.519Z","buy","maker"
"0.04565000","2000.00000000","2024-05-26T15:48:19.519Z","buy","maker"
"0.04566000","30.00000000","2024-05-26T15:48:19.519Z","buy","maker"
"0.04566000","5268.00000000","2024-05-26T15:48:19.519Z","buy","maker"
"0.04566000","2500.00000000","2024-05-26T15:48:19.519Z","buy","maker"
"0.04567000","163.00000000","2024-05-26T15:48:19.519Z","buy","maker"
"0.04571000","80.00000000","2024-05-26T15:48:16.546Z","buy","maker"
"0.04581000","2500.00000000","2024-05-26T15:47:13.735Z","sell","maker"
"0.04580000","127.00000000","2024-05-26T15:47:13.692Z","sell","maker"
"0.04580000","4470.00000000","2024-05-26T15:47:13.692Z","sell","maker"
"0.04580000","36.00000000","2024-05-26T15:47:08.655Z","sell","maker"
"0.04590000","22257.00000000","2024-05-26T15:46:40.016Z","buy","maker"
"0.04598000","21.00000000","2024-05-26T15:46:14.512Z","sell","maker"
"0.04599000","35.00000000","2024-05-26T15:46:08.619Z","sell","maker"
"0.04617000","21.00000000","2024-05-26T15:42:14.755Z","sell","maker"
"0.04616000","4611.00000000","2024-05-26T15:41:53.173Z","buy","maker"
"0.04616000","736.00000000","2024-05-26T15:41:53.173Z","buy","maker"
"0.04613000","11966.00000000","2024-05-26T15:40:44.844Z","buy","maker"
"0.04613000","617.00000000","2024-05-26T15:40:44.844Z","buy","maker"
"0.04613000","5509.00000000","2024-05-26T15:40:44.841Z","buy","maker"
"0.04614000","4459.00000000","2024-05-26T15:40:44.841Z","buy","maker"
"0.04618000","12583.00000000","2024-05-26T15:40:03.613Z","buy","maker"
"0.04618000","9968.00000000","2024-05-26T15:40:03.602Z","buy","maker"
"0.04619000","33272.00000000","2024-05-26T15:37:10.457Z","buy","maker"
"0.04617000","939.00000000","2024-05-26T15:36:35.952Z","buy","maker"
"0.04623000","26.00000000","2024-05-26T15:34:02.213Z","buy","maker"
"0.04623000","1440.00000000","2024-05-26T15:33:45.167Z","buy","maker"
"0.04623000","736.00000000","2024-05-26T15:33:45.167Z","buy","maker"
"0.04625000","149.00000000","2024-05-26T15:33:43.036Z","buy","maker"
"0.04618000","55.00000000","2024-05-26T15:32:55.817Z","buy","maker"
"0.04617000","2116.00000000","2024-05-26T15:31:38.940Z","sell","maker"
"0.04617000","2500.00000000","2024-05-26T15:31:38.940Z","sell","maker"
"0.04621000","70.00000000","2024-05-26T15:30:05.050Z","sell","maker"
"0.04622000","70.00000000","2024-05-26T15:30:04.049Z","sell","maker"
"0.04622000","35.00000000","2024-05-26T15:30:03.048Z","sell","maker"
"0.04622000","105.00000000","2024-05-26T15:30:02.047Z","sell","maker"
"0.04622000","210.00000000","2024-05-26T15:30:01.047Z","sell","maker"
"0.04622000","350.00000000","2024-05-26T15:30:00.046Z","sell","maker"
"0.04622000","350.00000000","2024-05-26T15:29:59.045Z","sell","maker"
"0.04622000","157.00000000","2024-05-26T15:29:58.046Z","sell","maker"
"0.04621000","157.00000000","2024-05-26T15:29:58.046Z","sell","maker"
"0.04621000","36.00000000","2024-05-26T15:29:58.046Z","sell","maker"
"0.04621000","44.00000000","2024-05-26T15:29:57.046Z","sell","maker"
"0.04620000","284.00000000","2024-05-26T15:28:38.847Z","buy","maker"
"0.04612000","38031.00000000","2024-05-26T15:27:28.018Z","buy","maker"
"0.04612000","736.00000000","2024-05-26T15:27:28.018Z","buy","maker"
"0.04613000","5254.00000000","2024-05-26T15:27:28.018Z","buy","maker"
"0.04613000","157.00000000","2024-05-26T15:27:25.926Z","buy","maker"
"0.04613000","736.00000000","2024-05-26T15:27:25.926Z","buy","maker"
"0.04613000","2500.00000000","2024-05-26T15:27:25.926Z","buy","maker"
"0.04609000","349.00000000","2024-05-26T15:26:17.526Z","buy","maker"
"0.04609000","946.00000000","2024-05-26T15:26:00.973Z","buy","maker"
"0.04611000","4386.00000000","2024-05-26T15:25:33.882Z","sell","maker"
"0.04611000","2500.00000000","2024-05-26T15:25:33.882Z","sell","maker"
"0.04610000","153.00000000","2024-05-26T15:25:33.882Z","sell","maker"
"0.04605000","12.00000000","2024-05-26T15:21:04.085Z","buy","maker"
"0.04606000","153.00000000","2024-05-26T15:21:04.085Z","buy","maker"
"0.04609000","2500.00000000","2024-05-26T15:17:36.019Z","sell","maker"
"0.04608000","178.00000000","2024-05-26T15:17:36.019Z","sell","maker"
"0.04606000","26.00000000","2024-05-26T15:17:31.715Z","buy","maker"
"0.04604000","3866.00000000","2024-05-26T15:17:29.389Z","buy","maker"
"0.04604000","24917.00000000","2024-05-26T15:17:29.381Z","buy","maker"
"0.04604000","736.00000000","2024-05-26T15:17:29.381Z","buy","maker"
"0.04605000","736.00000000","2024-05-26T15:17:29.381Z","buy","maker"
"0.04606000","3866.00000000","2024-05-26T15:17:22.992Z","buy","maker"
"0.04619000","736.00000000","2024-05-26T15:14:04.642Z","buy","maker"
"0.04614000","4419.00000000","2024-05-26T15:13:01.932Z","buy","maker"
"0.04615000","736.00000000","2024-05-26T15:12:53.926Z","buy","maker"
"0.04613000","736.00000000","2024-05-26T15:11:19.243Z","buy","maker"
"0.04614000","736.00000000","2024-05-26T15:11:19.128Z","buy","maker"
"0.04611000","21.00000000","2024-05-26T15:10:18.771Z","sell","maker"
"0.04619000","736.00000000","2024-05-26T15:09:27.263Z","buy","maker"
"0.04620000","6844.00000000","2024-05-26T15:07:08.674Z","sell","maker"
"0.04620000","10697.00000000","2024-05-26T15:07:08.667Z","sell","maker"
"0.04620000","1839.00000000","2024-05-26T15:06:51.514Z","sell","maker"
"0.04620000","2427.00000000","2024-05-26T15:06:51.509Z","sell","maker"
"0.04615000","24001.00000000","2024-05-26T15:05:45.003Z","buy","maker"
"0.04615000","736.00000000","2024-05-26T15:05:45.003Z","buy","maker"
"0.04616000","4029.00000000","2024-05-26T15:05:44.663Z","sell","maker"
"0.04612000","23.00000000","2024-05-26T15:04:20.948Z","buy","maker"
"0.04618000","586.00000000","2024-05-26T15:01:36.681Z","buy","maker"
"0.04618000","736.00000000","2024-05-26T15:01:15.707Z","buy","maker"
"0.04618000","2500.00000000","2024-05-26T15:01:15.707Z","buy","maker"
"0.04615000","26.00000000","2024-05-26T15:00:43.088Z","buy","maker"
"0.04617000","3.00000000","2024-05-26T15:00:11.454Z","buy","maker"
"0.04617000","36.00000000","2024-05-26T14:59:48.966Z","buy","maker"
"0.04615000","481.00000000","2024-05-26T14:59:37.418Z","buy","maker"
"0.04609000","152.00000000","2024-05-26T14:57:54.537Z","buy","maker"
"0.04610000","26.00000000","2024-05-26T14:54:04.450Z","buy","maker"
"0.04612000","22.00000000","2024-05-26T14:53:44.064Z","sell","maker"
"0.04608000","901.00000000","2024-05-26T14:53:11.858Z","sell","maker"
"0.04607000","154.00000000","2024-05-26T14:53:11.858Z","sell","maker"
"0.04607000","26.00000000","2024-05-26T14:47:44.422Z","buy","maker"
"0.04612000","154.00000000","2024-05-26T14:47:41.381Z","buy","maker"
"0.04614000","2500.00000000","2024-05-26T14:47:30.743Z","buy","maker"
"0.04614000","2500.00000000","2024-05-26T14:47:30.730Z","buy","maker"
"0.04606000","3257.00000000","2024-05-26T14:47:26.211Z","buy","maker"
"0.04606000","2000.00000000","2024-05-26T14:47:26.211Z","buy","maker"
"0.04606000","736.00000000","2024-05-26T14:47:26.211Z","buy","maker"
"0.04607000","736.00000000","2024-05-26T14:47:26.211Z","buy","maker"
"0.04608000","736.00000000","2024-05-26T14:47:26.211Z","buy","maker"
"0.04607000","174.00000000","2024-05-26T14:47:25.229Z","sell","maker"
"0.04607000","2500.00000000","2024-05-26T14:47:25.229Z","sell","maker"
"0.04604000","28.00000000","2024-05-26T14:47:11.681Z","buy","maker"
"0.04600000","187.00000000","2024-05-26T14:46:27.650Z","buy","maker"
"0.04592000","26.00000000","2024-05-26T14:45:38.764Z","buy","maker"
"0.04586000","9428.00000000","2024-05-26T14:43:42.547Z","buy","maker"
"0.04586000","736.00000000","2024-05-26T14:43:42.547Z","buy","maker"
"0.04587000","736.00000000","2024-05-26T14:43:42.547Z","buy","maker"
"0.04587000","148.00000000","2024-05-26T14:43:42.547Z","buy","maker"
"0.04588000","736.00000000","2024-05-26T14:41:41.012Z","buy","maker"
"0.04579000","26.00000000","2024-05-26T14:40:30.251Z","buy","maker"
"0.04582000","923.00000000","2024-05-26T14:39:54.646Z","buy","maker"
"0.04582000","161.00000000","2024-05-26T14:39:51.445Z","sell","maker"
"0.04580000","1452.00000000","2024-05-26T14:39:44.769Z","buy","maker"
"0.04580000","2500.00000000","2024-05-26T14:39:44.769Z","buy","maker"
"0.04581000","46814.00000000","2024-05-26T14:39:44.769Z","buy","maker"
"0.04581000","736.00000000","2024-05-26T14:39:44.769Z","buy","maker"
"0.04582000","736.00000000","2024-05-26T14:39:44.769Z","buy","maker"
"0.04577000","2476.00000000","2024-05-26T14:38:22.906Z","buy","maker"
"0.04577000","4366.00000000","2024-05-26T14:38:22.906Z","buy","maker"
"0.04577000","2500.00000000","2024-05-26T14:38:22.906Z","buy","maker"
"0.04577000","736.00000000","2024-05-26T14:38:22.906Z","buy","maker"
"0.04578000","4410.00000000","2024-05-26T14:38:22.906Z","buy","maker"
"0.04578000","161.00000000","2024-05-26T14:38:22.906Z","buy","maker"
"0.04578000","736.00000000","2024-05-26T14:38:22.906Z","buy","maker"
"0.04581000","2500.00000000","2024-05-26T14:38:18.982Z","sell","maker"
"0.04579000","2162.00000000","2024-05-26T14:33:46.241Z","sell","maker"
"0.04576000","26.00000000","2024-05-26T14:33:31.233Z","buy","maker"
"0.04577000","2334.00000000","2024-05-26T14:31:20.545Z","sell","maker"
"0.04577000","4486.00000000","2024-05-26T14:31:20.545Z","sell","maker"
"0.04574000","164.00000000","2024-05-26T14:31:17.318Z","sell","maker"
"0.04574000","2500.00000000","2024-05-26T14:31:17.318Z","sell","maker"
"0.04571000","404.00000000","2024-05-26T14:29:06.405Z","buy","maker"
"0.04584000","736.00000000","2024-05-26T14:26:47.122Z","buy","maker"
"0.04585000","736.00000000","2024-05-26T14:26:46.287Z","buy","maker"
"0.04586000","736.00000000","2024-05-26T14:26:16.508Z","buy","maker"
"0.04584000","26.00000000","2024-05-26T14:24:08.411Z","buy","maker"
"0.04588000","65492.00000000","2024-05-26T14:16:39.542Z","buy","maker"
"0.04589000","3910.00000000","2024-05-26T14:16:39.542Z","buy","maker"
"0.04590000","65498.00000000","2024-05-26T14:16:39.542Z","buy","maker"
"0.04591000","736.00000000","2024-05-26T14:16:39.542Z","buy","maker"
"0.04591000","9910.00000000","2024-05-26T14:16:39.542Z","buy","maker"
"0.04591000","2500.00000000","2024-05-26T14:16:39.542Z","buy","maker"
"0.04591000","97448.00000000","2024-05-26T14:16:39.542Z","buy","maker"
"0.04592000","7825.00000000","2024-05-26T14:16:39.542Z","buy","maker"
"0.04592000","2500.00000000","2024-05-26T14:16:39.542Z","buy","maker"
"0.04592000","736.00000000","2024-05-26T14:16:39.542Z","buy","maker"
"0.04595000","3819.00000000","2024-05-26T14:15:50.389Z","buy","maker"
"0.04595000","736.00000000","2024-05-26T14:15:50.389Z","buy","maker"
"0.04596000","162.00000000","2024-05-26T14:15:50.389Z","buy","maker"
"0.04593000","320.00000000","2024-05-26T14:12:52.072Z","sell","maker"
"0.04593000","18439.00000000","2024-05-26T14:11:41.463Z","buy","maker"
"0.04593000","2500.00000000","2024-05-26T14:11:41.463Z","buy","maker"
"0.04593000","21.00000000","2024-05-26T14:10:35.996Z","sell","maker"
"0.04586000","2500.00000000","2024-05-26T14:05:07.368Z","buy","maker"
"0.04587000","27.00000000","2024-05-26T14:05:04.591Z","buy","maker"
"0.04591000","26.00000000","2024-05-26T14:03:36.694Z","buy","maker"
"0.04590000","171.00000000","2024-05-26T14:02:58.360Z","buy","maker"
"0.04590000","2500.00000000","2024-05-26T14:02:58.350Z","buy","maker"
"0.04591000","172.00000000","2024-05-26T14:02:58.350Z","buy","maker"
"0.04591000","2500.00000000","2024-05-26T14:02:58.350Z","buy","maker"
"0.04594000","1372.00000000","2024-05-26T14:02:53.753Z","sell","maker"
"0.04594000","736.00000000","2024-05-26T14:02:53.753Z","sell","maker"
"0.04594000","2500.00000000","2024-05-26T14:02:53.753Z","sell","maker"
"0.04594000","4481.00000000","2024-05-26T14:02:53.753Z","sell","maker"
"0.04593000","167.00000000","2024-05-26T14:02:53.753Z","sell","maker"
"0.04593000","5278.00000000","2024-05-26T14:02:53.753Z","sell","maker"
"0.04591000","36.00000000","2024-05-26T14:01:24.926Z","buy","maker"
"0.04576000","458.00000000","2024-05-26T13:59:07.780Z","buy","maker"
"0.04576000","2500.00000000","2024-05-26T13:59:07.780Z","buy","maker"
"0.04577000","2500.00000000","2024-05-26T13:59:07.780Z","buy","maker"
"0.04579000","167.00000000","2024-05-26T13:58:03.929Z","buy","maker"
"0.04581000","4421.00000000","2024-05-26T13:57:51.879Z","sell","maker"
"0.04581000","5014.00000000","2024-05-26T13:57:51.879Z","sell","maker"
"0.04580000","22726.00000000","2024-05-26T13:57:51.874Z","sell","maker"
"0.04579000","1.00000000","2024-05-26T13:57:51.867Z","sell","maker"
"0.04579000","4599.00000000","2024-05-26T13:57:51.867Z","sell","maker"
"0.04578000","736.00000000","2024-05-26T13:57:51.867Z","sell","maker"
"0.04578000","355.00000000","2024-05-26T13:57:51.867Z","sell","maker"
"0.04577000","5465.00000000","2024-05-26T13:57:51.867Z","sell","maker"
"0.04577000","736.00000000","2024-05-26T13:57:51.867Z","sell","maker"
"0.04576000","736.00000000","2024-05-26T13:57:51.867Z","sell","maker"
"0.04571000","1209.00000000","2024-05-26T13:55:41.207Z","sell","maker"
"0.04571000","4466.00000000","2024-05-26T13:55:41.207Z","sell","maker"
"0.04571000","2532.00000000","2024-05-26T13:55:41.207Z","sell","maker"
"0.04570000","2500.00000000","2024-05-26T13:55:41.207Z","sell","maker"
"0.04570000","2500.00000000","2024-05-26T13:55:41.201Z","sell","maker"
"0.04570000","2500.00000000","2024-05-26T13:55:41.191Z","sell","maker"
"0.04570000","2500.00000000","2024-05-26T13:55:41.182Z","sell","maker"
"0.04568000","2500.00000000","2024-05-26T13:55:41.179Z","sell","maker"
"0.04569000","2500.00000000","2024-05-26T13:55:41.178Z","sell","maker"
"0.04568000","736.00000000","2024-05-26T13:55:41.174Z","sell","maker"
"0.04568000","2500.00000000","2024-05-26T13:55:41.174Z","sell","maker"
"0.04568000","5476.00000000","2024-05-26T13:55:41.174Z","sell","maker"
"0.04567000","153.00000000","2024-05-26T13:55:41.174Z","sell","maker"
"0.04567000","736.00000000","2024-05-26T13:55:41.174Z","sell","maker"
"0.04565000","21.00000000","2024-05-26T13:53:43.280Z","sell","maker"
"0.04563000","365.00000000","2024-05-26T13:52:25.243Z","buy","maker"
"0.04564000","3000.00000000","2024-05-26T13:52:25.243Z","buy","maker"
"0.04564000","4684.00000000","2024-05-26T13:52:25.243Z","buy","maker"
"0.04568000","98.00000000","2024-05-26T13:51:09.345Z","sell","maker"
"0.04568000","2712.00000000","2024-05-26T13:46:22.261Z","buy","maker"
"0.04562000","10913.00000000","2024-05-26T13:45:37.378Z","buy","maker"
"0.04562000","4416.00000000","2024-05-26T13:45:37.378Z","buy","maker"
"0.04561000","21.00000000","2024-05-26T13:45:23.935Z","sell","maker"
"0.04554000","36.00000000","2024-05-26T13:41:41.233Z","sell","maker"
"0.04555000","949.00000000","2024-05-26T13:41:38.965Z","buy","maker"
"0.04555000","28.00000000","2024-05-26T13:41:36.449Z","buy","maker"
"0.04563000","29.00000000","2024-05-26T13:38:18.193Z","buy","maker"
"0.04570000","99.00000000","2024-05-26T13:36:11.021Z","buy","maker"
"0.04571000","736.00000000","2024-05-26T13:36:00.676Z","buy","maker"
"0.04571000","2500.00000000","2024-05-26T13:36:00.676Z","buy","maker"
"0.04571000","80.00000000","2024-05-26T13:36:00.676Z","buy","maker"
"0.04572000","2500.00000000","2024-05-26T13:36:00.676Z","buy","maker"
"0.04572000","1968.00000000","2024-05-26T13:35:37.353Z","buy","maker"
"0.04572000","736.00000000","2024-05-26T13:35:37.353Z","buy","maker"
"0.04572000","30000.00000000","2024-05-26T13:35:37.353Z","buy","maker"
"0.04573000","169.00000000","2024-05-26T13:35:37.353Z","buy","maker"
"0.04573000","2500.00000000","2024-05-26T13:35:37.353Z","buy","maker"
"0.04575000","26.00000000","2024-05-26T13:33:42.625Z","buy","maker"
"0.04576000","5.00000000","2024-05-26T13:33:36.678Z","buy","maker"
"0.04577000","465.00000000","2024-05-26T13:32:40.564Z","sell","maker"
"0.04577000","195.00000000","2024-05-26T13:32:31.054Z","sell","maker"
"0.04580000","7.00000000","2024-05-26T13:29:20.102Z","buy","maker"
"0.04592000","2213.00000000","2024-05-26T13:23:02.190Z","sell","maker"
"0.04592000","3232.00000000","2024-05-26T13:23:02.181Z","sell","maker"
"0.04592000","736.00000000","2024-05-26T13:23:02.181Z","sell","maker"
"0.04592000","2500.00000000","2024-05-26T13:23:02.181Z","sell","maker"
"0.04585000","1917.00000000","2024-05-26T13:18:39.302Z","sell","maker"
"0.04585000","161.00000000","2024-05-26T13:18:39.302Z","sell","maker"
"0.04585000","6138.00000000","2024-05-26T13:16:38.497Z","sell","maker"
"0.04585000","20000.00000000","2024-05-26T13:16:38.493Z","sell","maker"
"0.04585000","21.00000000","2024-05-26T13:15:18.427Z","sell","maker"
"0.04587000","1807.00000000","2024-05-26T13:12:12.242Z","buy","maker"
"0.04592000","8666.00000000","2024-05-26T13:12:05.211Z","buy","maker"
"0.04590000","2832.00000000","2024-05-26T13:06:58.396Z","buy","maker"
"0.04593000","21.00000000","2024-05-26T13:02:15.183Z","sell","maker"
"0.04585000","277.00000000","2024-05-26T12:57:57.841Z","buy","maker"
"0.04583000","4429.00000000","2024-05-26T12:50:48.030Z","sell","maker"
"0.04583000","2500.00000000","2024-05-26T12:50:48.015Z","buy","maker"
"0.04583000","11511.00000000","2024-05-26T12:50:48.015Z","buy","maker"
"0.04583000","939.00000000","2024-05-26T12:50:48.015Z","buy","maker"
"0.04583000","4399.00000000","2024-05-26T12:50:48.015Z","buy","maker"
"0.04586000","29899.00000000","2024-05-26T12:49:35.567Z","buy","maker"
"0.04586000","5635.00000000","2024-05-26T12:49:35.567Z","buy","maker"
"0.04587000","4460.00000000","2024-05-26T12:49:35.567Z","buy","maker"
"0.04592000","564.00000000","2024-05-26T12:46:31.460Z","buy","maker"
"0.04593000","332.00000000","2024-05-26T12:43:26.267Z","buy","maker"
"0.04590000","4237.00000000","2024-05-26T12:42:32.540Z","sell","maker"
"0.04576000","5137.00000000","2024-05-26T12:35:29.157Z","buy","maker"
"0.04576000","32765.00000000","2024-05-26T12:35:27.767Z","buy","maker"
"0.04576000","25.00000000","2024-05-26T12:35:04.790Z","buy","maker"
"0.04577000","146.00000000","2024-05-26T12:35:04.790Z","buy","maker"
"0.04581000","27127.00000000","2024-05-26T12:27:20.167Z","sell","maker"
"0.04581000","2500.00000000","2024-05-26T12:27:20.167Z","sell","maker"
"0.04581000","736.00000000","2024-05-26T12:27:20.167Z","sell","maker"
"0.04579000","25.00000000","2024-05-26T12:27:03.278Z","buy","maker"
"0.04576000","29.00000000","2024-05-26T12:18:14.232Z","buy","maker"
"0.04581000","36.00000000","2024-05-26T12:15:33.172Z","sell","maker"
"0.04596000","3.00000000","2024-05-26T12:05:52.300Z","buy","maker"
"0.04591000","736.00000000","2024-05-26T12:04:05.271Z","sell","maker"
"0.04590000","155.00000000","2024-05-26T12:03:47.089Z","sell","maker"
"0.04590000","2500.00000000","2024-05-26T12:03:47.089Z","sell","maker"
"0.04589000","2051.00000000","2024-05-26T12:03:44.331Z","buy","maker"
"0.04590000","957.00000000","2024-05-26T12:03:44.331Z","buy","maker"
"0.04590000","3145.00000000","2024-05-26T12:03:44.327Z","buy","maker"
"0.04591000","10081.00000000","2024-05-26T12:03:44.327Z","buy","maker"
"0.04591000","2500.00000000","2024-05-26T12:03:44.320Z","buy","maker"
"0.04591000","9995.00000000","2024-05-26T12:03:44.314Z","buy","maker"
"0.04591000","5.00000000","2024-05-26T12:03:44.314Z","buy","maker"
"0.04595000","2500.00000000","2024-05-26T12:03:44.312Z","buy","maker"
"0.04592000","2500.00000000","2024-05-26T12:03:44.306Z","buy","maker"
"0.04592000","500.00000000","2024-05-26T12:03:44.306Z","buy","maker"
"0.04593000","736.00000000","2024-05-26T12:03:44.306Z","buy","maker"
"0.04593000","3000.00000000","2024-05-26T12:03:44.306Z","buy","maker"
"0.04594000","4600.00000000","2024-05-26T12:03:44.306Z","buy","maker"
"0.04594000","4349.00000000","2024-05-26T12:03:44.306Z","buy","maker"
"0.04594000","2500.00000000","2024-05-26T12:03:44.306Z","buy","maker"
"0.04594000","736.00000000","2024-05-26T12:03:44.306Z","buy","maker"
"0.04595000","2500.00000000","2024-05-26T12:03:44.306Z","buy","maker"
"0.04599000","2500.00000000","2024-05-26T12:03:42.304Z","buy","maker"
"0.04603000","369.00000000","2024-05-26T11:58:49.702Z","buy","maker"
"0.04603000","736.00000000","2024-05-26T11:58:49.702Z","buy","maker"
"0.04604000","736.00000000","2024-05-26T11:58:49.702Z","buy","maker"
"0.04604000","659.00000000","2024-05-26T11:58:49.702Z","buy","maker"
"0.04604000","1841.00000000","2024-05-26T11:58:49.694Z","buy","maker"
"0.04605000","2500.00000000","2024-05-26T11:58:49.694Z","buy","maker"
"0.04605000","45864.00000000","2024-05-26T11:58:49.690Z","buy","maker"
"0.04605000","950.00000000","2024-05-26T11:58:49.689Z","buy","maker"
"0.04605000","736.00000000","2024-05-26T11:58:49.689Z","buy","maker"
"0.04605000","2500.00000000","2024-05-26T11:58:49.689Z","buy","maker"
"0.04606000","155.00000000","2024-05-26T11:58:49.689Z","buy","maker"
"0.04602000","235.00000000","2024-05-26T11:58:11.353Z","buy","maker"
"0.04599000","91.00000000","2024-05-26T11:52:36.903Z","buy","maker"
"0.04600000","26.00000000","2024-05-26T11:46:53.515Z","buy","maker"
"0.04600000","2500.00000000","2024-05-26T11:46:48.600Z","sell","maker"
"0.04599000","1834.00000000","2024-05-26T11:46:48.591Z","sell","maker"
"0.04599000","44980.00000000","2024-05-26T11:46:48.591Z","sell","maker"
"0.04599000","2400.00000000","2024-05-26T11:46:48.591Z","sell","maker"
"0.04599000","100.00000000","2024-05-26T11:46:43.911Z","sell","maker"
"0.04594000","3808.00000000","2024-05-26T11:45:54.473Z","buy","maker"
"0.04600000","31.00000000","2024-05-26T11:41:19.148Z","buy","maker"
"0.04604000","115.00000000","2024-05-26T11:40:43.902Z","sell","maker"
"0.04605000","348.00000000","2024-05-26T11:40:19.545Z","sell","maker"
"0.04604000","5432.00000000","2024-05-26T11:40:19.545Z","sell","maker"
"0.04604000","736.00000000","2024-05-26T11:40:19.545Z","sell","maker"
"0.04604000","2500.00000000","2024-05-26T11:40:19.545Z","sell","maker"
"0.04603000","2500.00000000","2024-05-26T11:40:19.545Z","sell","maker"
"0.04603000","146.00000000","2024-05-26T11:40:19.545Z","sell","maker"
"0.04607000","118.00000000","2024-05-26T11:37:23.502Z","buy","maker"
"0.04613000","28.00000000","2024-05-26T11:32:34.473Z","buy","maker"
"0.04614000","503.00000000","2024-05-26T11:31:25.980Z","sell","maker"
"0.04615000","2500.00000000","2024-05-26T11:28:07.941Z","sell","maker"
"0.04611000","160.00000000","2024-05-26T11:19:30.976Z","sell","maker"
"0.04617000","26.00000000","2024-05-26T11:17:24.431Z","buy","maker"
"0.04620000","27.00000000","2024-05-26T11:16:24.610Z","buy","maker"
"0.04615000","2500.00000000","2024-05-26T11:15:41.383Z","buy","maker"
"0.04615000","2500.00000000","2024-05-26T11:15:41.372Z","buy","maker"
"0.04616000","2500.00000000","2024-05-26T11:15:41.361Z","buy","maker"
"0.04616000","4900.00000000","2024-05-26T11:15:41.361Z","buy","maker"
"0.04617000","2500.00000000","2024-05-26T11:15:41.361Z","buy","maker"
"0.04617000","3000.00000000","2024-05-26T11:15:41.353Z","buy","maker"
"0.04617000","2500.00000000","2024-05-26T11:15:41.353Z","buy","maker"
"0.04617000","736.00000000","2024-05-26T11:15:41.353Z","buy","maker"
"0.04618000","4327.00000000","2024-05-26T11:15:41.353Z","buy","maker"
"0.04618000","736.00000000","2024-05-26T11:15:41.353Z","buy","maker"
"0.04618000","2500.00000000","2024-05-26T11:15:41.353Z","buy","maker"
"0.04627000","160.00000000","2024-05-26T11:13:40.747Z","buy","maker"
"0.04627000","2500.00000000","2024-05-26T11:13:40.747Z","buy","maker"
"0.04630000","2500.00000000","2024-05-26T11:13:02.133Z","sell","maker"
"0.04631000","736.00000000","2024-05-26T11:13:02.126Z","sell","maker"
"0.04631000","4600.00000000","2024-05-26T11:13:02.126Z","sell","maker"
"0.04630000","736.00000000","2024-05-26T11:13:02.126Z","sell","maker"
"0.04630000","5403.00000000","2024-05-26T11:13:02.126Z","sell","maker"
"0.04630000","446.00000000","2024-05-26T11:13:02.126Z","sell","maker"
"0.04630000","2500.00000000","2024-05-26T11:13:02.126Z","sell","maker"
"0.04630000","3000.00000000","2024-05-26T11:13:02.126Z","sell","maker"
"0.04629000","2500.00000000","2024-05-26T11:13:02.126Z","sell","maker"
"0.04627000","160.00000000","2024-05-26T11:12:46.287Z","sell","maker"
"0.04624000","157.00000000","2024-05-26T11:12:01.787Z","buy","maker"
"0.04624000","1806.00000000","2024-05-26T11:12:00.158Z","sell","maker"
"0.04624000","1109.00000000","2024-05-26T11:12:00.040Z","sell","maker"
"0.04624000","1806.00000000","2024-05-26T11:12:00.030Z","sell","maker"
"0.04624000","1762.00000000","2024-05-26T11:11:59.977Z","sell","maker"
"0.04624000","3791.00000000","2024-05-26T11:11:59.915Z","sell","maker"
"0.04622000","2500.00000000","2024-05-26T11:11:58.027Z","sell","maker"
"0.04622000","1764.00000000","2024-05-26T11:11:58.027Z","sell","maker"
"0.04622000","1936.00000000","2024-05-26T11:11:58.022Z","sell","maker"
"0.04621000","2500.00000000","2024-05-26T11:11:58.022Z","sell","maker"
"0.04621000","736.00000000","2024-05-26T11:11:58.021Z","sell","maker"
"0.04621000","22533.00000000","2024-05-26T11:11:58.021Z","sell","maker"
"0.04620000","2500.00000000","2024-05-26T11:11:58.018Z","sell","maker"
"0.04619000","483.00000000","2024-05-26T11:11:58.018Z","sell","maker"
"0.04619000","2500.00000000","2024-05-26T11:11:58.018Z","sell","maker"
"0.04609000","4300.00000000","2024-05-26T11:09:02.183Z","buy","maker"
"0.04611000","7274.00000000","2024-05-26T11:09:02.162Z","buy","maker"
"0.04611000","736.00000000","2024-05-26T11:09:02.162Z","buy","maker"
"0.04616000","3600.00000000","2024-05-26T11:08:16.216Z","buy","maker"
"0.04615000","22193.00000000","2024-05-26T11:08:16.120Z","buy","maker"
"0.04618000","162.00000000","2024-05-26T11:08:16.107Z","buy","maker"
"0.04616000","10000.00000000","2024-05-26T11:08:16.096Z","buy","maker"
"0.04617000","2500.00000000","2024-05-26T11:08:16.093Z","buy","maker"
"0.04617000","4100.00000000","2024-05-26T11:08:16.093Z","buy","maker"
"0.04618000","2500.00000000","2024-05-26T11:08:16.093Z","buy","maker"
"0.04619000","162.00000000","2024-05-26T11:08:16.093Z","buy","maker"
"0.04619000","2500.00000000","2024-05-26T11:08:16.093Z","buy","maker"
"0.04618000","26933.00000000","2024-05-26T11:08:16.088Z","buy","maker"
"0.04618000","2500.00000000","2024-05-26T11:08:16.088Z","buy","maker"
"0.04619000","162.00000000","2024-05-26T11:08:16.088Z","buy","maker"
"0.04619000","2500.00000000","2024-05-26T11:08:16.088Z","buy","maker"
"0.04625000","14.00000000","2024-05-26T11:07:18.192Z","sell","maker"
"0.04631000","2500.00000000","2024-05-26T11:06:52.991Z","sell","maker"
"0.04632000","14616.00000000","2024-05-26T11:06:52.972Z","sell","maker"
"0.04632000","4437.00000000","2024-05-26T11:06:52.972Z","sell","maker"
"0.04632000","736.00000000","2024-05-26T11:06:52.972Z","sell","maker"
"0.04632000","2500.00000000","2024-05-26T11:06:52.972Z","sell","maker"
"0.04631000","160.00000000","2024-05-26T11:06:52.972Z","sell","maker"
"0.04631000","8505.00000000","2024-05-26T11:06:52.969Z","sell","maker"
"0.04631000","2500.00000000","2024-05-26T11:06:52.969Z","sell","maker"
"0.04630000","160.00000000","2024-05-26T11:06:52.969Z","sell","maker"
"0.04624000","2632.00000000","2024-05-26T11:05:11.682Z","buy","maker"
"0.04624000","3000.00000000","2024-05-26T11:05:11.682Z","buy","maker"
"0.04624000","736.00000000","2024-05-26T11:05:11.682Z","buy","maker"
"0.04616000","2500.00000000","2024-05-26T11:03:04.647Z","buy","maker"
"0.04622000","4325.00000000","2024-05-26T11:02:36.486Z","buy","maker"
"0.04622000","160.00000000","2024-05-26T11:02:36.486Z","buy","maker"
"0.04622000","2500.00000000","2024-05-26T11:02:36.486Z","buy","maker"
"0.04625000","821.00000000","2024-05-26T11:01:40.643Z","sell","maker"
"0.04619000","4100.00000000","2024-05-26T11:01:27.338Z","sell","maker"
"0.04619000","2795.00000000","2024-05-26T11:01:27.338Z","sell","maker"
"0.04619000","5414.00000000","2024-05-26T11:01:27.338Z","sell","maker"
"0.04619000","736.00000000","2024-05-26T11:01:27.338Z","sell","maker"
"0.04618000","65.00000000","2024-05-26T11:01:27.338Z","sell","maker"
"0.04618000","671.00000000","2024-05-26T11:01:27.337Z","sell","maker"
"0.04618000","2500.00000000","2024-05-26T11:01:27.337Z","sell","maker"
"0.04617000","736.00000000","2024-05-26T11:01:27.337Z","sell","maker"
"0.04617000","2500.00000000","2024-05-26T11:01:27.337Z","sell","maker"
"0.04616000","2500.00000000","2024-05-26T11:01:27.337Z","sell","maker"
"0.04616000","158.00000000","2024-05-26T11:01:27.337Z","sell","maker"
"0.04614000","66.00000000","2024-05-26T11:01:27.337Z","sell","maker"
"0.04614000","156.00000000","2024-05-26T11:01:14.710Z","buy","maker"
"0.04612000","29.00000000","2024-05-26T10:59:59.030Z","buy","maker"
"0.04615000","21.00000000","2024-05-26T10:59:06.070Z","sell","maker"
"0.04614000","2500.00000000","2024-05-26T10:57:19.164Z","sell","maker"
"0.04616000","2184.00000000","2024-05-26T10:56:05.540Z","sell","maker"
"0.04616000","736.00000000","2024-05-26T10:56:05.540Z","sell","maker"
"0.04615000","316.00000000","2024-05-26T10:56:05.540Z","sell","maker"
"0.04618000","713.00000000","2024-05-26T10:55:47.848Z","buy","maker"
"0.04619000","39844.00000000","2024-05-26T10:55:47.785Z","buy","maker"
"0.04621000","156.00000000","2024-05-26T10:55:47.785Z","buy","maker"
"0.04620000","22249.00000000","2024-05-26T10:55:47.777Z","buy","maker"
"0.04620000","2500.00000000","2024-05-26T10:55:47.777Z","buy","maker"
"0.04621000","156.00000000","2024-05-26T10:55:47.777Z","buy","maker"
"0.04621000","2500.00000000","2024-05-26T10:55:47.777Z","buy","maker"
"0.04622000","2500.00000000","2024-05-26T10:55:46.567Z","buy","maker"
"0.04622000","2500.00000000","2024-05-26T10:55:46.558Z","buy","maker"
"0.04622000","2500.00000000","2024-05-26T10:55:46.549Z","buy","maker"
"0.04623000","2500.00000000","2024-05-26T10:55:26.676Z","sell","maker"
"0.04624000","736.00000000","2024-05-26T10:55:26.672Z","sell","maker"
"0.04622000","2500.00000000","2024-05-26T10:55:26.672Z","sell","maker"
"0.04623000","2500.00000000","2024-05-26T10:55:26.671Z","sell","maker"
"0.04623000","4759.00000000","2024-05-26T10:55:26.667Z","sell","maker"
"0.04622000","2500.00000000","2024-05-26T10:55:26.667Z","sell","maker"
"0.04622000","704.00000000","2024-05-26T10:55:26.667Z","sell","maker"
"0.04623000","736.00000000","2024-05-26T10:54:54.449Z","buy","maker"
"0.04624000","736.00000000","2024-05-26T10:54:54.425Z","buy","maker"
"0.04625000","736.00000000","2024-05-26T10:54:54.385Z","buy","maker"
"0.04629000","2207.00000000","2024-05-26T10:54:48.426Z","buy","maker"
"0.04630000","8917.00000000","2024-05-26T10:54:48.422Z","buy","maker"
"0.04631000","4459.00000000","2024-05-26T10:54:48.411Z","buy","maker"
"0.04632000","2229.00000000","2024-05-26T10:54:48.358Z","buy","maker"
"0.04633000","2500.00000000","2024-05-26T10:54:47.349Z","buy","maker"
"0.04633000","2500.00000000","2024-05-26T10:54:47.341Z","buy","maker"
"0.04633000","2500.00000000","2024-05-26T10:54:47.332Z","buy","maker"
"0.04633000","2500.00000000","2024-05-26T10:54:47.323Z","buy","maker"
"0.04634000","2500.00000000","2024-05-26T10:54:47.318Z","buy","maker"
"0.04634000","736.00000000","2024-05-26T10:54:47.318Z","buy","maker"
"0.04635000","736.00000000","2024-05-26T10:54:45.939Z","buy","maker"
"0.04635000","2500.00000000","2024-05-26T10:54:45.939Z","buy","maker"
"0.04636000","736.00000000","2024-05-26T10:54:45.913Z","buy","maker"
"0.04640000","223.00000000","2024-05-26T10:54:44.885Z","sell","maker"
"0.04637000","2500.00000000","2024-05-26T10:54:44.885Z","sell","maker"
"0.04636000","2500.00000000","2024-05-26T10:54:44.885Z","sell","maker"
"0.04636000","977.00000000","2024-05-26T10:54:44.885Z","sell","maker"
"0.04636000","3723.00000000","2024-05-26T10:54:44.879Z","sell","maker"
"0.04636000","2500.00000000","2024-05-26T10:54:44.879Z","sell","maker"
"0.04636000","977.00000000","2024-05-26T10:54:44.879Z","sell","maker"
"0.04635000","2500.00000000","2024-05-26T10:54:44.878Z","sell","maker"
"0.04635000","1866.00000000","2024-05-26T10:54:44.869Z","sell","maker"
"0.04635000","1134.00000000","2024-05-26T10:54:44.869Z","sell","maker"
"0.04635000","2500.00000000","2024-05-26T10:54:44.869Z","sell","maker"
"0.04634000","2500.00000000","2024-05-26T10:54:44.869Z","sell","maker"
"0.04634000","3000.00000000","2024-05-26T10:54:44.869Z","sell","maker"
"0.04631000","2500.00000000","2024-05-26T10:54:42.560Z","buy","maker"
"0.04631000","2500.00000000","2024-05-26T10:54:42.551Z","buy","maker"
"0.04631000","2500.00000000","2024-05-26T10:54:41.832Z","buy","maker"
"0.04631000","2500.00000000","2024-05-26T10:54:41.820Z","buy","maker"
"0.04631000","736.00000000","2024-05-26T10:54:41.820Z","buy","maker"
"0.04632000","736.00000000","2024-05-26T10:54:41.106Z","buy","maker"
"0.04629000","5.00000000","2024-05-26T10:54:40.547Z","buy","maker"
"0.04630000","2500.00000000","2024-05-26T10:54:40.035Z","sell","maker"
"0.04630000","1700.00000000","2024-05-26T10:54:40.035Z","sell","maker"
"0.04630000","2500.00000000","2024-05-26T10:54:40.035Z","sell","maker"
"0.04629000","2500.00000000","2024-05-26T10:54:39.952Z","sell","maker"
"0.04624000","700.00000000","2024-05-26T10:54:39.064Z","buy","maker"
"0.04625000","26814.00000000","2024-05-26T10:54:39.056Z","buy","maker"
"0.04625000","20000.00000000","2024-05-26T10:54:39.056Z","buy","maker"
"0.04626000","30000.00000000","2024-05-26T10:54:38.375Z","buy","maker"
"0.04624000","36.00000000","2024-05-26T10:54:37.309Z","buy","maker"
"0.04623000","4324.00000000","2024-05-26T10:54:36.454Z","buy","maker"
"0.04623000","4324.00000000","2024-05-26T10:54:36.246Z","buy","maker"
"0.04623000","4323.00000000","2024-05-26T10:54:36.026Z","buy","maker"
"0.04623000","4324.00000000","2024-05-26T10:54:35.806Z","buy","maker"
"0.04624000","155.00000000","2024-05-26T10:54:35.806Z","buy","maker"
"0.04623000","4324.00000000","2024-05-26T10:54:35.585Z","buy","maker"
"0.04623000","155.00000000","2024-05-26T10:54:35.585Z","buy","maker"
"0.04623000","4323.00000000","2024-05-26T10:54:35.352Z","buy","maker"
"0.04624000","155.00000000","2024-05-26T10:54:35.352Z","buy","maker"
"0.04624000","2500.00000000","2024-05-26T10:54:35.279Z","buy","maker"
"0.04624000","155.00000000","2024-05-26T10:54:35.279Z","buy","maker"
"0.04624000","2500.00000000","2024-05-26T10:54:35.271Z","buy","maker"
"0.04624000","2500.00000000","2024-05-26T10:54:35.263Z","buy","maker"
"0.04624000","155.00000000","2024-05-26T10:54:35.263Z","buy","maker"
"0.04624000","2500.00000000","2024-05-26T10:54:35.254Z","buy","maker"
"0.04624000","30000.00000000","2024-05-26T10:54:35.253Z","buy","maker"
"0.04624000","2500.00000000","2024-05-26T10:54:35.245Z","buy","maker"
"0.04624000","155.00000000","2024-05-26T10:54:35.245Z","buy","maker"
"0.04621000","80.00000000","2024-05-26T10:54:35.061Z","sell","maker"
"0.04615000","2500.00000000","2024-05-26T10:54:32.137Z","sell","maker"
"0.04614000","465.00000000","2024-05-26T10:54:32.137Z","sell","maker"
"0.04611000","2500.00000000","2024-05-26T10:54:27.399Z","buy","maker"
"0.04611000","2500.00000000","2024-05-26T10:54:27.390Z","buy","maker"
"0.04616000","2500.00000000","2024-05-26T10:54:24.940Z","sell","maker"
"0.04616000","3000.00000000","2024-05-26T10:54:24.940Z","sell","maker"
"0.04616000","5767.00000000","2024-05-26T10:54:24.940Z","sell","maker"
"0.04615000","2500.00000000","2024-05-26T10:54:24.940Z","sell","maker"
"0.04615000","5407.00000000","2024-05-26T10:54:24.940Z","sell","maker"
"0.04615000","3000.00000000","2024-05-26T10:54:24.940Z","sell","maker"
"0.04613000","156.00000000","2024-05-26T10:54:24.352Z","buy","maker"
"0.04613000","2500.00000000","2024-05-26T10:54:24.352Z","buy","maker"
"0.04614000","2500.00000000","2024-05-26T10:54:23.040Z","buy","maker"
"0.04615000","156.00000000","2024-05-26T10:54:23.040Z","buy","maker"
"0.04618000","2500.00000000","2024-05-26T10:54:22.411Z","sell","maker"
"0.04618000","3000.00000000","2024-05-26T10:54:22.411Z","sell","maker"
"0.04617000","2500.00000000","2024-05-26T10:54:22.411Z","sell","maker"
"0.04613000","2500.00000000","2024-05-26T10:54:22.137Z","sell","maker"
"0.04612000","156.00000000","2024-05-26T10:54:22.060Z","buy","maker"
"0.04613000","2000.00000000","2024-05-26T10:54:22.040Z","sell","maker"
"0.04613000","156.00000000","2024-05-26T10:54:22.040Z","sell","maker"
"0.04612000","12500.00000000","2024-05-26T10:54:22.039Z","buy","maker"
"0.04612000","17500.00000000","2024-05-26T10:54:22.036Z","buy","maker"
"0.04612000","2500.00000000","2024-05-26T10:54:22.036Z","buy","maker"
"0.04613000","2500.00000000","2024-05-26T10:54:22.031Z","buy","maker"
"0.04610000","2470.00000000","2024-05-26T10:54:21.854Z","sell","maker"
"0.04610000","4990.00000000","2024-05-26T10:54:21.854Z","sell","maker"
"0.04610000","10288.00000000","2024-05-26T10:54:21.854Z","sell","maker"
"0.04609000","2495.00000000","2024-05-26T10:54:21.817Z","sell","maker"
"0.04609000","7505.00000000","2024-05-26T10:54:21.817Z","sell","maker"
"0.04609000","24256.00000000","2024-05-26T10:54:21.817Z","sell","maker"
"0.04609000","5007.00000000","2024-05-26T10:54:21.809Z","sell","maker"
"0.04609000","22010.00000000","2024-05-26T10:54:21.807Z","sell","maker"
"0.04609000","1222.00000000","2024-05-26T10:54:21.807Z","sell","maker"
"0.04609000","30000.00000000","2024-05-26T10:54:21.806Z","sell","maker"
"0.04609000","10000.00000000","2024-05-26T10:54:21.794Z","sell","maker"
"0.04608000","12628.00000000","2024-05-26T10:54:21.789Z","sell","maker"
"0.04608000","10000.00000000","2024-05-26T10:54:21.788Z","sell","maker"
"0.04608000","10000.00000000","2024-05-26T10:54:21.786Z","sell","maker"
"0.04608000","20000.00000000","2024-05-26T10:54:21.785Z","sell","maker"
"0.04608000","20000.00000000","2024-05-26T10:54:21.785Z","sell","maker"
"0.04608000","10000.00000000","2024-05-26T10:54:21.784Z","sell","maker"
"0.04608000","23700.00000000","2024-05-26T10:54:21.784Z","sell","maker"
"0.04608000","24.00000000","2024-05-26T10:54:21.781Z","sell","maker"
"0.04607000","2572.00000000","2024-05-26T10:54:21.781Z","sell","maker"
"0.04607000","5144.00000000","2024-05-26T10:54:21.781Z","sell","maker"
"0.04606000","4774.00000000","2024-05-26T10:54:21.781Z","sell","maker"
"0.04606000","10000.00000000","2024-05-26T10:54:21.781Z","sell","maker"
"0.04606000","10000.00000000","2024-05-26T10:54:21.781Z","sell","maker"
"0.04606000","30000.00000000","2024-05-26T10:54:21.781Z","sell","maker"
"0.04606000","10724.00000000","2024-05-26T10:54:21.781Z","sell","maker"
"0.04605000","2500.00000000","2024-05-26T10:54:21.781Z","sell","maker"
"0.04605000","2274.00000000","2024-05-26T10:54:21.781Z","sell","maker"
"0.04605000","2426.00000000","2024-05-26T10:54:21.780Z","sell","maker"
"0.04604000","2500.00000000","2024-05-26T10:54:21.780Z","sell","maker"
"0.04603000","2500.00000000","2024-05-26T10:54:21.780Z","sell","maker"
"0.04604000","736.00000000","2024-05-26T10:54:21.773Z","sell","maker"
"0.04604000","2500.00000000","2024-05-26T10:54:21.773Z","sell","maker"
"0.04603000","5433.00000000","2024-05-26T10:54:21.773Z","sell","maker"
"0.04603000","1299.00000000","2024-05-26T10:54:21.773Z","sell","maker"
"0.04603000","45515.00000000","2024-05-26T10:54:21.773Z","sell","maker"
"0.04603000","2500.00000000","2024-05-26T10:54:21.773Z","sell","maker"
"0.04603000","736.00000000","2024-05-26T10:54:21.773Z","sell","maker"
"0.04602000","155.00000000","2024-05-26T10:54:21.773Z","sell","maker"
"0.04597000","736.00000000","2024-05-26T10:52:14.310Z","buy","maker"
"0.04597000","30000.00000000","2024-05-26T10:52:14.310Z","buy","maker"
"0.04597000","1941.00000000","2024-05-26T10:52:14.310Z","buy","maker"
"0.04597000","2500.00000000","2024-05-26T10:52:14.310Z","buy","maker"
"0.04592000","139.00000000","2024-05-26T10:51:18.005Z","buy","maker"
"0.04594000","4310.00000000","2024-05-26T10:43:29.488Z","buy","maker"
"0.04594000","114.00000000","2024-05-26T10:43:26.488Z","buy","maker"
"0.04594000","2500.00000000","2024-05-26T10:43:26.488Z","buy","maker"
"0.04591000","8395.00000000","2024-05-26T10:42:33.703Z","buy","maker"
"0.04586000","155.00000000","2024-05-26T10:41:33.994Z","buy","maker"
"0.04581000","577.00000000","2024-05-26T10:36:12.362Z","sell","maker"
"0.04578000","1403.00000000","2024-05-26T10:35:37.027Z","sell","maker"
"0.04578000","2500.00000000","2024-05-26T10:35:37.027Z","sell","maker"
"0.04578000","667.00000000","2024-05-26T10:35:37.027Z","sell","maker"
"0.04578000","69.00000000","2024-05-26T10:35:37.025Z","sell","maker"
"0.04577000","2500.00000000","2024-05-26T10:35:37.025Z","sell","maker"
"0.04577000","2500.00000000","2024-05-26T10:35:36.995Z","sell","maker"
"0.04577000","736.00000000","2024-05-26T10:35:36.973Z","sell","maker"
"0.04577000","2500.00000000","2024-05-26T10:35:36.973Z","sell","maker"
"0.04577000","5531.00000000","2024-05-26T10:35:36.973Z","sell","maker"
"0.04576000","155.00000000","2024-05-26T10:35:36.973Z","sell","maker"
"0.04582000","21.00000000","2024-05-26T10:31:41.175Z","sell","maker"
"0.04582000","1087.00000000","2024-05-26T10:22:01.228Z","buy","maker"
"0.04583000","25.00000000","2024-05-26T10:22:01.228Z","buy","maker"
"0.04582000","2500.00000000","2024-05-26T10:21:06.040Z","sell","maker"
"0.04584000","2522.00000000","2024-05-26T10:19:42.339Z","buy","maker"
"0.04586000","151.00000000","2024-05-26T10:19:27.657Z","buy","maker"
"0.04586000","2634.00000000","2024-05-26T10:19:27.657Z","buy","maker"
"0.04589000","24078.00000000","2024-05-26T10:17:29.648Z","sell","maker"
"0.04589000","2500.00000000","2024-05-26T10:17:29.648Z","sell","maker"
"0.04588000","139.00000000","2024-05-26T10:17:29.648Z","sell","maker"
"0.04588000","2642.00000000","2024-05-26T10:16:44.119Z","buy","maker"
"0.04591000","5901.00000000","2024-05-26T10:15:28.462Z","buy","maker"
"0.04591000","4353.00000000","2024-05-26T10:15:28.462Z","buy","maker"
"0.04591000","736.00000000","2024-05-26T10:15:28.462Z","buy","maker"
"0.04588000","36.00000000","2024-05-26T10:14:38.918Z","buy","maker"
"0.04581000","1700.00000000","2024-05-26T10:09:01.280Z","buy","maker"
"0.04578000","695.00000000","2024-05-26T10:07:50.329Z","buy","maker"
"0.04579000","21.00000000","2024-05-26T10:03:20.275Z","sell","maker"
"0.04569000","1827.00000000","2024-05-26T09:59:07.315Z","buy","maker"
"0.04569000","2547.00000000","2024-05-26T09:59:07.315Z","buy","maker"
"0.04569000","2500.00000000","2024-05-26T09:59:07.315Z","buy","maker"
"0.04561000","1859.00000000","2024-05-26T09:53:45.702Z","buy","maker"
"0.04562000","3000.00000000","2024-05-26T09:53:45.702Z","buy","maker"
"0.04562000","160.00000000","2024-05-26T09:53:45.702Z","buy","maker"
"0.04562000","21.00000000","2024-05-26T09:50:11.257Z","sell","maker"
"0.04559000","736.00000000","2024-05-26T09:49:08.321Z","sell","maker"
"0.04559000","5486.00000000","2024-05-26T09:49:08.321Z","sell","maker"
"0.04559000","2500.00000000","2024-05-26T09:49:08.321Z","sell","maker"
"0.04558000","114.00000000","2024-05-26T09:49:08.321Z","sell","maker"
"0.04552000","2237.00000000","2024-05-26T09:47:45.172Z","buy","maker"
"0.04555000","36.00000000","2024-05-26T09:47:42.967Z","sell","maker"
"0.04553000","541.00000000","2024-05-26T09:47:39.753Z","buy","maker"
"0.04554000","150.00000000","2024-05-26T09:47:39.753Z","buy","maker"
"0.04555000","977.00000000","2024-05-26T09:47:35.175Z","buy","maker"
"0.04559000","159.00000000","2024-05-26T09:44:23.169Z","sell","maker"
"0.04559000","736.00000000","2024-05-26T09:44:23.169Z","sell","maker"
"0.04558000","1338.00000000","2024-05-26T09:43:31.855Z","buy","maker"
"0.04558000","35.00000000","2024-05-26T09:43:27.211Z","buy","maker"
"0.04559000","4613.00000000","2024-05-26T09:37:34.535Z","buy","maker"
"0.04559000","3000.00000000","2024-05-26T09:37:34.535Z","buy","maker"
"0.04561000","1152.00000000","2024-05-26T09:37:34.535Z","buy","maker"
"0.04562000","89.00000000","2024-05-26T09:36:05.240Z","buy","maker"
"0.04566000","26.00000000","2024-05-26T09:34:42.326Z","buy","maker"
"0.04570000","1487.00000000","2024-05-26T09:33:37.478Z","buy","maker"
"0.04570000","736.00000000","2024-05-26T09:33:37.478Z","buy","maker"
"0.04570000","3000.00000000","2024-05-26T09:33:37.478Z","buy","maker"
"0.04571000","4372.00000000","2024-05-26T09:33:37.478Z","buy","maker"
"0.04571000","2500.00000000","2024-05-26T09:33:37.478Z","buy","maker"
"0.04571000","4778.00000000","2024-05-26T09:33:37.478Z","buy","maker"
"0.04572000","158.00000000","2024-05-26T09:33:37.478Z","buy","maker"
"0.04574000","5468.00000000","2024-05-26T09:32:44.432Z","sell","maker"
"0.04574000","2500.00000000","2024-05-26T09:32:44.432Z","sell","maker"
"0.04574000","4100.00000000","2024-05-26T09:32:44.432Z","sell","maker"
"0.04568000","2500.00000000","2024-05-26T09:32:10.518Z","sell","maker"
"0.04568000","295.00000000","2024-05-26T09:32:10.518Z","sell","maker"
"0.04562000","4500.00000000","2024-05-26T09:31:13.745Z","buy","maker"
"0.04563000","148.00000000","2024-05-26T09:31:13.745Z","buy","maker"
"0.04566000","3000.00000000","2024-05-26T09:31:13.745Z","buy","maker"
"0.04565000","2500.00000000","2024-05-26T09:31:13.728Z","buy","maker"
"0.04565000","3911.00000000","2024-05-26T09:31:13.728Z","buy","maker"
"0.04566000","2500.00000000","2024-05-26T09:31:13.728Z","buy","maker"
"0.04567000","3000.00000000","2024-05-26T09:31:13.728Z","buy","maker"
"0.04568000","148.00000000","2024-05-26T09:31:13.728Z","buy","maker"
"0.04568000","3000.00000000","2024-05-26T09:31:13.728Z","buy","maker"
"0.04571000","80.00000000","2024-05-26T09:31:13.609Z","buy","maker"
"0.04572000","21.00000000","2024-05-26T09:31:13.609Z","buy","maker"
"0.04573000","46575.00000000","2024-05-26T09:31:13.593Z","buy","maker"
"0.04573000","8759.00000000","2024-05-26T09:31:13.589Z","buy","maker"
"0.04573000","22481.00000000","2024-05-26T09:31:13.578Z","buy","maker"
"0.04580000","1147.00000000","2024-05-26T09:26:30.837Z","buy","maker"
"0.04580000","10953.00000000","2024-05-26T09:24:30.884Z","buy","maker"
"0.04580000","736.00000000","2024-05-26T09:24:30.884Z","buy","maker"
"0.04580000","4450.00000000","2024-05-26T09:24:30.884Z","buy","maker"
"0.04593000","21.00000000","2024-05-26T09:17:58.170Z","sell","maker"
"0.04596000","2034.00000000","2024-05-26T09:14:31.801Z","buy","maker"
"0.04590000","2371.00000000","2024-05-26T09:06:21.779Z","buy","maker"
"0.04587000","26.00000000","2024-05-26T08:59:12.721Z","buy","maker"
"0.04582000","5.00000000","2024-05-26T08:52:37.883Z","sell","maker"
"0.04582000","36.00000000","2024-05-26T08:52:35.008Z","sell","maker"
"0.04586000","5454.00000000","2024-05-26T08:49:37.360Z","sell","maker"
"0.04586000","2500.00000000","2024-05-26T08:49:37.360Z","sell","maker"
"0.04585000","148.00000000","2024-05-26T08:49:37.360Z","sell","maker"
"0.04582000","148.00000000","2024-05-26T08:49:10.342Z","buy","maker"
"0.04588000","21.00000000","2024-05-26T08:44:09.799Z","sell","maker"
"0.04589000","2500.00000000","2024-05-26T08:37:11.826Z","sell","maker"
"0.04588000","103.00000000","2024-05-26T08:37:11.826Z","sell","maker"
"0.04591000","28.00000000","2024-05-26T08:33:56.983Z","buy","maker"
"0.04592000","5.00000000","2024-05-26T08:33:37.874Z","buy","maker"
"0.04598000","76.00000000","2024-05-26T08:31:45.958Z","buy","maker"
"0.04612000","21.00000000","2024-05-26T08:30:25.321Z","sell","maker"
"0.04607000","129.00000000","2024-05-26T08:26:09.786Z","sell","maker"
"0.04607000","3254.00000000","2024-05-26T08:24:45.348Z","buy","maker"
"0.04612000","2994.00000000","2024-05-26T08:22:49.094Z","sell","maker"
"0.04612000","736.00000000","2024-05-26T08:22:49.094Z","sell","maker"
"0.04612000","2500.00000000","2024-05-26T08:22:49.094Z","sell","maker"
"0.04611000","69.00000000","2024-05-26T08:22:49.094Z","sell","maker"
"0.04610000","2500.00000000","2024-05-26T08:15:52.698Z","sell","maker"
"0.04614000","67.00000000","2024-05-26T08:13:28.948Z","buy","maker"
"0.04613000","276.00000000","2024-05-26T08:13:25.399Z","sell","maker"
"0.04603000","107.00000000","2024-05-26T08:11:34.508Z","buy","maker"
"0.04597000","11.00000000","2024-05-26T08:06:39.539Z","sell","maker"
"0.04597000","144.00000000","2024-05-26T08:06:37.725Z","buy","maker"
"0.04598000","2500.00000000","2024-05-26T08:06:37.721Z","buy","maker"
"0.04598000","2500.00000000","2024-05-26T08:06:37.715Z","buy","maker"
"0.04598000","144.00000000","2024-05-26T08:06:37.715Z","buy","maker"
"0.04598000","32303.00000000","2024-05-26T08:06:37.707Z","buy","maker"
"0.04598000","2500.00000000","2024-05-26T08:06:37.707Z","buy","maker"
"0.04598000","28.00000000","2024-05-26T08:06:15.454Z","buy","maker"
"0.04602000","977.00000000","2024-05-26T08:05:31.325Z","buy","maker"
"0.04603000","2500.00000000","2024-05-26T08:05:31.325Z","buy","maker"
"0.04602000","2500.00000000","2024-05-26T08:03:08.376Z","sell","maker"
"0.04601000","18348.00000000","2024-05-26T08:03:08.368Z","sell","maker"
"0.04601000","2142.00000000","2024-05-26T08:03:08.368Z","sell","maker"
"0.04600000","141.00000000","2024-05-26T08:03:08.368Z","sell","maker"
"0.04598000","4784.00000000","2024-05-26T08:03:01.476Z","buy","maker"
"0.04598000","2168.00000000","2024-05-26T08:02:57.752Z","buy","maker"
"0.04598000","4458.00000000","2024-05-26T08:02:50.101Z","buy","maker"
"0.04598000","2500.00000000","2024-05-26T08:02:50.101Z","buy","maker"
"0.04603000","2500.00000000","2024-05-26T08:01:37.420Z","buy","maker"
"0.04605000","141.00000000","2024-05-26T07:59:02.168Z","buy","maker"
"0.04605000","2500.00000000","2024-05-26T07:59:02.168Z","buy","maker"
"0.04602000","2500.00000000","2024-05-26T07:58:50.262Z","sell","maker"
"0.04602000","2500.00000000","2024-05-26T07:58:50.226Z","sell","maker"
"0.04602000","2500.00000000","2024-05-26T07:58:50.218Z","sell","maker"
"0.04602000","2500.00000000","2024-05-26T07:58:50.205Z","sell","maker"
"0.04602000","736.00000000","2024-05-26T07:58:50.205Z","sell","maker"
"0.04601000","140.00000000","2024-05-26T07:58:50.200Z","sell","maker"
"0.04600000","1764.00000000","2024-05-26T07:58:50.200Z","sell","maker"
"0.04600000","736.00000000","2024-05-26T07:58:50.200Z","sell","maker"
"0.04601000","2360.00000000","2024-05-26T07:58:50.196Z","sell","maker"
"0.04601000","736.00000000","2024-05-26T07:58:50.196Z","sell","maker"
"0.04600000","140.00000000","2024-05-26T07:58:50.196Z","sell","maker"
"0.04600000","5297.00000000","2024-05-26T07:58:50.195Z","sell","maker"
"0.04600000","2500.00000000","2024-05-26T07:58:50.195Z","sell","maker"
"0.04600000","736.00000000","2024-05-26T07:58:50.195Z","sell","maker"
"0.04599000","140.00000000","2024-05-26T07:58:50.195Z","sell","maker"
"0.04602000","140.00000000","2024-05-26T07:58:41.638Z","buy","maker"
"0.04605000","736.00000000","2024-05-26T07:58:33.287Z","sell","maker"
"0.04605000","138.00000000","2024-05-26T07:58:33.287Z","sell","maker"
"0.04606000","9561.00000000","2024-05-26T07:58:27.971Z","buy","maker"
"0.04606000","15637.00000000","2024-05-26T07:58:27.970Z","buy","maker"
"0.04606000","736.00000000","2024-05-26T07:58:27.970Z","buy","maker"
"0.04606000","4338.00000000","2024-05-26T07:58:27.970Z","buy","maker"
"0.04612000","2500.00000000","2024-05-26T07:58:18.904Z","buy","maker"
"0.04615000","7344.00000000","2024-05-26T07:58:18.836Z","buy","maker"
"0.04616000","2500.00000000","2024-05-26T07:58:18.834Z","buy","maker"
"0.04615000","10000.00000000","2024-05-26T07:58:18.828Z","buy","maker"
"0.04615000","5200.00000000","2024-05-26T07:58:18.825Z","buy","maker"
"0.04615000","4800.00000000","2024-05-26T07:58:18.825Z","buy","maker"
"0.04616000","2500.00000000","2024-05-26T07:58:18.824Z","buy","maker"
"0.04617000","736.00000000","2024-05-26T07:58:18.818Z","buy","maker"
"0.04617000","2500.00000000","2024-05-26T07:58:18.818Z","buy","maker"
"0.04618000","4328.00000000","2024-05-26T07:58:18.818Z","buy","maker"
"0.04618000","736.00000000","2024-05-26T07:58:18.818Z","buy","maker"
"0.04624000","1931.00000000","2024-05-26T07:58:13.429Z","buy","maker"
"0.04624000","736.00000000","2024-05-26T07:58:13.422Z","buy","maker"
"0.04624000","4321.00000000","2024-05-26T07:58:13.422Z","buy","maker"
"0.04624000","2500.00000000","2024-05-26T07:58:13.422Z","buy","maker"
"0.04625000","736.00000000","2024-05-26T07:58:13.420Z","buy","maker"
"0.04626000","2500.00000000","2024-05-26T07:58:06.338Z","buy","maker"
"0.04627000","736.00000000","2024-05-26T07:58:06.281Z","buy","maker"
"0.04628000","736.00000000","2024-05-26T07:58:00.254Z","buy","maker"
"0.04629000","736.00000000","2024-05-26T07:57:59.619Z","buy","maker"
"0.04629000","485.00000000","2024-05-26T07:57:58.633Z","buy","maker"
"0.04629000","138.00000000","2024-05-26T07:57:58.633Z","buy","maker"