"price","volume","timestamp","type"
"9.46440","1058.172","2024-05-25T20:26:13.000Z","ask"
"9.46450","6.511","2024-05-25T20:26:09.000Z","ask"
"9.46530","2.321","2024-05-25T18:19:39.000Z","ask"
"9.51410","9.964","2024-05-25T20:26:15.000Z","ask"
"9.51420","2.433","2024-05-25T20:17:11.000Z","ask"
"9.51440","2.421","2024-05-25T19:08:13.000Z","ask"
"9.51730","2.235","2024-05-25T17:14:02.000Z","ask"
"9.51740","2.309","2024-05-24T06:22:36.000Z","ask"
"9.54630","1587.341","2024-05-25T20:25:57.000Z","ask"
"9.55400","2.235","2024-05-24T20:13:26.000Z","ask"
"9.56970","2.296","2024-05-24T05:38:26.000Z","ask"
"9.57950","6.657","2024-05-24T06:46:47.000Z","ask"
"9.67080","2.249","2024-05-25T09:32:31.000Z","ask"
"9.67520","2.271","2024-05-24T18:22:52.000Z","ask"
"9.72360","6.490","2024-05-25T20:24:48.000Z","ask"
"9.72850","2.259","2024-05-24T06:53:35.000Z","ask"
"9.73310","1.174","2024-05-25T01:20:44.000Z","ask"
"9.78190","2.246","2024-05-24T06:32:24.000Z","ask"
"9.78210","1.732","2024-05-25T20:08:33.000Z","ask"
"9.78220","1.732","2024-05-25T20:14:48.000Z","ask"
"9.78230","35.380","2024-05-25T19:40:01.000Z","ask"
"9.78980","1.533","2024-05-25T20:25:23.000Z","ask"
"9.81890","2.235","2024-05-25T13:52:13.000Z","ask"
"9.81900","4.920","2024-05-25T12:15:13.000Z","ask"
"9.83570","2.234","2024-05-23T13:19:04.000Z","ask"
"9.87870","2116.344","2024-05-25T20:26:12.000Z","ask"
"9.88990","2.222","2024-05-24T05:54:19.000Z","ask"
"9.89980","6.565","2024-05-25T20:22:21.000Z","ask"
"9.89990","117.676","2024-05-23T23:32:57.000Z","ask"
"9.94420","2.210","2024-05-24T03:46:23.000Z","ask"
"9.97750","6.148","2024-05-23T12:58:05.000Z","ask"
"9.99890","2.197","2024-05-22T03:22:49.000Z","ask"
"10.05400","2.185","2024-05-21T23:59:05.000Z","ask"
"10.06450","3.592","2024-04-15T22:56:48.000Z","ask"
"10.08700","200.000","2024-05-21T14:21:17.000Z","ask"
"10.10000","973.443","2024-04-15T22:56:24.000Z","ask"
"10.10930","2.173","2024-04-09T14:12:03.000Z","ask"
"10.12480","2.401","2024-05-23T23:53:58.000Z","ask"
"10.16480","6.515","2024-05-25T20:18:06.000Z","ask"
"10.16490","2.162","2024-04-09T14:12:07.000Z","ask"
"10.22090","2.150","2024-04-09T14:12:13.000Z","ask"
"10.23330","70.000","2024-05-23T00:12:03.000Z","ask"
"10.25000","3.000","2024-05-21T11:48:43.000Z","ask"
"10.27700","1.909","2024-05-23T23:53:59.000Z","ask"
"10.27710","2.138","2024-04-09T14:12:14.000Z","ask"
"10.31610","2.962","2024-04-09T14:11:54.000Z","ask"
"10.33370","2.126","2024-04-20T15:24:39.000Z","ask"
"10.39060","2.115","2024-04-09T14:12:11.000Z","ask"
"10.40250","1.909","2024-05-23T23:53:59.000Z","ask"
"10.44770","2.103","2024-04-09T14:12:12.000Z","ask"
"10.50520","2.092","2024-04-09T14:12:02.000Z","ask"
"10.54700","1479.114","2024-05-25T20:24:27.000Z","ask"
"10.55000","132.640","2024-04-10T23:21:12.000Z","ask"
"10.56300","2.080","2024-04-07T07:56:28.000Z","ask"
"10.57400","2.644","2024-04-07T07:55:47.000Z","ask"
"10.59990","1.909","2024-05-23T23:53:59.000Z","ask"
"10.60000","2026.035","2024-04-07T08:02:46.000Z","ask"
"10.62110","2.069","2024-04-05T12:45:35.000Z","ask"
"10.67500","19.204","2024-04-05T16:05:23.000Z","ask"
"10.67960","2.057","2024-04-05T07:08:42.000Z","ask"
"10.73830","2.046","2024-04-05T07:09:47.000Z","ask"
"10.79730","1.909","2024-05-24T01:10:42.000Z","ask"
"10.79740","2.035","2024-04-05T06:21:42.000Z","ask"
"10.83830","2.600","2024-04-05T06:23:25.000Z","ask"
"10.85670","2.024","2024-04-05T06:21:43.000Z","ask"
"10.86330","70.000","2024-05-23T00:12:16.000Z","ask"
"10.89670","11.693","2024-04-07T15:16:00.000Z","ask"
"10.89990","62.370","2024-05-21T22:26:03.000Z","ask"
"10.90000","23.485","2024-05-20T23:07:30.000Z","ask"
"10.91640","2.013","2024-04-05T12:45:37.000Z","ask"
"10.92900","1.909","2024-05-23T23:54:00.000Z","ask"
"10.96320","15.409","2024-04-05T09:30:01.000Z","ask"
"10.97650","2.002","2024-04-05T06:21:15.000Z","ask"
"10.98300","12.354","2024-04-05T17:59:58.000Z","ask"
"11.00000","5.463","2024-04-19T14:50:17.000Z","ask"
"11.03690","1.991","2024-04-05T12:38:33.000Z","ask"
"11.09760","1.980","2024-04-05T12:38:34.000Z","ask"
"11.10930","2.961","2024-04-05T06:21:17.000Z","ask"
"11.15870","1.969","2024-04-05T12:38:36.000Z","ask"
"11.22010","1.958","2024-04-05T05:54:58.000Z","ask"
"11.28190","1.948","2024-04-05T12:38:39.000Z","ask"
"11.34400","1.937","2024-04-05T12:45:39.000Z","ask"
"11.38700","3.354","2024-04-05T04:20:39.000Z","ask"
"11.40000","45.000","2024-04-15T22:33:02.000Z","ask"
"11.40640","1.926","2024-04-05T04:04:14.000Z","ask"
"11.46380","250.001","2024-05-21T10:25:23.000Z","ask"
"11.46920","1.916","2024-04-05T04:03:51.000Z","ask"
"11.50000","53.000","2024-05-21T02:51:42.000Z","ask"
"11.53230","1.905","2024-04-05T12:45:40.000Z","ask"
"11.59570","1.895","2024-04-05T12:45:42.000Z","ask"
"11.65940","1.885","2024-04-05T03:59:10.000Z","ask"
"11.67170","2.863","2024-04-05T04:03:09.000Z","ask"
"11.72360","1.874","2024-04-05T12:38:44.000Z","ask"
"11.78810","1.864","2024-04-05T02:55:03.000Z","ask"
"11.80000","95.000","2024-04-07T10:28:21.000Z","ask"
"11.85300","1.854","2024-04-05T02:55:06.000Z","ask"
"11.89030","1.000","2024-05-23T00:12:32.000Z","ask"
"11.89670","13.170","2024-04-07T15:16:45.000Z","ask"
"11.91820","1.844","2024-04-05T12:45:44.000Z","ask"
"11.96350","2.235","2024-04-04T20:09:23.000Z","ask"
"9.33240","2.334","2024-05-25T19:08:11.000Z","bid"
"9.28130","2.347","2024-05-25T19:08:10.000Z","bid"
"9.24280","4.694","2024-05-25T04:50:39.000Z","bid"
"9.14040","62.773","2024-05-25T20:26:15.000Z","bid"
"9.14030","10.195","2024-05-25T20:26:08.000Z","bid"
"9.14020","48.139","2024-05-25T20:17:04.000Z","bid"
"9.14010","2.886","2024-05-25T07:13:40.000Z","bid"
"9.11800","0.147","2024-05-24T20:12:39.000Z","bid"
"9.08000","2.399","2024-05-25T06:24:45.000Z","bid"
"9.02790","3.466","2024-05-25T19:03:19.000Z","bid"
"8.98090","2.425","2024-05-25T16:40:39.000Z","bid"
"8.95910","4.000","2024-05-25T19:53:45.000Z","bid"
"8.93170","2.439","2024-05-25T18:21:11.000Z","bid"
"8.91670","19.186","2024-05-25T20:25:53.000Z","bid"
"8.91630","21.000","2024-05-25T18:43:57.000Z","bid"
"8.89550","5.709","2024-05-25T12:05:18.000Z","bid"
"8.88290","2.452","2024-05-25T13:07:52.000Z","bid"
"8.86570","4.000","2024-05-25T19:31:01.000Z","bid"
"8.83440","0.087","2024-05-25T10:52:38.000Z","bid"
"8.79050","107.169","2024-05-25T20:26:04.000Z","bid"
"8.78600","1.475","2024-05-25T11:51:03.000Z","bid"
"8.77240","1.391","2024-05-25T20:26:06.000Z","bid"
"8.73820","10.144","2024-05-25T20:24:49.000Z","bid"
"8.73800","2.493","2024-05-25T16:36:22.000Z","bid"
"8.71350","1.731","2024-05-25T20:16:47.000Z","bid"
"8.70760","4.109","2024-05-25T20:25:54.000Z","bid"
"8.70190","3.258","2024-05-25T20:21:23.000Z","bid"
"8.69380","2.324","2024-05-25T20:22:05.000Z","bid"
"8.69360","2.706","2024-05-25T20:17:38.000Z","bid"
"8.69340","1.824","2024-05-25T20:22:39.000Z","bid"
"8.69190","196.198","2024-05-25T20:26:14.000Z","bid"
"8.69030","2.506","2024-05-25T15:47:19.000Z","bid"
"8.67850","6.058","2024-05-24T20:10:28.000Z","bid"
"8.64270","1.666","2024-05-25T09:19:40.000Z","bid"
"8.63430","2.862","2024-05-25T20:00:44.000Z","bid"
"8.63410","3.292","2024-05-25T19:03:05.000Z","bid"
"8.63400","1.991","2024-05-25T19:08:53.000Z","bid"
"8.63300","2.849","2024-05-25T20:20:54.000Z","bid"
"8.63260","2.065","2024-05-25T20:18:26.000Z","bid"
"8.63250","230.000","2024-05-25T20:17:08.000Z","bid"
"8.60810","14.165","2024-05-25T19:35:51.000Z","bid"
"8.59910","2.704","2024-05-25T20:23:35.000Z","bid"
"8.59560","2.083","2024-05-25T08:09:54.000Z","bid"
"8.59550","2.534","2024-05-25T06:50:36.000Z","bid"
"8.58440","2.000","2024-05-24T17:00:58.000Z","bid"
"8.55150","1.805","2024-05-25T19:08:05.000Z","bid"
"8.54990","3.170","2024-05-25T20:25:01.000Z","bid"
"8.54980","10.368","2024-05-25T20:24:44.000Z","bid"
"8.54970","20.000","2024-05-25T18:19:55.000Z","bid"
"8.54850","2.548","2024-05-25T08:03:06.000Z","bid"
"8.50180","10.427","2024-05-25T20:17:34.000Z","bid"
"8.50170","2.562","2024-05-24T01:09:19.000Z","bid"
"8.49260","1.889","2024-05-24T20:24:03.000Z","bid"
"8.46690","5.445","2024-05-24T10:06:36.000Z","bid"
"8.45520","2.576","2024-05-24T09:53:20.000Z","bid"
"8.40890","2.590","2024-05-24T06:56:21.000Z","bid"
"8.36300","2.605","2024-05-25T20:18:30.000Z","bid"
"8.31720","5.264","2024-05-25T20:20:31.000Z","bid"
"8.27180","2.567","2024-05-25T19:13:58.000Z","bid"
"8.27170","2.633","2024-05-25T18:23:43.000Z","bid"
"8.26050","2.274","2024-05-24T20:24:04.000Z","bid"
"8.26040","7.267","2024-05-24T19:40:13.000Z","bid"
"8.22650","2.648","2024-05-25T02:55:02.000Z","bid"
"8.21370","3.262","2024-05-25T16:40:39.000Z","bid"
"8.21360","342.000","2024-05-24T20:17:22.000Z","bid"
"8.18160","2.662","2024-05-25T00:00:27.000Z","bid"
"8.13680","2.677","2024-05-24T20:14:33.000Z","bid"
"8.10020","8.255","2024-05-25T19:16:48.000Z","bid"
"8.10010","157.452","2024-05-23T20:48:56.000Z","bid"
"8.09230","2.692","2024-05-21T05:41:03.000Z","bid"
"8.05890","7.136","2024-05-23T20:00:35.000Z","bid"
"8.04800","2.706","2024-05-20T22:04:05.000Z","bid"
"8.00390","2.721","2024-05-20T22:57:44.000Z","bid"
"7.96010","2.736","2024-05-21T00:11:03.000Z","bid"
"7.91660","2.751","2024-05-20T21:38:14.000Z","bid"
"7.89540","2.282","2024-05-24T20:24:03.000Z","bid"
"7.87330","2.767","2024-05-23T20:15:23.000Z","bid"
"7.86240","2.282","2024-05-24T20:24:02.000Z","bid"
"7.86230","5.752","2024-05-20T19:28:08.000Z","bid"
"7.83030","2.281","2024-05-25T04:48:18.000Z","bid"
"7.83020","2.782","2024-05-20T19:26:39.000Z","bid"
"7.78740","2.797","2024-05-23T20:20:24.000Z","bid"
"7.74480","2.812","2024-05-20T20:49:39.000Z","bid"
"7.70240","5.424","2024-05-20T20:49:08.000Z","bid"
"7.67060","4.703","2024-05-23T00:34:27.000Z","bid"
"7.66020","0.937","2024-05-20T03:07:04.000Z","bid"
"7.61830","2.859","2024-05-20T20:24:46.000Z","bid"
"7.57670","2.875","2024-05-20T20:27:07.000Z","bid"
"7.53520","2.891","2024-05-20T19:19:51.000Z","bid"
"7.49390","2.907","2024-05-20T19:53:07.000Z","bid"
"7.48350","5.592","2024-05-20T22:24:09.000Z","bid"
"7.48340","66.815","2024-05-19T09:11:38.000Z","bid"
"7.45290","2.923","2024-05-20T19:37:26.000Z","bid"
"7.41210","2.939","2024-05-20T19:45:43.000Z","bid"
"7.37160","2.955","2024-05-20T14:41:32.000Z","bid"
"7.35750","2.000","2024-05-20T08:28:08.000Z","bid"
"7.33120","2.971","2024-05-20T11:03:26.000Z","bid"
"7.30100","5.371","2024-05-20T04:53:44.000Z","bid"
"7.30010","206.612","2024-05-20T20:04:26.000Z","bid"
"7.29110","2.987","2024-05-20T01:34:10.000Z","bid"