"price","volume","time","side","orderType"
"9.28130","2.34640304","2024-05-23T21:37:12.406Z","s","l"
"9.23100","5.39843900","2024-05-23T21:37:12.406Z","s","l"
"9.23090","1.57803227","2024-05-23T21:37:12.406Z","s","l"
"9.23050","2.35931645","2024-05-23T21:37:12.406Z","s","l"
"9.18100","2.42429353","2024-05-23T21:37:12.406Z","s","l"
"9.18040","2.71308778","2024-05-23T21:37:12.406Z","s","l"
"9.18010","2.37226942","2024-05-23T21:37:12.406Z","s","l"
"9.15820","2.71308778","2024-05-23T21:37:12.406Z","s","l"
"9.13010","2.50669085","2024-05-23T21:37:12.406Z","s","l"
"9.12990","2.38531315","2024-05-23T21:37:12.406Z","s","l"
"9.12630","0.60612919","2024-05-23T21:37:12.406Z","s","l"
"9.11800","6.52614222","2024-05-23T21:37:12.406Z","s","l"
"9.08000","2.39842186","2024-05-23T21:37:12.406Z","s","l"
"9.05810","1.93480000","2024-05-23T21:37:12.406Z","s","l"
"9.03030","2.41162204","2024-05-23T21:37:12.406Z","s","l"
"9.02300","2.15338579","2024-05-23T21:37:12.406Z","s","l"
"9.02290","23.92771155","2024-05-23T21:37:12.406Z","s","l"
"9.32100","6.00000000","2024-05-23T21:37:13.118Z","b","l"
"9.32100","6.00000000","2024-05-23T21:37:13.136Z","b","l"
"9.32100","2.43030000","2024-05-23T21:37:13.271Z","b","l"
"9.32100","9.43111707","2024-05-23T21:37:13.277Z","b","l"
"9.34600","6.51832023","2024-05-23T21:37:13.277Z","b","l"
"9.43550","3.80000000","2024-05-23T21:37:14.097Z","b","l"
"9.43550","1.59028736","2024-05-23T21:37:14.110Z","b","l"
"9.43550","2.14440617","2024-05-23T21:37:14.110Z","b","l"
"9.36200","2.34640304","2024-05-23T21:37:22.243Z","b","l"
"9.41350","0.35359696","2024-05-23T21:37:22.243Z","b","l"
"9.41350","1.97995824","2024-05-23T21:37:22.269Z","b","l"
"9.31080","2.20000000","2024-05-23T21:37:23.514Z","b","l"
"9.31080","0.15931645","2024-05-23T21:37:23.516Z","b","l"
"9.20930","2.38531315","2024-05-23T21:37:26.303Z","b","l"
"9.25990","2.19236713","2024-05-23T21:37:27.772Z","b","l"
"9.25990","0.17990229","2024-05-23T21:37:27.835Z","b","l"
"9.18090","2.39842186","2024-05-23T21:37:28.034Z","s","l"
"9.18090","2.41162204","2024-05-23T21:37:29.422Z","s","l"
"9.43580","1.69572360","2024-05-23T21:38:01.890Z","s","l"
"9.43580","2.10000000","2024-05-23T21:38:02.165Z","b","l"
"9.43580","1.59414757","2024-05-23T21:38:02.180Z","b","l"
"9.33250","15.60066825","2024-05-23T21:38:55.566Z","s","l"
"9.33240","2.33355520","2024-05-23T21:38:55.566Z","s","l"
"9.28130","2.34640304","2024-05-23T21:38:55.566Z","s","l"
"9.23070","412.19922613","2024-05-23T21:38:55.566Z","s","l"
"9.23070","12.02698656","2024-05-23T21:38:55.566Z","s","l"
"9.23050","2.35931645","2024-05-23T21:38:55.566Z","s","l"
"9.18010","2.37226942","2024-05-23T21:38:55.566Z","s","l"
"9.13000","47.71312213","2024-05-23T21:38:55.566Z","s","l"
"9.12990","2.38531315","2024-05-23T21:38:55.566Z","s","l"
"9.11800","3.66313967","2024-05-23T21:38:55.566Z","s","l"
"9.41340","2.20000000","2024-05-23T21:39:05.982Z","b","l"
"9.41340","2.20000000","2024-05-23T21:39:05.985Z","b","l"
"9.41320","9.84660000","2024-05-23T21:39:06.223Z","b","l"
"9.36200","2.00000000","2024-05-23T21:39:07.018Z","b","l"
"9.36200","0.34640304","2024-05-23T21:39:07.033Z","b","l"
"9.31080","2.20000000","2024-05-23T21:39:08.508Z","b","l"
"9.31080","0.15931645","2024-05-23T21:39:08.513Z","b","l"
"9.41320","2.04068355","2024-05-23T21:39:08.925Z","b","l"
"9.41320","1.65359696","2024-05-23T21:39:09.428Z","b","l"
"9.25990","2.18765810","2024-05-23T21:39:10.026Z","b","l"
"9.25990","0.18461132","2024-05-23T21:39:10.090Z","b","l"
"9.41320","2.20000000","2024-05-23T21:39:10.739Z","b","l"
"9.23080","2.38531315","2024-05-23T21:39:11.288Z","s","l"
"9.41300","2.20000000","2024-05-23T21:39:12.770Z","b","l"
"9.28140","7.80033412","2024-05-23T21:39:46.805Z","s","l"
"9.28130","2.34640304","2024-05-23T21:39:46.805Z","s","l"
"9.23050","1.88027406","2024-05-23T21:39:46.805Z","s","l"
"9.36190","1.93480000","2024-05-23T21:40:06.572Z","b","l"
"9.36200","1.36520000","2024-05-23T21:40:06.572Z","b","l"
"9.36200","0.98120304","2024-05-23T21:40:06.709Z","b","l"
"9.40860","2.31879696","2024-05-23T21:40:07.069Z","b","l"
"9.38490","1.14446611","2024-05-23T21:41:37.670Z","b","l"
"9.38520","2.05553389","2024-05-23T21:41:37.670Z","b","l"
"9.38520","0.34142802","2024-05-23T21:41:37.673Z","b","l"
"9.41280","2.39696191","2024-05-23T21:41:38.118Z","b","l"
"9.41350","0.90303809","2024-05-23T21:41:38.118Z","b","l"
"9.41330","2.38531315","2024-05-23T21:41:40.941Z","b","l"
"9.41340","0.21468685","2024-05-23T21:41:40.941Z","b","l"
"9.41170","158.00000000","2024-05-23T21:44:35.412Z","b","l"
"9.41170","160.00000000","2024-05-23T21:44:35.447Z","b","l"
"9.41170","10.00000000","2024-05-23T21:44:35.703Z","b","l"
"9.41170","10.00000000","2024-05-23T21:44:35.730Z","b","l"
"9.41170","2.20000000","2024-05-23T21:44:35.881Z","b","l"
"9.41170","13.00000000","2024-05-23T21:44:36.078Z","b","l"
"9.41170","13.00000000","2024-05-23T21:44:36.080Z","b","l"
"9.41170","3.60000000","2024-05-23T21:44:36.185Z","b","l"
"9.41170","3.60000000","2024-05-23T21:44:36.186Z","b","l"
"9.41170","39.35298938","2024-05-23T21:44:36.722Z","b","l"
"9.41180","13.64701062","2024-05-23T21:44:36.722Z","b","l"
"9.41180","17.94434985","2024-05-23T21:44:36.740Z","b","l"
"9.41350","1.43051711","2024-05-23T21:44:36.740Z","b","l"
"9.42310","2.39696191","2024-05-23T21:44:36.740Z","b","l"
"9.46530","2.20000000","2024-05-23T21:45:32.407Z","b","l"
"9.46530","0.12079782","2024-05-23T21:45:40.652Z","b","l"
"9.51710","1.97920218","2024-05-23T21:45:40.652Z","b","l"
"9.51720","2.08108324","2024-05-23T21:47:22.572Z","b","l"
"9.51740","0.11891676","2024-05-23T21:47:22.572Z","b","l"
"9.51740","2.18916456","2024-05-23T21:47:22.668Z","b","l"
"9.56520","1.01789821","2024-05-23T21:57:10.384Z","b","l"
"9.56530","0.98210179","2024-05-23T21:57:10.384Z","b","l"
"9.46520","2.31631843","2024-05-23T22:00:16.413Z","b","l"
"9.46520","0.07681510","2024-05-23T22:00:16.565Z","b","l"
"9.56860","3.13960000","2024-05-23T22:01:11.154Z","b","l"
"9.43540","2.30808132","2024-05-23T22:15:34.944Z","s","l"
"9.38380","2.08704008","2024-05-23T22:15:34.944Z","s","l"
"9.38370","2.32079782","2024-05-23T22:15:34.944Z","s","l"
"9.33570","1.00447688","2024-05-23T22:15:34.944Z","s","l"
"9.33560","2.16938081","2024-05-23T22:15:34.944Z","s","l"
"9.33240","2.33355520","2024-05-23T22:15:34.944Z","s","l"
"9.28250","17.23662953","2024-05-23T22:15:34.944Z","s","l"
"9.28240","2.52969760","2024-05-23T22:15:34.944Z","s","l"
"9.28190","2.42332849","2024-05-23T22:15:34.944Z","s","l"
"9.28150","2.42332849","2024-05-23T22:15:34.944Z","s","l"
"9.28130","2.34640304","2024-05-23T22:15:34.944Z","s","l"
"9.23060","2.42332849","2024-05-23T22:15:34.944Z","s","l"
"9.23050","0.47904239","2024-05-23T22:15:34.944Z","s","l"
"9.18020","1.64677986","2024-05-23T22:15:34.944Z","s","l"
"9.46530","2.30000000","2024-05-23T22:15:46.383Z","b","l"
"9.46530","0.02079782","2024-05-23T22:15:46.402Z","b","l"
"9.51740","2.27920218","2024-05-23T22:15:46.402Z","b","l"
"9.51740","0.02887914","2024-05-23T22:15:46.411Z","b","l"
"9.41350","2.20000000","2024-05-23T22:15:47.738Z","b","l"
"9.41350","0.13355520","2024-05-23T22:15:47.745Z","b","l"
"9.55960","2.20000000","2024-05-23T22:15:48.261Z","b","l"
"9.36200","2.20000000","2024-05-23T22:15:49.545Z","b","l"
"9.36200","0.14640304","2024-05-23T22:15:49.692Z","b","l"
"9.55940","2.05359696","2024-05-23T22:15:50.098Z","b","l"
"9.55940","2.20000000","2024-05-23T22:15:51.115Z","b","l"
"9.55940","2.20000000","2024-05-23T22:15:51.126Z","b","l"
"9.31080","2.35931645","2024-05-23T22:15:53.826Z","b","l"
"9.55900","2.20000000","2024-05-23T22:15:54.719Z","b","l"
"9.55900","2.20000000","2024-05-23T22:15:56.686Z","b","l"
"9.52710","3.50000000","2024-05-23T22:28:29.075Z","b","l"
"9.52710","3.50000000","2024-05-23T22:28:29.075Z","b","l"
"9.52610","2.21780000","2024-05-23T22:28:52.096Z","b","l"
"9.52610","3.26470000","2024-05-23T22:28:54.339Z","b","l"
"9.52610","2.60330000","2024-05-23T22:28:58.123Z","b","l"
"9.52630","2.60330000","2024-05-23T22:28:59.660Z","b","l"
"9.52630","2.39500000","2024-05-23T22:29:01.200Z","b","l"
"9.52620","2.39550000","2024-05-23T22:29:03.484Z","b","l"
"9.52630","2.20340000","2024-05-23T22:29:05.775Z","b","l"
"9.52630","2.02710000","2024-05-23T22:29:08.828Z","b","l"
"9.52620","3.08930000","2024-05-23T22:29:17.059Z","b","l"
"9.52600","2.88560000","2024-05-23T22:29:38.688Z","b","l"
"9.52520","3.60000000","2024-05-23T22:30:53.501Z","b","l"
"9.52520","3.60000000","2024-05-23T22:30:53.503Z","b","l"
"9.52530","12.58360000","2024-05-23T22:31:29.072Z","b","l"
"9.52530","4.97044029","2024-05-23T22:31:29.079Z","b","l"
"9.52540","8.14525971","2024-05-23T22:31:29.079Z","b","l"
"9.56340","8.24454949","2024-05-23T22:37:11.962Z","b","l"
"9.56350","2.08704008","2024-05-23T22:37:11.962Z","b","l"
"9.56370","2.56495066","2024-05-23T22:37:11.962Z","b","l"
"9.56390","18.40345977","2024-05-23T22:49:40.198Z","s","l"
"9.43550","1.97934337","2024-05-23T22:49:40.198Z","s","l"
"9.43540","2.30808132","2024-05-23T22:49:40.198Z","s","l"
"9.38400","31.47659622","2024-05-23T22:49:40.198Z","s","l"
"9.38390","1.87041932","2024-05-23T22:49:40.198Z","s","l"
"9.51720","2.67825003","2024-05-23T22:50:02.848Z","b","l"
"9.51730","4.32174997","2024-05-23T22:50:02.848Z","b","l"
"9.51730","7.00000000","2024-05-23T22:50:10.301Z","b","l"
"9.51730","7.00000000","2024-05-23T22:50:10.301Z","b","l"
"9.51730","1.53882288","2024-05-23T22:50:10.578Z","b","l"
"9.51740","2.30808132","2024-05-23T22:50:10.578Z","b","l"
"9.52500","2.00000000","2024-05-23T23:10:13.815Z","b","l"
"9.52500","2.80000000","2024-05-23T23:10:57.083Z","b","l"
"9.52500","2.80000000","2024-05-23T23:10:57.088Z","b","l"
"9.52460","2.10000000","2024-05-23T23:14:16.798Z","b","l"
"9.43550","15.45413312","2024-05-23T23:14:33.775Z","s","l"
"9.43610","17.55637332","2024-05-23T23:31:04.973Z","s","l"
"9.43600","2.07770044","2024-05-23T23:31:09.333Z","s","l"
"9.43580","2.42429353","2024-05-23T23:31:09.333Z","s","l"
"9.43540","2.30808132","2024-05-23T23:31:09.333Z","s","l"
"9.38380","1.76200000","2024-05-23T23:46:18.059Z","s","m"
"9.50810","6.00000000","2024-05-24T00:01:29.052Z","b","l"
"9.50810","2.10000000","2024-05-24T00:01:29.342Z","b","l"
"9.50790","2.20000000","2024-05-24T00:01:38.184Z","b","l"
"9.38380","9.00000000","2024-05-24T00:09:55.155Z","s","l"
"9.38380","3.08233131","2024-05-24T00:09:55.163Z","s","l"
"9.38370","1.91766869","2024-05-24T00:09:55.163Z","s","l"
"9.50530","6.00000000","2024-05-24T00:34:23.578Z","b","l"
"9.50530","2.50000000","2024-05-24T00:34:23.714Z","b","l"
"9.50530","3.60000000","2024-05-24T00:34:23.843Z","b","l"
"9.50530","2.00000000","2024-05-24T00:34:24.082Z","b","l"
"9.50530","7.00000000","2024-05-24T00:34:24.959Z","b","l"
"9.50530","7.00000000","2024-05-24T00:34:25.020Z","b","l"
"9.50530","1.45770530","2024-05-24T00:34:25.237Z","b","l"
"9.50540","2.44229470","2024-05-24T00:34:25.237Z","b","l"
"9.50530","6.00000000","2024-05-24T00:34:27.669Z","b","l"
"9.50530","2.30000000","2024-05-24T00:34:27.719Z","b","l"
"9.50530","4.00000000","2024-05-24T00:34:27.969Z","b","l"
"9.50530","2.47885265","2024-05-24T00:34:28.117Z","b","l"
"9.50540","0.05453290","2024-05-24T00:34:28.117Z","b","l"
"9.50560","0.36661445","2024-05-24T00:34:28.117Z","b","l"
"9.50550","3.30000000","2024-05-24T00:34:55.730Z","b","l"
"9.50560","1.71108599","2024-05-24T00:35:46.513Z","b","l"
"9.50580","0.28891401","2024-05-24T00:35:46.513Z","b","l"
"9.50580","2.00000000","2024-05-24T00:35:46.555Z","b","l"
"9.50570","2.60000000","2024-05-24T00:35:54.624Z","b","l"
"9.50570","2.20000000","2024-05-24T00:36:18.374Z","b","l"
"9.50570","0.93942633","2024-05-24T00:36:21.385Z","b","l"
"9.50580","0.10334952","2024-05-24T00:36:21.385Z","b","l"
"9.51200","1.61154227","2024-05-24T00:36:21.385Z","b","l"
"9.51730","0.64568188","2024-05-24T00:36:21.385Z","b","l"
"9.51730","1.75452312","2024-05-24T00:36:26.386Z","b","l"
"9.51740","0.24547688","2024-05-24T00:36:26.386Z","b","l"
"9.51730","2.86971316","2024-05-24T00:39:21.412Z","b","l"
"9.51740","0.83028684","2024-05-24T00:39:21.412Z","b","l"
"9.51740","1.23231760","2024-05-24T00:39:21.546Z","b","l"
"9.56960","1.67332360","2024-05-24T00:39:22.188Z","b","l"
"9.56960","0.39435880","2024-05-24T00:39:22.188Z","b","l"
"9.56960","1.80295201","2024-05-24T00:39:30.984Z","b","l"
"9.56970","0.19704799","2024-05-24T00:39:30.984Z","b","l"
"9.55680","2.03224337","2024-05-24T00:39:37.594Z","b","l"
"9.56970","0.06775663","2024-05-24T00:39:37.594Z","b","l"
"9.56970","2.03067461","2024-05-24T00:39:37.863Z","b","l"
"9.57950","1.16932539","2024-05-24T00:39:37.863Z","b","l"
"9.57940","1.43485658","2024-05-24T00:39:48.635Z","b","l"
"9.57950","0.86514342","2024-05-24T00:39:48.635Z","b","l"
"9.57950","2.77079324","2024-05-24T00:47:07.285Z","b","l"
"9.60140","11.22920676","2024-05-24T00:47:07.285Z","b","l"
"9.60140","9.00000000","2024-05-24T00:47:07.520Z","b","l"
"9.60140","7.00000000","2024-05-24T00:47:07.715Z","b","l"
"9.60140","0.23023979","2024-05-24T00:47:07.945Z","b","l"
"9.63600","2.18930000","2024-05-24T00:49:21.052Z","b","l"
"9.49010","1.31537814","2024-05-24T01:38:57.643Z","s","l"
"9.50350","14.49135245","2024-05-24T03:59:00.386Z","s","l"
"9.50670","3.19549995","2024-05-24T05:29:02.130Z","s","l"
"9.50670","1.83001469","2024-05-24T05:29:02.156Z","s","l"
"9.50670","4.03155941","2024-05-24T05:29:02.417Z","s","l"
"9.50660","2.06812910","2024-05-24T05:29:02.417Z","s","l"
"9.48730","6.11844489","2024-05-24T05:29:05.459Z","s","l"
"9.50610","1.46931458","2024-05-24T05:37:32.295Z","s","l"
"9.50600","1.16176542","2024-05-24T05:37:32.295Z","s","l"
"9.50600","1.16665811","2024-05-24T05:38:07.830Z","s","l"
"9.48720","2.29547923","2024-05-24T05:38:08.243Z","s","l"
"9.50640","2.46224539","2024-05-24T05:53:04.029Z","s","l"
"9.43550","3.90000000","2024-05-24T05:58:06.344Z","s","l"
"9.43550","4.00000000","2024-05-24T05:58:06.618Z","s","l"
"9.43550","2.60000000","2024-05-24T06:00:33.483Z","s","l"
"9.43550","1.00000000","2024-05-24T06:19:27.188Z","s","l"
"9.43550","12.90566061","2024-05-24T06:22:27.127Z","s","l"
"9.43540","2.30808132","2024-05-24T06:22:27.127Z","s","l"
"9.38410","2.42660725","2024-05-24T06:39:59.020Z","s","l"
"9.38370","0.40312913","2024-05-24T06:39:59.020Z","s","l"
"9.34590","3.20000000","2024-05-24T06:41:34.568Z","s","l"
"9.34600","2.90000000","2024-05-24T06:41:38.683Z","s","l"
"9.34600","2.30000000","2024-05-24T06:41:39.454Z","s","l"
"9.34600","1.25283031","2024-05-24T06:41:39.724Z","s","l"
"9.34590","0.94716969","2024-05-24T06:41:39.724Z","s","l"
"9.34600","2.60000000","2024-05-24T06:43:19.063Z","s","l"
"9.34590","2.20000000","2024-05-24T06:43:32.863Z","s","l"
"9.34600","1.92641515","2024-05-24T06:46:27.977Z","s","l"
"9.34590","0.17358485","2024-05-24T06:46:27.977Z","s","l"
"9.34590","0.14377493","2024-05-24T06:46:47.236Z","s","l"
"9.33250","1.92641516","2024-05-24T06:46:52.629Z","s","l"
"9.33240","0.17358484","2024-05-24T06:46:52.629Z","s","l"
"9.33240","2.15997036","2024-05-24T06:57:35.020Z","s","l"
"9.37610","1.17319567","2024-05-24T07:04:15.638Z","b","l"
"9.28130","2.34640304","2024-05-24T07:42:02.518Z","s","l"
"9.31330","5.05899090","2024-05-24T07:49:20.167Z","b","l"
"9.23050","2.35931645","2024-05-24T07:54:40.061Z","s","l"
"9.18010","2.37226942","2024-05-24T08:08:48.264Z","s","l"
"9.25900","2.36579293","2024-05-24T08:57:44.877Z","b","l"
"9.25910","0.64107238","2024-05-24T08:57:44.877Z","b","l"
"9.13350","21.20000000","2024-05-24T09:44:43.407Z","s","l"
"9.25980","3.62535907","2024-05-24T09:46:25.110Z","b","l"
"9.13800","2.99557600","2024-05-24T10:17:10.256Z","s","l"
"9.12990","2.38531315","2024-05-24T10:17:10.256Z","s","l"
"9.11820","2.51916758","2024-05-24T10:17:10.256Z","s","l"
"9.11800","3.01013054","2024-05-24T10:17:10.256Z","s","l"
"9.08060","3.06667835","2024-05-24T10:17:10.256Z","s","l"
"9.08000","2.39842186","2024-05-24T10:17:10.256Z","s","l"
"9.03060","2.30010953","2024-05-24T10:17:10.257Z","s","l"
"9.03040","2.08105148","2024-05-24T10:17:10.257Z","s","l"
"9.03030","2.41162204","2024-05-24T10:17:10.257Z","s","l"
"9.08000","21.10447429","2024-05-24T10:17:10.354Z","b","l"
"9.08000","16.37528748","2024-05-24T10:17:10.354Z","b","l"
"9.08000","5.86607942","2024-05-24T10:17:10.354Z","b","l"
"9.08000","16.37528748","2024-05-24T10:17:10.354Z","b","l"
"9.25700","56.00000000","2024-05-24T10:17:11.053Z","b","l"
"9.25700","3.20976102","2024-05-24T10:17:11.056Z","b","l"
"9.25710","10.50520943","2024-05-24T10:17:11.056Z","b","l"
"9.25990","2.37226942","2024-05-24T10:17:11.056Z","b","l"
"9.31070","56.00000000","2024-05-24T10:17:11.447Z","b","l"
"9.20920","4.00000000","2024-05-24T10:17:20.904Z","b","l"
"9.20920","4.00000000","2024-05-24T10:17:20.909Z","b","l"
"9.20920","13.00000000","2024-05-24T10:17:20.976Z","b","l"
"9.20920","13.00000000","2024-05-24T10:17:21.013Z","b","l"
"9.20920","25.00000000","2024-05-24T10:17:21.171Z","b","l"
"9.20920","26.00000000","2024-05-24T10:17:21.176Z","b","l"
"9.20920","2.00000000","2024-05-24T10:17:21.270Z","b","l"
"9.20920","19.87781700","2024-05-24T10:17:21.297Z","b","l"
"9.20920","9.00000000","2024-05-24T10:17:21.611Z","b","l"
"9.20920","8.00000000","2024-05-24T10:17:21.670Z","b","l"
"9.20920","2.20000000","2024-05-24T10:17:21.710Z","b","l"
"9.15880","2.00000000","2024-05-24T10:17:22.568Z","b","l"
"9.15880","15.00000000","2024-05-24T10:17:22.770Z","b","l"
"9.15880","41.00000000","2024-05-24T10:17:22.798Z","b","l"
"9.15880","18.20976102","2024-05-24T10:17:22.835Z","b","l"
"9.15890","2.39842186","2024-05-24T10:17:22.835Z","b","l"
"9.20920","2.00000000","2024-05-24T10:17:23.271Z","b","l"
"9.20920","14.00000000","2024-05-24T10:17:23.859Z","b","l"
"9.10880","2.20000000","2024-05-24T10:17:24.191Z","b","l"
"9.10880","0.21162204","2024-05-24T10:17:24.193Z","b","l"
"9.20920","8.82028400","2024-05-24T10:17:24.201Z","b","l"
"9.20910","20.00000000","2024-05-24T10:17:24.384Z","b","l"
"9.20910","1.98837796","2024-05-24T10:17:24.606Z","b","l"
"9.18010","2.37226942","2024-05-24T10:17:25.252Z","s","l"
"9.18010","2.36515972","2024-05-24T10:17:25.664Z","b","l"
"9.20900","13.63484028","2024-05-24T10:17:25.664Z","b","l"
"9.20900","3.80000000","2024-05-24T10:17:26.180Z","b","l"
"9.20930","2.38531315","2024-05-24T10:17:26.259Z","b","l"
"9.07820","5.39754576","2024-05-24T10:17:28.006Z","s","l"
"8.98100","6.75039271","2024-05-24T10:17:33.354Z","s","l"
"8.98090","2.42488732","2024-05-24T10:17:33.354Z","s","l"
"8.93170","2.43824474","2024-05-24T10:17:33.354Z","s","l"
"9.08000","2.39842186","2024-05-24T10:17:36.490Z","s","l"
"9.07990","56.00000000","2024-05-24T10:17:36.769Z","b","l"
"9.07990","3.20976102","2024-05-24T10:17:36.793Z","b","l"
"9.08000","2.39123378","2024-05-24T10:17:36.793Z","b","l"
"9.07820","5.39754576","2024-05-24T10:17:36.963Z","s","l"
"9.07810","58.00000000","2024-05-24T10:17:36.988Z","b","l"
"9.07810","5.00000000","2024-05-24T10:17:37.052Z","b","l"
"9.07810","5.00000000","2024-05-24T10:17:37.176Z","b","l"
"9.07810","59.20976102","2024-05-24T10:17:37.247Z","b","l"
"9.07820","1.79023898","2024-05-24T10:17:37.247Z","b","l"
"9.07820","3.60730678","2024-05-24T10:17:37.249Z","b","l"
"9.25780","6.00000000","2024-05-24T10:17:37.649Z","b","l"
"9.25780","3.40000000","2024-05-24T10:17:38.032Z","b","l"
"9.12990","2.38531315","2024-05-24T10:17:38.992Z","s","l"
"9.25780","4.00000000","2024-05-24T10:17:40.175Z","b","l"
"9.25780","4.00000000","2024-05-24T10:17:40.186Z","b","l"
"9.25780","2.39269322","2024-05-24T10:17:40.398Z","b","l"
"9.03030","2.41162204","2024-05-24T10:17:40.625Z","s","l"
"9.03020","59.20976102","2024-05-24T10:17:40.670Z","b","l"
"9.03030","2.41162204","2024-05-24T10:17:40.670Z","b","l"
"9.25780","6.58900520","2024-05-24T10:17:40.736Z","b","l"
"9.25780","2.20000000","2024-05-24T10:17:41.348Z","b","l"
"9.25780","2.20000000","2024-05-24T10:17:43.526Z","b","l"
"9.05890","2.30000000","2024-05-24T10:17:50.635Z","b","l"
"9.05890","56.90976102","2024-05-24T10:17:50.765Z","b","l"
"9.05900","1.09023898","2024-05-24T10:17:50.765Z","b","l"
"9.05890","2.30000000","2024-05-24T10:17:50.898Z","b","l"
"9.05890","56.00000000","2024-05-24T10:17:50.905Z","b","l"
"9.05890","54.00000000","2024-05-24T10:17:51.034Z","b","l"
"9.05890","57.00000000","2024-05-24T10:17:51.083Z","b","l"
"9.05890","57.00000000","2024-05-24T10:17:51.151Z","b","l"
"9.05890","55.00000000","2024-05-24T10:17:51.189Z","b","l"
"9.05890","55.00000000","2024-05-24T10:17:51.221Z","b","l"
"9.05890","57.00000000","2024-05-24T10:17:51.300Z","b","l"
"9.05890","2.20976102","2024-05-24T10:17:51.314Z","b","l"
"9.05890","53.79023898","2024-05-24T10:17:51.314Z","b","l"
"9.05890","6.00000000","2024-05-24T10:17:51.383Z","b","l"
"9.05890","2.10000000","2024-05-24T10:17:51.406Z","b","l"
"9.05890","6.00000000","2024-05-24T10:17:51.425Z","b","l"
"9.05890","4.00000000","2024-05-24T10:17:51.458Z","b","l"
"9.05890","55.20976102","2024-05-24T10:17:51.464Z","b","l"
"9.05900","1.33464834","2024-05-24T10:17:51.464Z","b","l"
"9.25780","2.60000000","2024-05-24T10:17:51.999Z","b","l"
"9.20920","31.00000000","2024-05-24T10:17:53.950Z","b","l"
"9.20920","3.30000000","2024-05-24T10:17:53.954Z","b","l"
"9.20920","2.60000000","2024-05-24T10:17:53.960Z","b","l"
"9.20920","29.00000000","2024-05-24T10:17:54.107Z","b","l"
"9.20920","2.80000000","2024-05-24T10:17:54.445Z","b","l"
"9.00930","59.20976102","2024-05-24T10:17:54.612Z","b","l"
"9.00940","2.43824474","2024-05-24T10:17:54.612Z","b","l"
"9.20920","4.00000000","2024-05-24T10:17:54.849Z","b","l"
"9.20920","4.00000000","2024-05-24T10:17:54.864Z","b","l"
"9.20920","7.00000000","2024-05-24T10:17:55.308Z","b","l"
"9.20920","3.70000000","2024-05-24T10:17:55.404Z","b","l"
"9.20920","3.00000000","2024-05-24T10:17:55.906Z","b","l"
"9.20910","2.30000000","2024-05-24T10:17:55.924Z","b","l"
"9.20910","2.80000000","2024-05-24T10:17:55.967Z","b","l"
"9.20900","13.00000000","2024-05-24T10:17:56.174Z","b","l"
"9.20900","4.00000000","2024-05-24T10:17:56.182Z","b","l"
"9.20900","13.00000000","2024-05-24T10:17:56.188Z","b","l"
"9.20920","2.50000000","2024-05-24T10:17:56.296Z","b","l"
"9.10880","2.00000000","2024-05-24T10:17:56.501Z","b","l"
"9.10880","0.41162204","2024-05-24T10:17:56.732Z","b","l"
"9.20920","1.78837796","2024-05-24T10:17:57.161Z","b","l"
"9.20920","5.00000000","2024-05-24T10:17:57.352Z","b","l"
"9.15880","2.30000000","2024-05-24T10:17:57.769Z","b","l"
"9.15880","43.00000000","2024-05-24T10:17:57.911Z","b","l"
"9.15880","41.00000000","2024-05-24T10:17:57.992Z","b","l"
"9.15880","18.20976102","2024-05-24T10:17:58.150Z","b","l"
"9.15890","2.39842186","2024-05-24T10:17:58.150Z","b","l"
"9.20900","16.39181712","2024-05-24T10:17:58.536Z","b","l"
"9.20920","10.00000000","2024-05-24T10:17:58.782Z","b","l"
"9.20920","12.00000000","2024-05-24T10:17:58.785Z","b","l"
"9.20920","2.20000000","2024-05-24T10:17:59.240Z","b","l"
"9.20920","38.00000000","2024-05-24T10:18:00.656Z","b","l"
"9.20910","10.00000000","2024-05-24T10:18:00.760Z","b","l"
"9.20900","11.00000000","2024-05-24T10:18:01.171Z","b","l"
"9.20920","2.30000000","2024-05-24T10:18:05.189Z","b","l"
"9.20880","2.20000000","2024-05-24T10:18:05.587Z","b","l"
"9.20880","2.10000000","2024-05-24T10:18:05.680Z","b","l"
"9.20880","10.00000000","2024-05-24T10:18:07.473Z","b","l"
"9.20920","2.10000000","2024-05-24T10:18:07.778Z","b","l"
"9.11820","1.68456552","2024-05-24T10:18:08.163Z","s","l"
"9.11820","0.00168626","2024-05-24T10:18:08.164Z","s","l"
"9.11810","57.00000000","2024-05-24T10:18:08.440Z","b","l"
"9.11810","57.00000000","2024-05-24T10:18:08.454Z","b","l"
"9.11810","3.00000000","2024-05-24T10:18:08.702Z","b","l"
"9.11810","2.60000000","2024-05-24T10:18:08.773Z","b","l"
"9.11810","22.96000000","2024-05-24T10:18:08.901Z","b","l"
"9.11810","36.24976102","2024-05-24T10:18:08.980Z","b","l"
"9.11820","1.68456552","2024-05-24T10:18:08.980Z","b","l"
"9.20920","16.06567346","2024-05-24T10:18:09.380Z","b","l"
"9.20920","4.91000000","2024-05-24T10:18:09.387Z","b","l"
"9.03030","2.41162204","2024-05-24T10:18:09.435Z","s","l"
"9.20920","36.00000000","2024-05-24T10:18:09.876Z","b","l"
"9.20920","19.00000000","2024-05-24T10:18:11.478Z","b","l"
"9.20920","15.00000000","2024-05-24T10:18:11.812Z","b","l"
"9.08000","2.39123378","2024-05-24T10:18:12.271Z","s","l"
"9.08000","0.00718808","2024-05-24T10:18:12.272Z","s","l"
"9.08000","2.20000000","2024-05-24T10:18:12.626Z","b","l"
"9.08000","0.19123378","2024-05-24T10:18:12.630Z","b","l"
"9.20900","2.00876622","2024-05-24T10:18:15.063Z","b","l"
"9.20840","4.00000000","2024-05-24T10:18:20.375Z","b","l"
"9.20840","2.40000000","2024-05-24T10:18:20.385Z","b","l"
"9.20920","2.00000000","2024-05-24T10:18:20.642Z","b","l"
"9.20920","2.60000000","2024-05-24T10:18:20.777Z","b","l"
"9.20920","2.40000000","2024-05-24T10:18:20.787Z","b","l"
"9.20920","2.10000000","2024-05-24T10:18:21.073Z","b","l"
"9.20920","2.00000000","2024-05-24T10:18:21.085Z","b","l"
"9.10880","2.10000000","2024-05-24T10:18:24.333Z","b","l"
"9.10880","0.31162204","2024-05-24T10:18:24.349Z","b","l"
"9.20900","2.40000000","2024-05-24T10:18:24.601Z","b","l"
"9.20900","2.20000000","2024-05-24T10:18:24.622Z","b","l"
"9.20900","2.20000000","2024-05-24T10:18:24.676Z","b","l"
"9.20900","2.10000000","2024-05-24T10:18:24.682Z","b","l"
"9.20890","2.80000000","2024-05-24T10:18:24.876Z","b","l"
"9.20890","2.70000000","2024-05-24T10:18:24.887Z","b","l"
"9.20890","2.80000000","2024-05-24T10:18:25.082Z","b","l"
"9.20890","2.60000000","2024-05-24T10:18:25.090Z","b","l"
"9.15880","2.00000000","2024-05-24T10:18:31.991Z","b","l"
"9.15860","17.00000000","2024-05-24T10:18:32.261Z","b","l"
"9.15860","42.20976102","2024-05-24T10:18:32.267Z","b","l"
"9.15890","2.39842186","2024-05-24T10:18:32.267Z","b","l"
"9.20830","27.00000000","2024-05-24T10:18:33.166Z","b","l"
"9.20810","3.39181712","2024-05-24T10:18:35.468Z","b","l"
"9.03030","2.41162204","2024-05-24T10:18:41.804Z","s","l"
"9.08000","2.39123378","2024-05-24T10:18:43.587Z","s","l"
"9.08000","0.00718808","2024-05-24T10:18:43.587Z","s","l"
"9.08000","2.20000000","2024-05-24T10:18:43.870Z","b","l"
"9.07990","13.00000000","2024-05-24T10:18:44.299Z","b","l"
"9.07990","0.86488837","2024-05-24T10:18:44.307Z","b","l"
"9.08000","0.19123378","2024-05-24T10:18:44.307Z","b","l"
"9.20830","11.94387785","2024-05-24T10:18:44.769Z","b","l"
"9.10880","2.20000000","2024-05-24T10:18:53.144Z","b","l"
"9.10880","0.21162204","2024-05-24T10:18:53.163Z","b","l"
"9.03030","2.41162204","2024-05-24T10:19:02.589Z","s","l"
"9.10880","2.41162204","2024-05-24T10:19:11.918Z","b","l"
"9.15890","0.78837796","2024-05-24T10:19:11.918Z","b","l"
"9.15890","1.61004390","2024-05-24T10:19:11.922Z","b","l"
"9.03030","2.41162204","2024-05-24T10:19:20.025Z","s","l"
"9.03040","3.37519636","2024-05-24T10:19:20.206Z","s","l"
"9.08000","2.39842186","2024-05-24T10:19:21.956Z","s","l"
"9.20810","2.20000000","2024-05-24T10:19:29.878Z","b","l"
"9.20810","2.10000000","2024-05-24T10:19:29.890Z","b","l"
"9.20810","6.00000000","2024-05-24T10:19:30.169Z","b","l"
"9.20810","6.66383618","2024-05-24T10:19:30.212Z","b","l"
"9.20820","3.33616382","2024-05-24T10:19:30.212Z","b","l"
"9.20820","5.00000000","2024-05-24T10:19:30.271Z","b","l"
"9.20820","5.00000000","2024-05-24T10:19:30.482Z","b","l"
"9.20820","4.00000000","2024-05-24T10:19:30.575Z","b","l"
"9.20820","3.00000000","2024-05-24T10:19:30.873Z","b","l"
"8.98100","8.97025261","2024-05-24T10:19:33.358Z","s","l"
"9.15890","2.39842186","2024-05-24T10:19:33.371Z","b","l"
"9.20820","3.60157814","2024-05-24T10:19:33.371Z","b","l"
"9.20820","2.00000000","2024-05-24T10:19:33.640Z","b","l"
"9.10880","2.20000000","2024-05-24T10:19:35.643Z","b","l"
"9.10880","0.21162204","2024-05-24T10:19:35.658Z","b","l"
"9.20820","2.90000000","2024-05-24T10:19:35.908Z","b","l"
"9.20920","2.10000000","2024-05-24T10:19:40.577Z","b","l"
"9.20920","9.00000000","2024-05-24T10:19:40.854Z","b","l"
"9.20920","5.00000000","2024-05-24T10:19:41.180Z","b","l"
"9.20920","6.00000000","2024-05-24T10:19:41.265Z","b","l"
"9.20920","1.87752811","2024-05-24T10:19:41.447Z","b","l"
"9.20930","1.72247189","2024-05-24T10:19:41.447Z","b","l"
"9.08000","2.39842186","2024-05-24T10:19:44.896Z","s","l"
"9.03030","2.41162204","2024-05-24T10:19:49.375Z","s","l"
"9.03040","20.84198295","2024-05-24T10:19:49.619Z","s","l"
"9.10880","2.20000000","2024-05-24T10:19:59.410Z","b","l"
"9.10880","0.21162204","2024-05-24T10:19:59.630Z","b","l"
"9.15890","2.39842186","2024-05-24T10:20:01.017Z","b","l"
"9.20920","0.60157814","2024-05-24T10:20:01.017Z","b","l"
"9.20920","2.50000000","2024-05-24T10:20:01.194Z","b","l"
"9.20920","2.30000000","2024-05-24T10:20:03.777Z","b","l"
"9.20920","8.00000000","2024-05-24T10:20:03.896Z","b","l"
"9.20920","7.00000000","2024-05-24T10:20:04.044Z","b","l"
"9.20920","2.00817739","2024-05-24T10:20:04.126Z","b","l"
"9.20930","0.66284126","2024-05-24T10:20:04.126Z","b","l"
"9.25780","5.40085117","2024-05-24T10:20:53.362Z","b","l"
"9.13000","6.27318103","2024-05-24T10:22:13.367Z","s","l"
"9.25630","2.30000000","2024-05-24T10:43:16.663Z","b","l"
"9.25630","3.40000000","2024-05-24T10:43:17.227Z","b","l"
"9.25630","3.20000000","2024-05-24T10:43:17.427Z","b","l"
"9.25630","2.74104269","2024-05-24T10:43:17.557Z","b","l"
"9.25650","0.65895731","2024-05-24T10:43:17.557Z","b","l"
"9.25650","3.30000000","2024-05-24T10:43:17.613Z","b","l"
"9.25650","3.20000000","2024-05-24T10:43:19.664Z","b","l"
"9.25650","4.48208538","2024-05-24T10:43:19.884Z","b","l"
"9.25660","1.51791462","2024-05-24T10:43:19.884Z","b","l"
"9.25660","0.96909296","2024-05-24T10:43:19.939Z","b","l"
"9.25660","3.02768835","2024-05-24T10:43:19.939Z","b","l"
"9.25990","1.00321869","2024-05-24T10:43:19.939Z","b","l"
"9.25990","1.36905073","2024-05-24T10:43:21.867Z","b","l"
"9.31070","2.53094927","2024-05-24T10:43:22.255Z","b","l"
"9.25640","2.20000000","2024-05-24T10:44:03.359Z","b","l"
"9.25640","0.07102953","2024-05-24T10:44:03.389Z","b","l"
"9.25660","1.66473178","2024-05-24T10:44:03.389Z","b","l"
"9.18020","3.10851000","2024-05-24T10:50:46.581Z","s","l"
"9.18020","2.49692760","2024-05-24T11:30:33.863Z","s","m"
"9.30810","5.00000000","2024-05-24T12:11:49.594Z","b","l"
"9.30810","3.26414225","2024-05-24T12:11:49.790Z","b","l"
"9.30820","1.73585775","2024-05-24T12:11:49.790Z","b","l"
"9.30820","1.06686105","2024-05-24T12:11:49.877Z","b","l"
"9.31080","2.35931645","2024-05-24T12:11:49.877Z","b","l"
"9.32240","2.32752944","2024-05-24T12:11:50.572Z","b","l"
"9.34570","0.47247056","2024-05-24T12:11:50.572Z","b","l"
"9.23110","18.57382000","2024-05-24T13:18:02.517Z","s","l"
"9.23060","1.83172408","2024-05-24T14:16:00.606Z","s","l"
"9.23060","11.85755000","2024-05-24T14:22:40.981Z","s","l"
"9.34590","2.20000000","2024-05-24T14:30:19.783Z","b","l"
"9.34590","2.10000000","2024-05-24T14:30:19.809Z","b","l"
"9.34600","2.40000000","2024-05-24T14:31:49.593Z","b","l"
"9.34600","2.60000000","2024-05-24T14:31:49.596Z","b","l"
"9.34590","2.30000000","2024-05-24T14:34:07.614Z","b","l"
"9.34590","3.10000000","2024-05-24T14:34:07.651Z","b","l"
"9.34590","12.68290644","2024-05-24T14:59:20.687Z","b","l"
"9.34600","1.66527188","2024-05-24T14:59:20.687Z","b","l"
"9.36200","2.25182168","2024-05-24T14:59:20.687Z","b","l"
"9.23270","17.47479000","2024-05-24T15:07:05.314Z","s","l"
"9.36190","3.53062946","2024-05-24T15:41:10.020Z","b","l"
"9.36170","2.00000000","2024-05-24T15:50:42.800Z","b","l"
"9.23120","14.49394000","2024-05-24T17:18:32.638Z","s","l"
"9.23170","5.41612054","2024-05-24T17:41:46.834Z","s","l"
"9.23170","6.20660946","2024-05-24T17:41:46.834Z","s","l"
"9.34770","18.11682018","2024-05-24T17:51:00.483Z","b","l"
"9.34750","1.00000000","2024-05-24T18:10:25.170Z","b","m"
"9.34750","1.00000000","2024-05-24T18:10:26.326Z","b","m"
"9.34750","1.00000000","2024-05-24T18:10:27.052Z","b","m"
"9.34750","1.00000000","2024-05-24T18:10:28.100Z","b","m"
"9.34750","1.00000000","2024-05-24T18:10:29.224Z","b","m"
"9.34750","1.00000000","2024-05-24T18:10:30.169Z","b","m"
"9.34750","1.00000000","2024-05-24T18:10:31.647Z","b","m"
"9.34750","1.00000000","2024-05-24T18:10:33.452Z","b","m"
"9.34750","1.00000000","2024-05-24T18:10:35.695Z","b","m"
"9.34750","1.00000000","2024-05-24T18:10:36.872Z","b","m"
"9.34750","1.00000000","2024-05-24T18:10:39.082Z","b","m"
"9.34750","1.00000000","2024-05-24T18:10:39.852Z","b","m"
"9.34750","1.00000000","2024-05-24T18:10:41.199Z","b","m"
"9.34790","1.00000000","2024-05-24T18:10:42.469Z","b","m"
"9.34790","1.00000000","2024-05-24T18:10:43.212Z","b","m"
"9.34790","1.00000000","2024-05-24T18:10:44.029Z","b","m"
"9.34790","1.00000000","2024-05-24T18:10:44.875Z","b","m"
"9.34790","1.00000000","2024-05-24T18:10:46.428Z","b","m"
"9.34790","1.00000000","2024-05-24T18:10:47.184Z","b","m"
"9.34790","1.00000000","2024-05-24T18:10:47.678Z","b","m"
"9.34750","1.00000000","2024-05-24T18:11:29.468Z","b","m"
"9.34750","1.00000000","2024-05-24T18:11:30.665Z","b","m"
"9.34750","1.00000000","2024-05-24T18:11:35.719Z","b","m"
"9.34750","0.60539813","2024-05-24T18:12:10.683Z","b","l"
"9.34760","1.58227092","2024-05-24T18:12:10.683Z","b","l"
"9.34800","1.81233095","2024-05-24T18:12:10.683Z","b","l"
"9.34790","2.10539813","2024-05-24T18:12:10.994Z","b","l"
"9.34800","0.29460187","2024-05-24T18:12:10.994Z","b","l"
"9.34800","1.00000000","2024-05-24T18:12:11.483Z","b","m"
"9.34800","7.00000000","2024-05-24T18:12:11.483Z","b","l"
"9.34800","6.00000000","2024-05-24T18:12:11.591Z","b","l"
"9.34800","3.30000000","2024-05-24T18:12:11.760Z","b","l"
"9.34800","4.00000000","2024-05-24T18:12:12.084Z","b","l"
"9.34800","5.00000000","2024-05-24T18:12:12.358Z","b","l"
"9.34800","1.00000000","2024-05-24T18:12:12.512Z","b","m"
"9.34800","4.00000000","2024-05-24T18:12:12.628Z","b","l"
"9.34800","3.70000000","2024-05-24T18:12:12.813Z","b","l"
"9.34800","13.00000000","2024-05-24T18:12:12.917Z","b","l"
"9.34800","1.00000000","2024-05-24T18:12:13.094Z","b","m"
"9.34800","9.00000000","2024-05-24T18:12:13.097Z","b","l"
"9.34800","7.00000000","2024-05-24T18:12:13.200Z","b","l"
"9.34800","7.00000000","2024-05-24T18:12:13.479Z","b","l"
"9.34800","7.00000000","2024-05-24T18:12:14.038Z","b","l"
"9.34800","4.00000000","2024-05-24T18:12:14.312Z","b","l"
"9.34800","3.00000000","2024-05-24T18:12:14.422Z","b","l"
"9.34800","3.10000000","2024-05-24T18:12:14.492Z","b","l"
"9.34800","4.00000000","2024-05-24T18:12:14.691Z","b","l"
"9.34800","3.10000000","2024-05-24T18:12:14.954Z","b","l"
"9.34800","3.70000000","2024-05-24T18:12:15.278Z","b","l"
"9.34800","4.00000000","2024-05-24T18:12:15.557Z","b","l"
"9.34800","2.20000000","2024-05-24T18:12:15.882Z","b","l"
"9.34800","2.00000000","2024-05-24T18:12:16.426Z","b","l"
"9.34800","3.60000000","2024-05-24T18:12:16.744Z","b","l"
"9.34800","3.00000000","2024-05-24T18:12:17.009Z","b","l"
"9.34800","3.90000000","2024-05-24T18:12:17.479Z","b","l"
"9.34800","3.60000000","2024-05-24T18:12:17.747Z","b","l"
"9.34800","1.00000000","2024-05-24T18:12:18.019Z","b","m"
"9.34800","3.90000000","2024-05-24T18:12:18.389Z","b","l"
"9.34800","2.40000000","2024-05-24T18:12:18.656Z","b","l"
"9.34800","2.20000000","2024-05-24T18:12:18.919Z","b","l"
"9.34800","2.10000000","2024-05-24T18:12:19.284Z","b","l"
"9.34800","1.00000000","2024-05-24T18:12:19.379Z","b","m"
"9.34800","2.40000000","2024-05-24T18:12:19.552Z","b","l"
"9.34800","3.10000000","2024-05-24T18:12:19.679Z","b","l"
"9.34800","2.80000000","2024-05-24T18:12:19.815Z","b","l"
"9.34800","2.80000000","2024-05-24T18:12:19.942Z","b","l"
"9.34800","7.00000000","2024-05-24T18:12:20.081Z","b","l"
"9.34800","3.30000000","2024-05-24T18:12:20.217Z","b","l"
"9.34800","3.50000000","2024-05-24T18:12:20.348Z","b","l"
"9.34800","1.00000000","2024-05-24T18:12:20.551Z","b","m"
"9.34800","7.00000000","2024-05-24T18:12:20.681Z","b","l"
"9.34800","2.50000000","2024-05-24T18:12:20.975Z","b","l"
"9.34800","1.00000000","2024-05-24T18:12:21.309Z","b","m"
"9.34800","6.00000000","2024-05-24T18:12:21.379Z","b","l"
"9.34800","15.00000000","2024-05-24T18:12:21.572Z","b","l"
"9.34800","15.00000000","2024-05-24T18:12:21.649Z","b","l"
"9.34800","3.30000000","2024-05-24T18:12:21.838Z","b","l"
"9.34800","2.30000000","2024-05-24T18:12:22.100Z","b","l"
"9.34800","1.00000000","2024-05-24T18:12:22.929Z","b","m"
"9.34800","6.00000000","2024-05-24T18:12:23.280Z","b","l"
"9.34800","3.40000000","2024-05-24T18:12:23.469Z","b","l"
"9.34800","3.40000000","2024-05-24T18:12:23.551Z","b","l"
"9.34800","11.00000000","2024-05-24T18:12:23.703Z","b","l"
"9.34800","14.00000000","2024-05-24T18:12:23.730Z","b","l"
"9.34800","8.00000000","2024-05-24T18:12:23.969Z","b","l"
"9.34800","4.00000000","2024-05-24T18:12:23.995Z","b","l"
"9.34800","1.00000000","2024-05-24T18:12:24.069Z","b","m"
"9.34800","2.50000000","2024-05-24T18:12:24.247Z","b","l"
"9.34800","5.00000000","2024-05-24T18:12:24.395Z","b","l"
"9.34800","14.00000000","2024-05-24T18:12:24.485Z","b","l"
"9.34800","6.00000000","2024-05-24T18:12:24.688Z","b","l"
"9.34800","7.00000000","2024-05-24T18:12:24.788Z","b","l"
"9.34800","10.00000000","2024-05-24T18:12:24.964Z","b","l"
"9.34800","9.00000000","2024-05-24T18:12:25.096Z","b","l"
"9.34800","5.00000000","2024-05-24T18:12:25.244Z","b","l"
"9.34800","1.00000000","2024-05-24T18:12:25.734Z","b","m"
"9.34800","369.00000000","2024-05-24T18:12:25.847Z","b","l"
"9.34800","3.70000000","2024-05-24T18:12:25.867Z","b","l"
"9.34800","1.00000000","2024-05-24T18:12:26.120Z","b","m"
"9.34800","1.00000000","2024-05-24T18:12:27.019Z","b","m"
"9.34800","1.00000000","2024-05-24T18:12:28.615Z","b","m"
"9.34800","1.00000000","2024-05-24T18:12:29.731Z","b","m"
"9.34800","1.00000000","2024-05-24T18:12:30.531Z","b","m"
"9.34800","1.00000000","2024-05-24T18:12:31.127Z","b","m"
"9.34800","1.00000000","2024-05-24T18:12:32.128Z","b","m"
"9.34800","1.00000000","2024-05-24T18:12:33.870Z","b","m"
"9.34800","1.00000000","2024-05-24T18:12:34.646Z","b","m"
"9.34800","1.00000000","2024-05-24T18:12:35.341Z","b","m"
"9.34800","1.00000000","2024-05-24T18:12:36.031Z","b","m"
"9.34800","1.00000000","2024-05-24T18:12:37.409Z","b","m"
"9.34800","1.00000000","2024-05-24T18:12:38.243Z","b","m"
"9.34800","1.00000000","2024-05-24T18:12:39.310Z","b","m"
"9.34800","369.00000000","2024-05-24T18:12:39.658Z","b","l"
"9.34800","1.00000000","2024-05-24T18:12:41.701Z","b","m"
"9.34800","1.00000000","2024-05-24T18:12:42.271Z","b","m"
"9.34800","1.00000000","2024-05-24T18:12:44.040Z","b","m"
"9.34800","369.00000000","2024-05-24T18:12:55.740Z","b","l"
"9.34800","369.00000000","2024-05-24T18:13:10.046Z","b","l"
"9.34800","153.90000000","2024-05-24T18:13:24.972Z","b","l"
"9.34800","37.00000000","2024-05-24T18:15:00.876Z","b","l"
"9.34800","18.00000000","2024-05-24T18:15:01.140Z","b","l"
"9.34800","2.00000000","2024-05-24T18:15:01.409Z","b","l"
"9.34800","2.90000000","2024-05-24T18:15:01.676Z","b","l"
"9.34800","3.90000000","2024-05-24T18:15:02.080Z","b","l"
"9.34800","2.70000000","2024-05-24T18:15:02.682Z","b","l"
"9.34800","3.70000000","2024-05-24T18:15:03.186Z","b","l"
"9.34800","2.30000000","2024-05-24T18:15:03.577Z","b","l"
"9.34800","3.30000000","2024-05-24T18:15:03.877Z","b","l"
"9.34800","9.00000000","2024-05-24T18:17:45.104Z","b","l"
"9.34800","17.00000000","2024-05-24T18:17:45.178Z","b","l"
"9.34800","19.00000000","2024-05-24T18:17:45.371Z","b","l"
"9.34800","10.00000000","2024-05-24T18:17:45.444Z","b","l"
"9.34800","7.00000000","2024-05-24T18:17:45.581Z","b","l"
"9.34800","4.00000000","2024-05-24T18:17:45.675Z","b","l"
"9.34800","5.00000000","2024-05-24T18:17:45.780Z","b","l"
"9.34800","27.00000000","2024-05-24T18:17:45.880Z","b","l"
"9.34800","6.00000000","2024-05-24T18:17:48.480Z","b","l"
"9.34800","6.00000000","2024-05-24T18:17:48.742Z","b","l"
"9.34800","16.00000000","2024-05-24T18:17:49.010Z","b","l"
"9.34800","4.00000000","2024-05-24T18:17:49.478Z","b","l"
"9.34800","2.60000000","2024-05-24T18:17:49.742Z","b","l"
"9.34800","3.90000000","2024-05-24T18:17:49.781Z","b","l"
"9.34800","2.70000000","2024-05-24T18:17:49.899Z","b","l"
"9.34800","2.50000000","2024-05-24T18:17:52.082Z","b","l"
"9.34800","8.00000000","2024-05-24T18:17:52.282Z","b","l"
"9.34800","87.00000000","2024-05-24T18:18:35.456Z","b","l"
"9.34800","37.00000000","2024-05-24T18:18:37.551Z","b","l"
"9.34800","3.00000000","2024-05-24T18:20:12.816Z","b","l"
"9.34800","15.00000000","2024-05-24T18:20:12.987Z","b","l"
"9.34800","5.00000000","2024-05-24T18:20:13.854Z","b","l"
"9.34800","2.20000000","2024-05-24T18:20:14.024Z","b","l"
"9.34800","1.93765425","2024-05-24T18:20:14.149Z","b","l"
"9.36200","0.09458136","2024-05-24T18:20:14.149Z","b","l"
"9.28200","0.94632000","2024-05-24T19:23:22.317Z","s","l"
"9.28180","1.00000000","2024-05-24T19:32:52.291Z","s","m"
"9.41340","1.72316000","2024-05-24T19:59:48.979Z","b","l"
"9.41350","0.27684000","2024-05-24T19:59:48.979Z","b","l"
"9.28280","34.73729096","2024-05-24T20:02:29.363Z","s","l"
"9.28270","1.68467159","2024-05-24T20:02:29.363Z","s","l"
"9.28230","2.49128052","2024-05-24T20:02:29.363Z","s","l"
"9.28130","2.34640304","2024-05-24T20:02:29.363Z","s","l"
"9.23050","2.35931645","2024-05-24T20:02:29.363Z","s","l"
"9.18070","1.26334576","2024-05-24T20:02:29.363Z","s","l"
"9.18070","1.08978650","2024-05-24T20:02:29.365Z","s","l"
"9.18010","2.37226942","2024-05-24T20:02:29.365Z","s","l"
"9.16550","38.18657322","2024-05-24T20:02:29.365Z","s","l"
"9.12990","2.38531315","2024-05-24T20:02:29.369Z","s","l"
"9.11800","6.76850698","2024-05-24T20:02:29.369Z","s","l"
"9.11800","0.05520813","2024-05-24T20:02:29.369Z","s","l"
"9.08000","2.39842186","2024-05-24T20:02:29.369Z","s","l"
"9.16540","11.42046994","2024-05-24T20:02:29.412Z","b","l"
"9.16550","17.06494172","2024-05-24T20:02:29.412Z","b","l"
"9.34600","6.00000000","2024-05-24T20:02:30.103Z","b","l"
"9.34600","0.81553646","2024-05-24T20:02:30.175Z","b","l"
"9.41350","2.05671520","2024-05-24T20:02:30.175Z","b","l"
"9.34590","1.72316001","2024-05-24T20:02:30.297Z","b","l"
"9.43860","11.00000000","2024-05-24T20:02:30.483Z","b","l"
"9.43850","2.27683999","2024-05-24T20:02:30.700Z","b","l"
"9.43860","10.00000000","2024-05-24T20:02:30.884Z","b","l"
"9.43850","4.00000000","2024-05-24T20:02:33.581Z","b","l"
"9.11840","5.37374978","2024-05-24T20:02:39.644Z","s","l"
"9.11830","28.35287482","2024-05-24T20:02:39.644Z","s","l"
"9.11830","6.38441614","2024-05-24T20:02:39.646Z","s","l"
"9.11800","6.97755139","2024-05-24T20:02:39.646Z","s","l"
"9.10430","32.80331887","2024-05-24T20:02:39.715Z","b","l"
"9.34590","5.00000000","2024-05-24T20:02:40.363Z","b","l"
"9.34590","5.00000000","2024-05-24T20:02:40.371Z","b","l"
"9.34590","3.90000000","2024-05-24T20:02:40.414Z","b","l"
"9.34590","20.00000000","2024-05-24T20:02:40.636Z","b","l"
"9.34590","5.00000000","2024-05-24T20:02:40.697Z","b","l"
"9.34590","30.30976102","2024-05-24T20:02:40.734Z","b","l"
"9.34600","6.96918836","2024-05-24T20:02:40.734Z","b","l"
"9.43830","15.72105062","2024-05-24T20:02:41.124Z","b","l"
"9.11800","7.13485575","2024-05-24T20:02:41.158Z","s","l"
"9.03030","2.41162204","2024-05-24T20:02:41.158Z","s","l"
"8.98090","2.42488732","2024-05-24T20:02:41.159Z","s","l"
"8.98090","12.09776459","2024-05-24T20:02:41.229Z","b","l"
"8.98090","2.42488732","2024-05-24T20:02:41.229Z","b","l"
"9.34600","7.12630418","2024-05-24T20:02:41.508Z","b","l"
"9.43830","14.87369582","2024-05-24T20:02:41.508Z","b","l"
"9.11800","7.13485575","2024-05-24T20:02:41.773Z","s","l"
"9.43830","13.00000000","2024-05-24T20:02:41.996Z","b","l"
"9.43830","9.43970000","2024-05-24T20:02:42.225Z","b","l"
"9.43810","31.00000000","2024-05-24T20:02:43.261Z","b","l"
"9.43810","21.00000000","2024-05-24T20:02:43.590Z","b","l"
"9.43810","13.00000000","2024-05-24T20:02:44.033Z","b","l"
"9.43770","11.00000000","2024-05-24T20:02:47.399Z","b","l"
"9.37040","11.00000000","2024-05-24T20:05:33.125Z","b","l"
"9.37040","2.40000000","2024-05-24T20:05:33.132Z","b","l"
"9.37040","3.78657158","2024-05-24T20:05:33.386Z","b","l"
"9.37050","1.21342842","2024-05-24T20:05:33.386Z","b","l"
"9.37040","2.40000000","2024-05-24T20:05:35.085Z","b","l"
"9.37040","2.00000000","2024-05-24T20:06:01.398Z","b","l"
"9.37040","2.10000000","2024-05-24T20:06:01.407Z","b","l"
"9.37040","2.20000000","2024-05-24T20:06:11.194Z","b","l"
"9.37040","2.20000000","2024-05-24T20:06:11.464Z","b","l"
"9.37040","4.00000000","2024-05-24T20:06:12.224Z","b","l"
"9.37040","3.50000000","2024-05-24T20:06:12.494Z","b","l"
"9.37040","4.00000000","2024-05-24T20:06:12.757Z","b","l"
"9.37040","2.60000000","2024-05-24T20:06:13.033Z","b","l"
"9.37040","2.20000000","2024-05-24T20:06:13.385Z","b","l"
"9.37030","2.97374978","2024-05-24T20:06:19.098Z","b","l"
"9.37040","2.02625022","2024-05-24T20:06:19.098Z","b","l"
"9.37040","3.00000000","2024-05-24T20:06:19.392Z","b","l"
"9.37040","2.20000000","2024-05-24T20:06:19.977Z","b","l"
"9.37040","2.71104074","2024-05-24T20:06:19.986Z","b","l"
"9.37050","0.38895926","2024-05-24T20:06:19.986Z","b","l"
"9.37040","2.70000000","2024-05-24T20:06:26.793Z","b","l"
"9.37040","6.00000000","2024-05-24T20:06:27.383Z","b","l"
"9.37040","3.30000000","2024-05-24T20:06:28.277Z","b","l"
"9.37040","3.90000000","2024-05-24T20:06:28.292Z","b","l"
"9.37040","2.90000000","2024-05-24T20:07:06.489Z","b","l"
"9.37040","4.00000000","2024-05-24T20:07:06.594Z","b","l"
"9.37040","2.51864548","2024-05-24T20:07:06.758Z","b","l"
"9.37050","1.08135452","2024-05-24T20:07:06.758Z","b","l"
"9.37050","0.16875151","2024-05-24T20:07:06.790Z","b","l"
"9.43850","2.73124849","2024-05-24T20:07:10.069Z","b","l"
"9.28260","4.03807883","2024-05-24T20:09:59.756Z","s","l"
"9.28260","28.87050881","2024-05-24T20:12:20.740Z","s","l"
"9.28250","2.52628920","2024-05-24T20:12:20.740Z","s","l"
"9.18320","7.59457105","2024-05-24T20:12:20.740Z","s","l"
"9.18310","2.88387114","2024-05-24T20:12:20.740Z","s","l"
"9.12410","16.95326040","2024-05-24T20:12:20.762Z","s","l"
"9.12410","16.95326040","2024-05-24T20:12:20.762Z","s","l"
"9.12410","4.23831510","2024-05-24T20:12:20.762Z","s","l"
"9.12410","16.95326040","2024-05-24T20:12:20.762Z","s","l"
"9.12410","2.11915755","2024-05-24T20:12:20.762Z","s","l"
"9.12410","2.11915755","2024-05-24T20:12:20.762Z","s","l"
"9.12410","2.11915755","2024-05-24T20:12:20.762Z","s","l"
"9.12410","4.23831510","2024-05-24T20:12:20.762Z","s","l"
"9.12410","2.11915755","2024-05-24T20:12:20.763Z","s","l"
"9.12440","28.87050881","2024-05-24T20:12:21.279Z","s","l"
"9.12410","62.23845743","2024-05-24T20:12:21.279Z","s","l"
"9.12410","91.10896622","2024-05-24T20:12:21.282Z","s","l"
"9.12410","90.60892128","2024-05-24T20:12:21.285Z","s","l"
"9.12410","45.48773359","2024-05-24T20:12:23.162Z","b","l"
"9.43530","3.63900000","2024-05-24T20:12:24.164Z","b","l"
"9.43530","43.00000000","2024-05-24T20:12:26.543Z","b","l"
"9.12410","54.82750224","2024-05-24T20:12:31.521Z","s","l"
"9.12400","5.37045155","2024-05-24T20:12:33.077Z","s","l"
"9.12390","1.67807142","2024-05-24T20:12:33.077Z","s","l"
"9.11800","0.16085131","2024-05-24T20:12:33.077Z","s","l"
"9.34590","4.00000000","2024-05-24T20:12:34.036Z","b","l"
"9.34590","26.00000000","2024-05-24T20:12:34.085Z","b","l"
"9.34590","4.00000000","2024-05-24T20:12:34.187Z","b","l"
"9.34590","24.23000000","2024-05-24T20:12:34.208Z","b","l"
"9.34590","41.00000000","2024-05-24T20:12:34.301Z","b","l"
"9.34590","39.00000000","2024-05-24T20:12:34.440Z","b","l"
"9.34590","40.00000000","2024-05-24T20:12:34.505Z","b","l"
"9.34590","11.82350549","2024-05-24T20:12:34.516Z","b","l"
"9.34600","7.17649451","2024-05-24T20:12:34.516Z","b","l"
"9.34600","0.11046819","2024-05-24T20:12:34.523Z","b","l"
"9.34580","26.00000000","2024-05-24T20:12:34.566Z","b","l"
"9.34580","20.00000000","2024-05-24T20:12:34.587Z","b","l"
"9.34580","32.00000000","2024-05-24T20:12:34.617Z","b","l"
"9.34580","8.00000000","2024-05-24T20:12:34.694Z","b","l"
"9.34580","7.00000000","2024-05-24T20:12:34.727Z","b","l"
"9.34580","39.00000000","2024-05-24T20:12:36.905Z","b","l"
"9.34580","20.88953181","2024-05-24T20:12:37.093Z","b","l"
"9.34580","4.00000000","2024-05-24T20:12:38.031Z","b","l"
"9.34580","4.00000000","2024-05-24T20:12:38.247Z","b","l"
"9.34580","4.00000000","2024-05-24T20:12:38.431Z","b","l"
"9.34580","4.00000000","2024-05-24T20:12:38.437Z","b","l"
"9.11800","7.31390712","2024-05-24T20:12:39.710Z","s","l"
"9.34580","28.00000000","2024-05-24T20:12:39.774Z","b","l"
"9.34580","30.00000000","2024-05-24T20:12:39.778Z","b","l"
"9.34580","3.70000000","2024-05-24T20:12:40.035Z","b","l"
"9.34580","3.60000000","2024-05-24T20:12:40.047Z","b","l"
"9.34580","10.00000000","2024-05-24T20:12:40.081Z","b","l"
"9.34580","11.00000000","2024-05-24T20:12:40.095Z","b","l"
"9.34580","3.10000000","2024-05-24T20:12:40.577Z","b","l"
"9.34580","3.20000000","2024-05-24T20:12:40.585Z","b","l"
"9.43550","2.60000000","2024-05-24T20:12:41.271Z","b","l"
"9.43510","2.50000000","2024-05-24T20:12:43.968Z","b","l"
"9.32660","2.70000000","2024-05-24T20:16:37.639Z","b","l"
"9.32660","0.15385549","2024-05-24T20:16:37.641Z","b","l"
"9.14020","2.42488732","2024-05-24T20:17:19.246Z","s","l"
"9.15890","2.39842186","2024-05-24T20:17:24.414Z","b","l"
"9.40810","2.20000000","2024-05-24T20:17:24.991Z","b","l"
"9.40790","2.20000000","2024-05-24T20:17:27.820Z","b","l"
"9.36190","9.00000000","2024-05-24T20:18:29.036Z","b","l"
"9.36190","8.00000000","2024-05-24T20:18:29.052Z","b","l"
"9.36190","4.00000000","2024-05-24T20:18:29.306Z","b","l"
"9.36190","2.90000000","2024-05-24T20:18:29.316Z","b","l"
"9.36190","7.00000000","2024-05-24T20:18:29.386Z","b","l"
"9.36190","4.69887096","2024-05-24T20:18:29.392Z","b","l"
"9.36200","1.30112904","2024-05-24T20:18:29.392Z","b","l"
"9.36200","1.04527400","2024-05-24T20:18:29.571Z","b","l"
"9.40290","5.00000000","2024-05-24T20:18:30.090Z","b","l"
"9.40290","5.95472600","2024-05-24T20:18:30.092Z","b","l"
"9.40290","5.00000000","2024-05-24T20:18:32.780Z","b","l"
"9.40290","6.00000000","2024-05-24T20:18:32.803Z","b","l"
"9.33240","2.33355520","2024-05-24T20:19:34.592Z","s","l"
"9.33230","13.00000000","2024-05-24T20:20:00.115Z","b","l"
"9.33230","4.79943548","2024-05-24T20:20:00.116Z","b","l"
"9.33240","1.68470377","2024-05-24T20:20:00.116Z","b","l"
"9.39490","5.00000000","2024-05-24T20:20:00.834Z","b","l"
"9.39470","6.51586075","2024-05-24T20:20:03.309Z","b","l"
"9.39470","5.00000000","2024-05-24T20:20:03.742Z","b","l"
"9.38290","2.90000000","2024-05-24T20:22:35.485Z","b","l"
"9.38290","3.30000000","2024-05-24T20:22:35.753Z","b","l"
"9.36900","1.59533887","2024-05-24T20:30:47.299Z","b","l"
"9.36910","1.10466113","2024-05-24T20:30:47.299Z","b","l"
"9.36910","2.90000000","2024-05-24T20:30:47.586Z","b","l"
"9.36870","7.00000000","2024-05-24T20:31:37.199Z","b","l"
"9.36870","7.00000000","2024-05-24T20:31:37.499Z","b","l"
"9.36870","4.00000000","2024-05-24T20:31:37.797Z","b","l"
"9.36870","2.20000000","2024-05-24T20:31:37.885Z","b","l"
"9.36870","2.20000000","2024-05-24T20:31:43.097Z","b","l"
"9.36810","15.00000000","2024-05-24T20:32:05.056Z","b","l"
"9.36790","6.00000000","2024-05-24T20:32:05.226Z","b","l"
"9.36800","4.00000000","2024-05-24T20:32:05.385Z","b","l"
"9.36800","8.00000000","2024-05-24T20:32:05.507Z","b","l"
"9.36800","3.20000000","2024-05-24T20:32:05.988Z","b","l"
"9.36800","5.00000000","2024-05-24T20:32:06.262Z","b","l"
"9.36800","3.67519356","2024-05-24T20:32:06.521Z","b","l"
"9.36830","1.32480644","2024-05-24T20:32:06.521Z","b","l"
"9.36830","2.80000000","2024-05-24T20:32:06.780Z","b","l"
"9.36830","2.20000000","2024-05-24T20:32:07.787Z","b","l"
"9.28140","1.72145142","2024-05-24T20:34:24.125Z","s","m"
"9.28140","4.00000000","2024-05-24T20:43:37.270Z","s","l"
"9.28140","2.49345920","2024-05-24T20:44:56.991Z","s","m"
"9.40080","3.40000000","2024-05-24T21:48:00.482Z","b","l"
"9.40080","3.40000000","2024-05-24T21:48:00.501Z","b","l"
"9.39450","2.30000000","2024-05-24T22:29:09.170Z","b","l"
"9.39450","2.30000000","2024-05-24T22:29:09.224Z","b","l"
"9.39470","6.00000000","2024-05-24T22:36:13.485Z","b","l"
"9.39470","6.00000000","2024-05-24T22:36:13.491Z","b","l"
"9.39470","2.20000000","2024-05-24T22:36:15.832Z","b","l"
"9.39470","2.20000000","2024-05-24T22:36:15.853Z","b","l"
"9.39470","2.00000000","2024-05-24T22:37:08.087Z","b","l"
"9.39470","2.00000000","2024-05-24T22:37:26.078Z","b","l"
"9.39470","0.24476983","2024-05-24T22:37:26.083Z","b","l"
"9.39480","1.65339159","2024-05-24T22:37:26.083Z","b","l"
"9.41340","2.00000000","2024-05-24T22:37:31.378Z","b","l"
"9.41340","1.24476983","2024-05-24T22:37:31.378Z","b","l"
"9.41350","1.25523017","2024-05-24T22:37:31.378Z","b","l"
"9.28280","3.00000000","2024-05-24T23:10:05.480Z","s","l"
"9.28140","21.50000000","2024-05-24T23:32:42.527Z","s","l"
"9.28300","22.84887096","2024-05-25T00:04:10.328Z","s","l"
"9.28300","48.34887095","2024-05-25T00:04:10.347Z","b","l"
"9.41230","12.75000000","2024-05-25T00:04:11.657Z","b","l"
"9.41240","1.77965470","2024-05-25T00:04:11.657Z","b","l"
"9.41350","1.07832503","2024-05-25T00:04:11.657Z","b","l"
"9.43870","8.56642027","2024-05-25T00:04:11.657Z","b","l"
"9.43870","24.17440000","2024-05-25T00:04:11.661Z","b","l"
"9.41190","3.10000000","2024-05-25T00:07:56.450Z","b","l"
"9.41190","3.10000000","2024-05-25T00:07:56.710Z","b","l"
"9.41190","3.00000000","2024-05-25T00:07:56.977Z","b","l"
"9.41190","2.30000000","2024-05-25T00:16:37.662Z","b","l"
"9.41190","2.20000000","2024-05-25T00:17:39.096Z","b","l"
"9.41190","2.30000000","2024-05-25T00:17:39.391Z","b","l"
"9.41190","2.30000000","2024-05-25T00:17:39.791Z","b","l"
"9.41190","2.40000000","2024-05-25T00:19:57.305Z","b","l"
"9.41190","2.40000000","2024-05-25T00:19:57.590Z","b","l"
"9.41170","2.80000000","2024-05-25T00:24:15.483Z","b","l"
"9.33280","23.32981902","2024-05-25T01:28:30.395Z","s","l"
"9.43010","0.57570000","2024-05-25T02:05:36.610Z","b","l"
"9.43450","0.69690000","2024-05-25T02:39:07.685Z","b","l"
"9.43080","6.00000000","2024-05-25T02:52:14.886Z","b","l"
"9.43080","3.90000000","2024-05-25T02:52:36.607Z","b","l"
"9.43080","2.80000000","2024-05-25T02:52:37.685Z","b","l"
"9.43080","3.52649499","2024-05-25T02:52:51.689Z","b","l"
"9.43090","0.47350501","2024-05-25T02:52:51.689Z","b","l"
"9.43090","2.70000000","2024-05-25T02:52:52.628Z","b","l"
"9.43090","5.00000000","2024-05-25T02:52:54.385Z","b","l"
"9.43090","2.60000000","2024-05-25T02:52:55.085Z","b","l"
"9.43870","3.60000000","2024-05-25T04:16:34.093Z","b","l"
"9.43870","3.00000000","2024-05-25T04:16:34.584Z","b","l"
"9.43810","3.40000000","2024-05-25T04:38:30.781Z","b","l"
"9.43810","1.78552462","2024-05-25T04:38:30.789Z","b","l"
"9.43820","2.21447538","2024-05-25T04:38:30.789Z","b","l"
"9.43820","0.24443514","2024-05-25T04:39:09.390Z","b","l"
"9.43880","2.05556486","2024-05-25T04:39:09.390Z","b","l"
"9.43870","3.90000000","2024-05-25T04:40:38.283Z","b","l"
"9.43870","2.00000000","2024-05-25T04:40:38.580Z","b","l"
"9.43870","2.30000000","2024-05-25T04:41:53.585Z","b","l"
"9.43870","2.20000000","2024-05-25T04:42:15.087Z","b","l"
"9.43870","2.80000000","2024-05-25T04:43:38.707Z","b","l"
"9.43870","0.11324750","2024-05-25T04:43:39.255Z","b","l"
"9.43880","0.34572263","2024-05-25T04:43:39.255Z","b","l"
"9.43940","2.24102987","2024-05-25T04:43:39.255Z","b","l"
"9.33460","5.00000000","2024-05-25T05:18:51.427Z","s","l"
"9.33840","13.35187000","2024-05-25T07:12:30.886Z","s","l"
"9.34230","3.02572496","2024-05-25T08:32:44.948Z","s","l"
"9.46520","2.24849713","2024-05-25T09:32:25.530Z","b","l"
"9.34290","2.46450576","2024-05-25T09:51:55.303Z","s","l"
"9.33240","2.33355520","2024-05-25T09:51:55.303Z","s","l"
"9.41340","4.00000000","2024-05-25T10:06:49.884Z","b","l"
"9.41340","3.40000000","2024-05-25T10:06:50.100Z","b","l"
"9.41340","0.00425448","2024-05-25T10:06:50.165Z","b","l"
"9.41350","2.33355520","2024-05-25T10:06:50.165Z","b","l"
"9.46520","1.30285000","2024-05-25T10:47:01.310Z","b","l"
"9.46520","3.05070224","2024-05-25T10:54:38.437Z","b","l"
"9.46530","2.24929776","2024-05-25T10:54:38.437Z","b","l"
"9.46520","1.52535112","2024-05-25T10:55:56.001Z","b","l"
"9.46530","0.07150006","2024-05-25T10:55:56.001Z","b","l"
"9.47800","1.80314882","2024-05-25T10:55:56.001Z","b","l"
"9.38380","2.80000000","2024-05-25T12:02:49.061Z","s","l"
"9.38380","2.00000000","2024-05-25T12:04:50.547Z","s","l"
"9.48760","3.81465148","2024-05-25T13:38:22.614Z","b","l"
"9.39560","2.83937851","2024-05-25T13:40:57.647Z","s","l"
"9.39450","0.76062149","2024-05-25T13:40:57.647Z","s","l"
"9.39450","2.10000000","2024-05-25T13:40:58.019Z","s","l"
"9.38400","4.69198698","2024-05-25T16:50:57.076Z","s","m"
"9.38400","5.32821824","2024-05-25T16:50:57.076Z","s","m"
"9.38380","10.63498719","2024-05-25T16:50:57.076Z","s","m"
"9.38370","1.91727252","2024-05-25T16:50:57.076Z","s","m"
"9.38510","5.32759374","2024-05-25T18:19:31.076Z","s","l"
"9.38370","0.40352530","2024-05-25T18:19:31.076Z","s","l"
"9.33250","3.49291174","2024-05-25T18:19:31.076Z","s","l"
"9.33240","2.33355520","2024-05-25T18:19:31.076Z","s","l"
"9.29110","3.64192343","2024-05-25T18:19:31.076Z","s","l"
"9.29100","1.69855059","2024-05-25T18:19:31.076Z","s","l"
"9.41350","1.95731719","2024-05-25T18:19:41.542Z","b","l"
"9.41350","0.37623801","2024-05-25T18:19:46.162Z","b","l"
"9.33250","1.13692522","2024-05-25T18:21:06.535Z","s","l"
"9.33390","2.09503319","2024-05-25T19:07:45.040Z","s","l"
"9.33380","10.71375002","2024-05-25T19:07:45.040Z","s","l"
"9.33240","2.33355520","2024-05-25T19:07:45.040Z","s","l"
"9.28240","3.35302376","2024-05-25T19:07:45.040Z","s","l"
"9.28220","2.02435620","2024-05-25T19:07:45.040Z","s","l"
"9.28190","2.49148152","2024-05-25T19:07:45.040Z","s","l"
"9.28150","1.82298346","2024-05-25T19:07:45.040Z","s","l"
"9.28130","2.34640304","2024-05-25T19:07:45.040Z","s","l"
"9.24390","24.61301361","2024-05-25T19:07:45.040Z","s","l"
"9.36200","2.30000000","2024-05-25T19:07:55.358Z","b","l"
"9.36200","0.04640304","2024-05-25T19:07:55.365Z","b","l"
"9.41350","2.25359696","2024-05-25T19:07:55.365Z","b","l"
"9.41330","6.00000000","2024-05-25T19:08:03.642Z","b","l"
"9.41330","6.00000000","2024-05-25T19:08:03.651Z","b","l"
"9.41330","2.00000000","2024-05-25T19:08:03.786Z","b","l"
"9.41330","2.00000000","2024-05-25T19:08:03.930Z","b","l"
"9.41330","2.70000000","2024-05-25T19:08:04.971Z","b","l"
"9.41330","2.80000000","2024-05-25T19:08:04.983Z","b","l"
"9.41330","3.11301412","2024-05-25T19:08:05.269Z","b","l"
"9.41340","0.88698588","2024-05-25T19:08:05.269Z","b","l"
"9.41340","4.00000000","2024-05-25T19:08:05.280Z","b","l"
"9.41340","3.10000000","2024-05-25T19:08:05.678Z","b","l"
"9.41340","3.60000000","2024-05-25T19:08:05.892Z","b","l"
"9.41340","1.43416869","2024-05-25T19:08:05.948Z","b","l"
"9.41350","0.07995824","2024-05-25T19:08:05.948Z","b","l"