"price","volume","time","side","orderType"
"5.66000000","0.17000000","2024-01-05T15:37:44.754Z","sell","maker"
"5.63000000","0.13000000","2024-01-05T15:25:38.326Z","buy","maker"
"5.64000000","1.17000000","2024-01-05T15:04:54.900Z","sell","maker"
"5.63000000","75.61000000","2024-01-05T14:54:15.043Z","buy","maker"
"5.63000000","16.53000000","2024-01-05T14:53:27.599Z","buy","maker"
"5.61000000","10.00000000","2024-01-05T14:42:54.887Z","buy","maker"
"5.70000000","1.74000000","2024-01-05T13:26:47.045Z","sell","maker"
"5.68000000","0.13000000","2024-01-05T12:06:10.020Z","sell","maker"
"5.68000000","1.71000000","2024-01-05T11:47:55.065Z","sell","maker"
"5.66000000","0.19000000","2024-01-05T11:17:06.332Z","buy","maker"
"5.69000000","111.24000000","2024-01-05T11:10:11.065Z","buy","maker"
"5.74000000","0.17000000","2024-01-05T09:28:52.155Z","sell","maker"
"5.72000000","4.78000000","2024-01-05T08:23:51.164Z","sell","maker"
"5.75000000","0.51000000","2024-01-05T07:29:13.239Z","sell","maker"
"5.75000000","9.82000000","2024-01-05T07:27:21.337Z","sell","maker"
"5.75000000","0.24000000","2024-01-05T07:15:57.050Z","sell","maker"
"5.74000000","0.13000000","2024-01-05T07:07:48.789Z","sell","maker"
"5.69000000","14.93000000","2024-01-05T06:27:08.301Z","buy","maker"
"5.69000000","3.53000000","2024-01-05T06:26:13.207Z","buy","maker"
"5.67000000","33.37000000","2024-01-05T05:38:11.413Z","buy","maker"
"5.70000000","34.12000000","2024-01-05T05:29:45.476Z","sell","maker"
"5.68000000","40.34000000","2024-01-05T05:12:27.667Z","buy","maker"
"5.65000000","293.37000000","2024-01-05T04:26:33.176Z","buy","maker"
"5.66000000","10.00000000","2024-01-05T04:26:33.176Z","buy","maker"
"5.66000000","296.63000000","2024-01-05T04:26:33.176Z","buy","maker"
"5.65000000","26.00000000","2024-01-05T04:25:39.458Z","sell","maker"
"5.65000000","121.92000000","2024-01-05T04:25:38.682Z","sell","maker"
"5.65000000","159.98000000","2024-01-05T04:25:37.499Z","sell","maker"
"5.65000000","10.00000000","2024-01-05T04:25:36.565Z","buy","maker"
"5.65000000","296.63000000","2024-01-05T04:25:36.565Z","buy","maker"
"5.67000000","4.87000000","2024-01-05T04:04:43.693Z","sell","maker"
"5.67000000","366.63000000","2024-01-05T03:58:46.306Z","sell","maker"
"5.67000000","366.50000000","2024-01-05T03:58:42.838Z","sell","maker"
"5.67000000","366.87000000","2024-01-05T03:54:13.094Z","sell","maker"
"5.67000000","366.84000000","2024-01-05T03:54:05.834Z","sell","maker"
"5.67000000","366.92000000","2024-01-05T03:51:40.912Z","sell","maker"
"5.67000000","367.03000000","2024-01-05T03:51:37.675Z","sell","maker"
"5.67000000","367.07000000","2024-01-05T03:51:34.415Z","sell","maker"
"5.67000000","366.57000000","2024-01-05T03:51:30.738Z","sell","maker"
"5.70000000","0.06000000","2024-01-05T02:46:04.049Z","sell","maker"
"5.68000000","0.35000000","2024-01-05T02:44:00.991Z","buy","maker"
"5.70000000","11.12000000","2024-01-05T02:23:02.214Z","sell","maker"
"5.66000000","28.49000000","2024-01-05T02:20:49.565Z","buy","maker"
"5.67000000","296.63000000","2024-01-05T02:20:49.565Z","buy","maker"
"5.73000000","8.64000000","2024-01-05T01:26:32.255Z","sell","maker"
"5.75000000","362.29000000","2024-01-05T01:05:29.439Z","sell","maker"
"5.74000000","10.00000000","2024-01-05T00:57:09.268Z","sell","maker"
"5.74000000","10.00000000","2024-01-05T00:56:51.002Z","sell","maker"
"5.74000000","10.00000000","2024-01-05T00:56:23.888Z","sell","maker"
"5.71000000","13.11000000","2024-01-05T00:53:06.044Z","buy","maker"
"5.72000000","296.63000000","2024-01-05T00:53:06.044Z","buy","maker"
"5.73000000","16.53000000","2024-01-05T00:01:54.887Z","buy","maker"
"5.76000000","8.17000000","2024-01-04T23:50:12.111Z","sell","maker"
"5.77000000","0.06000000","2024-01-04T23:33:47.717Z","sell","maker"
"5.75000000","290.54000000","2024-01-04T22:23:19.610Z","buy","maker"
"5.75000000","285.95000000","2024-01-04T22:23:19.610Z","buy","maker"
"5.76000000","296.63000000","2024-01-04T22:23:19.610Z","buy","maker"
"5.77000000","8.00000000","2024-01-04T22:23:19.610Z","buy","maker"
"5.77000000","296.63000000","2024-01-04T22:23:19.610Z","buy","maker"
"5.75000000","10.68000000","2024-01-04T22:09:57.273Z","buy","maker"
"5.79000000","1.68000000","2024-01-04T21:40:19.495Z","sell","maker"
"5.79000000","91.62000000","2024-01-04T21:35:29.746Z","sell","maker"
"5.78000000","91.79000000","2024-01-04T21:34:35.320Z","sell","maker"
"5.79000000","0.36000000","2024-01-04T21:30:05.153Z","sell","maker"
"5.81000000","1.00000000","2024-01-04T20:37:34.103Z","sell","maker"
"5.79000000","17.10000000","2024-01-04T20:15:29.676Z","sell","maker"
"5.77000000","0.82000000","2024-01-04T19:42:39.731Z","buy","maker"
"5.79000000","91.68000000","2024-01-04T19:40:38.438Z","sell","maker"
"5.74000000","113.05000000","2024-01-04T18:34:06.285Z","sell","maker"
"5.74000000","82.00000000","2024-01-04T18:34:06.106Z","sell","maker"
"5.74000000","141.63000000","2024-01-04T18:34:05.290Z","sell","maker"
"5.74000000","106.69000000","2024-01-04T18:34:03.898Z","sell","maker"
"5.74000000","150.83000000","2024-01-04T18:34:03.079Z","sell","maker"
"5.74000000","106.19000000","2024-01-04T18:34:01.564Z","sell","maker"
"5.74000000","106.12000000","2024-01-04T18:34:00.766Z","sell","maker"
"5.74000000","107.04000000","2024-01-04T18:34:00.272Z","sell","maker"
"5.74000000","106.08000000","2024-01-04T18:33:59.504Z","sell","maker"
"5.74000000","362.39000000","2024-01-04T18:33:58.988Z","sell","maker"
"5.74000000","22.40000000","2024-01-04T18:32:33.371Z","sell","maker"
"5.74000000","106.35000000","2024-01-04T18:32:29.392Z","sell","maker"
"5.74000000","106.25000000","2024-01-04T18:32:27.379Z","sell","maker"
"5.74000000","106.77000000","2024-01-04T18:32:24.786Z","sell","maker"
"5.74000000","106.97000000","2024-01-04T18:32:24.281Z","sell","maker"
"5.74000000","362.20000000","2024-01-04T18:32:23.744Z","sell","maker"
"5.74000000","157.64000000","2024-01-04T18:32:23.559Z","sell","maker"
"5.74000000","10.00000000","2024-01-04T18:32:23.544Z","buy","maker"
"5.74000000","106.81000000","2024-01-04T18:32:23.544Z","buy","maker"
"5.74000000","296.63000000","2024-01-04T18:32:23.544Z","buy","maker"
"5.75000000","1.52000000","2024-01-04T17:48:10.945Z","buy","maker"
"5.76000000","15.36000000","2024-01-04T17:42:00.663Z","buy","maker"
"5.79000000","2.00000000","2024-01-04T17:13:32.119Z","sell","maker"
"5.73000000","0.79000000","2024-01-04T16:28:23.249Z","buy","maker"
"5.74000000","8.00000000","2024-01-04T16:12:17.560Z","buy","maker"
"5.75000000","1.73000000","2024-01-04T16:08:54.892Z","buy","maker"
"5.76000000","0.61000000","2024-01-04T15:48:49.372Z","sell","maker"
"5.77000000","0.17000000","2024-01-04T15:42:10.587Z","sell","maker"
"5.78000000","1.54000000","2024-01-04T15:38:39.819Z","sell","maker"
"5.75000000","44.27000000","2024-01-04T15:03:19.353Z","buy","maker"
"5.75000000","246.00000000","2024-01-04T15:03:19.071Z","buy","maker"
"5.75000000","2.00000000","2024-01-04T15:02:50.008Z","sell","maker"
"5.73000000","7.45000000","2024-01-04T14:52:11.370Z","sell","maker"
"5.70000000","3.09000000","2024-01-04T14:49:47.058Z","sell","maker"
"5.71000000","104.72000000","2024-01-04T14:45:21.943Z","sell","maker"
"5.71000000","2.00000000","2024-01-04T14:45:21.943Z","sell","maker"
"5.71000000","0.63000000","2024-01-04T14:45:21.943Z","sell","maker"
"5.68000000","36.68000000","2024-01-04T14:44:46.016Z","sell","maker"
"5.68000000","107.31000000","2024-01-04T14:44:45.010Z","sell","maker"
"5.68000000","16.32000000","2024-01-04T14:44:39.249Z","sell","maker"
"5.68000000","16.48000000","2024-01-04T14:44:36.377Z","sell","maker"
"5.67000000","5.23000000","2024-01-04T14:42:26.654Z","buy","maker"
"5.66000000","2.40000000","2024-01-04T14:38:47.030Z","buy","maker"
"5.66000000","2.58000000","2024-01-04T14:38:44.935Z","buy","maker"
"5.66000000","4.37000000","2024-01-04T14:14:34.829Z","buy","maker"
"5.66000000","5.70000000","2024-01-04T14:08:15.395Z","buy","maker"
"5.66000000","1.61000000","2024-01-04T14:07:16.574Z","buy","maker"
"5.66000000","8.11000000","2024-01-04T14:01:14.661Z","buy","maker"
"5.69000000","9.16000000","2024-01-04T13:55:56.740Z","sell","maker"
"5.66000000","8.23000000","2024-01-04T13:41:51.627Z","buy","maker"
"5.66000000","3.55000000","2024-01-04T13:41:46.276Z","buy","maker"
"5.66000000","79.59000000","2024-01-04T13:30:27.209Z","sell","maker"
"5.66000000","108.96000000","2024-01-04T13:30:26.201Z","sell","maker"
"5.66000000","108.08000000","2024-01-04T13:30:24.700Z","sell","maker"
"5.67000000","108.40000000","2024-01-04T13:28:54.187Z","sell","maker"
"5.67000000","108.00000000","2024-01-04T13:28:53.674Z","sell","maker"
"5.67000000","108.47000000","2024-01-04T13:26:37.100Z","sell","maker"
"5.66000000","108.71000000","2024-01-04T13:13:04.527Z","sell","maker"
"5.68000000","1.74000000","2024-01-04T12:52:22.942Z","sell","maker"
"5.66000000","108.75000000","2024-01-04T12:31:25.284Z","sell","maker"
"5.69000000","0.24000000","2024-01-04T12:17:50.557Z","sell","maker"
"5.69000000","2.00000000","2024-01-04T12:17:50.557Z","sell","maker"
"5.66000000","67.60000000","2024-01-04T12:15:50.145Z","sell","maker"
"5.63000000","0.02000000","2024-01-04T11:08:30.206Z","buy","maker"
"5.65000000","1.75000000","2024-01-04T11:07:46.583Z","sell","maker"
"5.62000000","12.15000000","2024-01-04T10:46:34.554Z","buy","maker"
"5.58000000","0.61000000","2024-01-04T10:24:56.791Z","buy","maker"
"5.58000000","1.22000000","2024-01-04T10:23:58.119Z","buy","maker"
"5.60000000","109.83000000","2024-01-04T10:21:01.882Z","sell","maker"
"5.61000000","109.82000000","2024-01-04T10:18:35.109Z","sell","maker"
"5.62000000","22.17000000","2024-01-04T10:12:28.370Z","sell","maker"
"5.62000000","77.76000000","2024-01-04T10:12:28.370Z","sell","maker"
"5.62000000","109.25000000","2024-01-04T10:12:27.809Z","sell","maker"
"5.62000000","109.62000000","2024-01-04T10:11:12.154Z","sell","maker"
"5.61000000","1.22000000","2024-01-04T08:18:32.874Z","buy","maker"
"5.64000000","1.21000000","2024-01-04T07:54:48.078Z","buy","maker"
"5.67000000","1.20000000","2024-01-04T07:19:48.651Z","sell","maker"
"5.67000000","1.20000000","2024-01-04T07:19:47.636Z","sell","maker"
"5.67000000","1.19000000","2024-01-04T07:19:46.268Z","sell","maker"
"5.67000000","1.18000000","2024-01-04T07:19:45.227Z","sell","maker"
"5.67000000","1.18000000","2024-01-04T07:19:41.448Z","sell","maker"
"5.67000000","1.17000000","2024-01-04T07:19:37.917Z","sell","maker"
"5.67000000","1.17000000","2024-01-04T07:19:34.505Z","sell","maker"
"5.70000000","0.18000000","2024-01-04T06:50:27.425Z","sell","maker"
"5.68000000","33.32000000","2024-01-04T06:50:24.718Z","buy","maker"
"5.70000000","4.26000000","2024-01-04T06:22:07.538Z","sell","maker"
"5.69000000","5.93000000","2024-01-04T04:56:00.686Z","buy","maker"
"5.69000000","3.16000000","2024-01-04T04:55:42.542Z","buy","maker"
"5.70000000","6.25000000","2024-01-04T04:49:22.992Z","sell","maker"
"5.67000000","6.30000000","2024-01-04T04:14:36.558Z","buy","maker"
"5.66000000","7.96000000","2024-01-04T04:07:16.053Z","buy","maker"
"5.66000000","6.46000000","2024-01-04T04:05:34.982Z","buy","maker"
"5.65000000","5.97000000","2024-01-04T04:04:23.782Z","buy","maker"
"5.66000000","4.44000000","2024-01-04T04:04:19.055Z","buy","maker"
"5.68000000","7.87000000","2024-01-04T03:48:43.890Z","buy","maker"
"5.68000000","3.83000000","2024-01-04T03:48:32.709Z","buy","maker"
"5.68000000","6.64000000","2024-01-04T03:48:00.465Z","buy","maker"
"5.67000000","2.58000000","2024-01-04T03:47:07.496Z","buy","maker"
"5.68000000","4.28000000","2024-01-04T03:45:11.594Z","sell","maker"
"5.61000000","1.59000000","2024-01-04T02:08:02.372Z","sell","maker"
"5.60000000","110.13000000","2024-01-04T01:44:12.628Z","sell","maker"
"5.57000000","7.79000000","2024-01-04T01:25:08.004Z","buy","maker"
"5.57000000","110.04000000","2024-01-04T01:24:14.970Z","buy","maker"
"5.65000000","15.00000000","2024-01-04T00:18:55.472Z","sell","maker"
"5.64000000","108.65000000","2024-01-04T00:13:49.098Z","sell","maker"
"5.61000000","64.51000000","2024-01-04T00:05:21.725Z","sell","maker"
"5.61000000","109.62000000","2024-01-04T00:05:20.951Z","sell","maker"
"5.61000000","0.90000000","2024-01-03T23:54:21.347Z","sell","maker"
"5.60000000","35.00000000","2024-01-03T23:47:52.184Z","sell","maker"
"5.59000000","0.18000000","2024-01-03T23:31:15.767Z","sell","maker"
"5.57000000","0.08000000","2024-01-03T23:04:43.723Z","buy","maker"
"5.57000000","0.03000000","2024-01-03T23:04:18.756Z","buy","maker"
"5.58000000","0.03000000","2024-01-03T23:03:43.409Z","buy","maker"
"5.58000000","0.04000000","2024-01-03T23:02:14.266Z","buy","maker"
"5.58000000","0.04000000","2024-01-03T23:01:33.945Z","buy","maker"
"5.60000000","35.25000000","2024-01-03T22:52:30.394Z","buy","maker"
"5.60000000","19.39000000","2024-01-03T22:52:30.394Z","buy","maker"
"5.61000000","1.76000000","2024-01-03T22:51:53.521Z","sell","maker"
"5.63000000","2.26000000","2024-01-03T22:16:55.968Z","buy","maker"
"5.66000000","0.64000000","2024-01-03T21:51:40.812Z","sell","maker"
"5.65000000","23.42000000","2024-01-03T21:50:30.788Z","buy","maker"
"5.64000000","3.08000000","2024-01-03T21:32:54.176Z","buy","maker"
"5.64000000","5.82000000","2024-01-03T21:18:46.052Z","buy","maker"
"5.65000000","6.45000000","2024-01-03T21:16:39.548Z","buy","maker"
"5.63000000","217.23000000","2024-01-03T21:09:58.818Z","buy","maker"
"5.63000000","1.15000000","2024-01-03T20:59:39.057Z","buy","maker"
"5.63000000","10.70000000","2024-01-03T20:35:01.107Z","buy","maker"
"5.63000000","10.70000000","2024-01-03T20:18:09.636Z","sell","maker"
"5.62000000","10.70000000","2024-01-03T20:17:31.494Z","sell","maker"
"5.61000000","0.64000000","2024-01-03T20:16:27.718Z","sell","maker"
"5.60000000","1.60000000","2024-01-03T20:07:47.995Z","sell","maker"
"5.60000000","8.84000000","2024-01-03T20:04:58.345Z","sell","maker"
"5.60000000","14.13000000","2024-01-03T20:02:09.782Z","buy","maker"
"5.60000000","21.51000000","2024-01-03T19:52:51.374Z","buy","maker"
"5.63000000","128.62000000","2024-01-03T19:41:03.725Z","sell","maker"
"5.63000000","129.35000000","2024-01-03T19:41:02.953Z","sell","maker"
"5.62000000","109.17000000","2024-01-03T19:39:53.248Z","buy","maker"
"5.62000000","296.63000000","2024-01-03T19:39:53.248Z","buy","maker"
"5.60000000","111.76000000","2024-01-03T19:27:34.277Z","sell","maker"
"5.60000000","112.70000000","2024-01-03T19:21:56.225Z","sell","maker"
"5.60000000","98.99000000","2024-01-03T19:21:06.296Z","sell","maker"
"5.60000000","129.13000000","2024-01-03T19:21:05.639Z","sell","maker"
"5.60000000","0.18000000","2024-01-03T18:48:42.211Z","sell","maker"
"5.60000000","22.50000000","2024-01-03T18:46:01.718Z","buy","maker"
"5.61000000","129.31000000","2024-01-03T18:45:04.353Z","sell","maker"
"5.61000000","33.25000000","2024-01-03T18:42:16.671Z","sell","maker"
"5.61000000","45.90000000","2024-01-03T18:42:16.671Z","sell","maker"
"5.61000000","22.95000000","2024-01-03T18:42:16.671Z","sell","maker"
"5.67000000","64.43000000","2024-01-03T18:18:56.035Z","sell","maker"
"5.64000000","63.89000000","2024-01-03T18:10:36.188Z","sell","maker"
"5.64000000","128.58000000","2024-01-03T18:10:35.686Z","sell","maker"
"5.64000000","16.61000000","2024-01-03T18:10:34.656Z","buy","maker"
"5.64000000","127.96000000","2024-01-03T18:10:34.656Z","buy","maker"
"5.64000000","33.23000000","2024-01-03T18:10:34.656Z","buy","maker"
"5.64000000","66.46000000","2024-01-03T18:10:34.656Z","buy","maker"
"5.64000000","63.17000000","2024-01-03T18:10:34.656Z","buy","maker"
"5.64000000","83.77000000","2024-01-03T18:10:01.987Z","buy","maker"
"5.65000000","296.63000000","2024-01-03T18:10:01.987Z","buy","maker"
"5.64000000","74.30000000","2024-01-03T18:09:34.614Z","buy","maker"
"5.65000000","129.07000000","2024-01-03T18:09:34.614Z","buy","maker"
"5.65000000","296.63000000","2024-01-03T18:09:34.614Z","buy","maker"
"5.64000000","75.39000000","2024-01-03T18:09:15.609Z","buy","maker"
"5.65000000","127.98000000","2024-01-03T18:09:15.609Z","buy","maker"
"5.65000000","296.63000000","2024-01-03T18:09:15.609Z","buy","maker"
"5.63000000","8.18000000","2024-01-03T18:00:49.830Z","buy","maker"
"5.61000000","26.69000000","2024-01-03T17:56:36.981Z","buy","maker"
"5.62000000","5.16000000","2024-01-03T17:43:54.141Z","buy","maker"
"5.62000000","1.95000000","2024-01-03T17:43:42.876Z","buy","maker"
"5.62000000","3.39000000","2024-01-03T17:43:30.654Z","buy","maker"
"5.62000000","3.74000000","2024-01-03T17:43:26.370Z","buy","maker"
"5.64000000","50.00000000","2024-01-03T17:43:18.774Z","sell","maker"
"5.63000000","1.73000000","2024-01-03T17:36:08.764Z","sell","maker"
"5.63000000","102.17000000","2024-01-03T17:20:58.918Z","sell","maker"
"5.63000000","22.01000000","2024-01-03T17:20:58.918Z","sell","maker"
"5.62000000","12.85000000","2024-01-03T17:16:56.604Z","buy","maker"
"5.62000000","22.36000000","2024-01-03T17:16:56.475Z","buy","maker"
"5.67000000","0.09000000","2024-01-03T16:55:55.567Z","sell","maker"
"5.66000000","7.45000000","2024-01-03T16:38:50.795Z","sell","maker"
"5.68000000","23.33000000","2024-01-03T16:00:48.875Z","sell","maker"
"5.67000000","127.87000000","2024-01-03T15:55:47.112Z","sell","maker"
"5.66000000","58.89000000","2024-01-03T15:55:23.269Z","sell","maker"
"5.66000000","46.25000000","2024-01-03T15:55:23.269Z","sell","maker"
"5.66000000","23.13000000","2024-01-03T15:55:23.269Z","sell","maker"
"5.64000000","1.16000000","2024-01-03T15:52:09.645Z","sell","maker"
"5.64000000","1.15000000","2024-01-03T15:52:08.444Z","sell","maker"
"5.64000000","1.15000000","2024-01-03T15:52:06.942Z","sell","maker"
"5.62000000","119.39000000","2024-01-03T15:51:11.521Z","sell","maker"
"5.62000000","137.44000000","2024-01-03T15:51:11.482Z","sell","maker"
"5.62000000","128.48000000","2024-01-03T15:51:07.905Z","sell","maker"
"5.62000000","128.53000000","2024-01-03T15:51:07.894Z","sell","maker"
"5.62000000","101.72000000","2024-01-03T15:49:01.667Z","sell","maker"
"5.62000000","128.37000000","2024-01-03T15:48:12.754Z","sell","maker"
"5.62000000","129.50000000","2024-01-03T15:48:10.494Z","sell","maker"
"5.62000000","129.11000000","2024-01-03T15:48:09.604Z","sell","maker"
"5.62000000","129.30000000","2024-01-03T15:48:04.747Z","sell","maker"
"5.62000000","129.01000000","2024-01-03T15:48:04.464Z","sell","maker"
"5.62000000","15.39000000","2024-01-03T15:48:03.595Z","sell","maker"
"5.62000000","128.70000000","2024-01-03T15:48:03.210Z","sell","maker"
"5.62000000","128.56000000","2024-01-03T15:48:02.703Z","sell","maker"
"5.62000000","15.87000000","2024-01-03T15:48:02.026Z","sell","maker"
"5.62000000","32.07000000","2024-01-03T15:48:02.005Z","sell","maker"
"5.62000000","16.03000000","2024-01-03T15:48:01.979Z","sell","maker"
"5.62000000","128.79000000","2024-01-03T15:48:00.581Z","sell","maker"
"5.62000000","129.57000000","2024-01-03T15:48:00.091Z","sell","maker"
"5.62000000","129.43000000","2024-01-03T15:47:58.529Z","sell","maker"
"5.62000000","129.04000000","2024-01-03T15:47:32.943Z","sell","maker"
"5.62000000","128.86000000","2024-01-03T15:47:32.431Z","sell","maker"
"5.62000000","129.57000000","2024-01-03T15:47:31.864Z","sell","maker"
"5.62000000","6.43000000","2024-01-03T15:44:35.327Z","buy","maker"
"5.62000000","6.16000000","2024-01-03T15:44:17.051Z","buy","maker"
"5.62000000","46.12000000","2024-01-03T15:39:19.901Z","sell","maker"
"5.62000000","23.06000000","2024-01-03T15:39:19.901Z","sell","maker"
"5.62000000","23.29000000","2024-01-03T15:38:12.358Z","sell","maker"
"5.59000000","89.51000000","2024-01-03T15:33:40.534Z","buy","maker"
"5.60000000","37.66000000","2024-01-03T15:33:40.534Z","buy","maker"
"5.60000000","75.31000000","2024-01-03T15:33:40.534Z","buy","maker"
"5.60000000","150.62000000","2024-01-03T15:33:40.534Z","buy","maker"
"5.61000000","18.83000000","2024-01-03T15:33:40.534Z","buy","maker"
"5.61000000","129.38000000","2024-01-03T15:32:48.127Z","sell","maker"
"5.61000000","129.93000000","2024-01-03T15:32:23.993Z","sell","maker"
"5.61000000","15.99000000","2024-01-03T15:32:17.703Z","sell","maker"
"5.62000000","28.23000000","2024-01-03T15:32:01.790Z","buy","maker"
"5.62000000","19.77000000","2024-01-03T15:32:01.262Z","buy","maker"
"5.62000000","129.70000000","2024-01-03T15:32:00.748Z","buy","maker"
"5.62000000","265.50000000","2024-01-03T15:16:47.564Z","sell","maker"
"5.62000000","129.51000000","2024-01-03T15:14:26.137Z","sell","maker"
"5.65000000","7.24000000","2024-01-03T15:13:11.814Z","sell","maker"
"5.63000000","129.92000000","2024-01-03T15:13:11.814Z","sell","maker"
"5.60000000","80.13000000","2024-01-03T15:10:02.951Z","buy","maker"
"5.60000000","40.07000000","2024-01-03T15:10:02.951Z","buy","maker"
"5.60000000","20.03000000","2024-01-03T15:10:02.951Z","buy","maker"
"5.60000000","203.37000000","2024-01-03T15:08:43.510Z","sell","maker"
"5.59000000","296.63000000","2024-01-03T15:08:43.510Z","sell","maker"
"5.59000000","3.52000000","2024-01-03T15:01:53.537Z","buy","maker"
"5.59000000","20.23000000","2024-01-03T15:01:53.537Z","buy","maker"
"5.58000000","0.75000000","2024-01-03T15:01:24.426Z","sell","maker"
"5.57000000","8.11000000","2024-01-03T15:01:11.804Z","sell","maker"
"5.55000000","3.37000000","2024-01-03T15:00:05.602Z","buy","maker"
"5.57000000","14.76000000","2024-01-03T14:47:03.767Z","buy","maker"
"5.54000000","2.69000000","2024-01-03T14:38:50.082Z","buy","maker"
"5.57000000","2.68000000","2024-01-03T14:33:11.036Z","buy","maker"
"5.55000000","5.38000000","2024-01-03T14:28:22.998Z","buy","maker"
"5.56000000","10.00000000","2024-01-03T14:27:48.181Z","sell","maker"
"5.55000000","4.04000000","2024-01-03T14:27:14.982Z","buy","maker"
"5.56000000","4.03000000","2024-01-03T14:26:12.898Z","buy","maker"
"5.55000000","17.35000000","2024-01-03T14:16:33.617Z","buy","maker"
"5.55000000","18.39000000","2024-01-03T14:16:33.585Z","buy","maker"
"5.60000000","16.22000000","2024-01-03T14:11:47.439Z","buy","maker"
"5.60000000","2.00000000","2024-01-03T14:09:45.614Z","buy","maker"
"5.61000000","7.26000000","2024-01-03T13:52:02.847Z","buy","maker"
"5.66000000","3.89000000","2024-01-03T13:12:54.690Z","sell","maker"
"5.66000000","20.25000000","2024-01-03T13:12:54.654Z","sell","maker"
"5.66000000","20.46000000","2024-01-03T13:12:54.602Z","sell","maker"
"5.66000000","21.10000000","2024-01-03T13:12:54.554Z","sell","maker"
"5.66000000","42.62000000","2024-01-03T13:12:54.534Z","sell","maker"
"5.66000000","21.31000000","2024-01-03T13:12:54.526Z","sell","maker"
"5.66000000","21.52000000","2024-01-03T13:12:54.392Z","sell","maker"
"5.66000000","21.74000000","2024-01-03T13:12:54.110Z","sell","maker"
"5.66000000","89.27000000","2024-01-03T13:12:49.378Z","sell","maker"
"5.66000000","21.96000000","2024-01-03T13:11:43.990Z","sell","maker"
"5.66000000","22.18000000","2024-01-03T13:11:43.674Z","sell","maker"
"5.66000000","22.41000000","2024-01-03T13:11:43.592Z","sell","maker"
"5.66000000","22.63000000","2024-01-03T13:11:43.513Z","sell","maker"
"5.66000000","22.86000000","2024-01-03T13:11:43.178Z","sell","maker"
"5.66000000","23.09000000","2024-01-03T13:11:43.097Z","sell","maker"
"5.66000000","23.33000000","2024-01-03T13:11:42.881Z","sell","maker"
"5.66000000","23.56000000","2024-01-03T13:11:42.775Z","sell","maker"
"5.66000000","23.80000000","2024-01-03T13:11:42.621Z","sell","maker"
"5.66000000","24.04000000","2024-01-03T13:11:42.494Z","sell","maker"
"5.66000000","24.28000000","2024-01-03T13:11:41.673Z","sell","maker"
"5.66000000","24.53000000","2024-01-03T13:11:40.784Z","sell","maker"
"5.66000000","24.78000000","2024-01-03T13:11:40.444Z","sell","maker"
"5.66000000","25.03000000","2024-01-03T13:11:40.085Z","sell","maker"
"5.66000000","25.28000000","2024-01-03T13:11:39.243Z","buy","maker"
"5.66000000","9.35000000","2024-01-03T13:05:45.103Z","buy","maker"
"5.67000000","25.63000000","2024-01-03T13:01:26.292Z","buy","maker"
"5.70000000","10.00000000","2024-01-03T12:59:49.873Z","buy","maker"
"5.70000000","52.84000000","2024-01-03T12:59:49.873Z","buy","maker"
"5.70000000","26.42000000","2024-01-03T12:59:49.873Z","buy","maker"
"5.67000000","3.12000000","2024-01-03T12:54:51.608Z","sell","maker"
"5.64000000","26.72000000","2024-01-03T12:53:13.957Z","buy","maker"
"5.64000000","26.99000000","2024-01-03T12:53:11.441Z","buy","maker"
"5.64000000","10.00000000","2024-01-03T12:53:10.975Z","buy","maker"
"5.64000000","55.65000000","2024-01-03T12:53:10.975Z","buy","maker"
"5.64000000","27.82000000","2024-01-03T12:53:10.975Z","buy","maker"
"5.66000000","1.72000000","2024-01-03T12:47:43.834Z","sell","maker"
"5.58000000","3.15000000","2024-01-03T12:44:16.833Z","buy","maker"
"5.55000000","0.68000000","2024-01-03T12:36:54.490Z","buy","maker"
"5.54000000","5.71000000","2024-01-03T12:22:35.094Z","buy","maker"
"5.54000000","14.26000000","2024-01-03T12:22:14.958Z","buy","maker"
"5.54000000","28.33000000","2024-01-03T12:22:01.914Z","buy","maker"
"5.54000000","28.61000000","2024-01-03T12:21:59.320Z","buy","maker"
"5.54000000","28.90000000","2024-01-03T12:21:59.141Z","buy","maker"
"5.54000000","29.20000000","2024-01-03T12:21:33.731Z","buy","maker"
"5.57000000","9.07000000","2024-01-03T12:21:27.002Z","sell","maker"
"5.57000000","10.00000000","2024-01-03T12:21:27.002Z","sell","maker"
"5.56000000","39.98000000","2024-01-03T12:21:27.002Z","sell","maker"
"5.56000000","19.99000000","2024-01-03T12:21:27.002Z","sell","maker"
"5.56000000","9.99000000","2024-01-03T12:21:27.002Z","sell","maker"
"5.58000000","41.93000000","2024-01-03T12:21:23.250Z","sell","maker"
"5.58000000","90.56000000","2024-01-03T12:21:23.250Z","sell","maker"
"5.53000000","5.00000000","2024-01-03T12:20:28.659Z","buy","maker"
"5.48000000","8.68000000","2024-01-03T12:17:16.524Z","buy","maker"
"5.48000000","11.47000000","2024-01-03T12:17:14.906Z","buy","maker"
"5.48000000","11.59000000","2024-01-03T12:17:14.691Z","buy","maker"
"5.48000000","11.70000000","2024-01-03T12:17:14.665Z","buy","maker"
"5.48000000","11.82000000","2024-01-03T12:17:14.463Z","buy","maker"
"5.48000000","11.94000000","2024-01-03T12:17:14.432Z","buy","maker"
"5.45000000","4.00000000","2024-01-03T12:16:42.174Z","sell","maker"
"5.43000000","4.14000000","2024-01-03T12:16:25.918Z","sell","maker"
"5.44000000","6.98000000","2024-01-03T12:14:04.301Z","buy","maker"
"5.40000000","1.39000000","2024-01-03T12:12:45.953Z","sell","maker"
"5.38000000","7.89000000","2024-01-03T12:12:18.804Z","buy","maker"
"5.38000000","10.00000000","2024-01-03T12:12:18.804Z","buy","maker"
"5.38000000","54.49000000","2024-01-03T12:12:18.804Z","buy","maker"
"5.37000000","6.14000000","2024-01-03T12:11:42.548Z","buy","maker"
"5.20000000","8.09000000","2024-01-03T12:11:10.109Z","sell","maker"
"5.02000000","36.00000000","2024-01-03T12:10:49.958Z","buy","maker"
"5.09000000","158.95000000","2024-01-03T12:10:49.958Z","sell","maker"
"5.08000000","164.02000000","2024-01-03T12:10:49.958Z","sell","maker"
"5.07000000","16.40000000","2024-01-03T12:10:49.958Z","sell","maker"
"5.07000000","32.80000000","2024-01-03T12:10:49.958Z","sell","maker"
"5.07000000","65.61000000","2024-01-03T12:10:49.958Z","sell","maker"
"5.07000000","131.21000000","2024-01-03T12:10:49.958Z","sell","maker"
"5.19000000","2.60000000","2024-01-03T12:10:37.830Z","sell","maker"
"5.19000000","3.90000000","2024-01-03T12:10:37.334Z","sell","maker"
"5.20000000","6.00000000","2024-01-03T12:10:37.262Z","sell","maker"
"5.20000000","14.00000000","2024-01-03T12:10:36.832Z","sell","maker"
"5.23000000","8.08000000","2024-01-03T12:10:34.437Z","sell","maker"
"5.23000000","16.92000000","2024-01-03T12:10:34.437Z","sell","maker"
"5.27000000","2.90000000","2024-01-03T12:10:29.747Z","sell","maker"
"5.32000000","5.00000000","2024-01-03T12:10:26.004Z","sell","maker"
"5.36000000","16.28000000","2024-01-03T12:10:09.133Z","sell","maker"
"5.40000000","6.00000000","2024-01-03T12:10:05.726Z","sell","maker"
"5.39000000","10.00000000","2024-01-03T12:10:05.726Z","sell","maker"
"5.41000000","237.99000000","2024-01-03T12:09:54.134Z","buy","maker"
"5.42000000","10.00000000","2024-01-03T12:09:54.134Z","buy","maker"
"5.42000000","23.80000000","2024-01-03T12:09:54.134Z","buy","maker"
"5.44000000","27.00000000","2024-01-03T12:09:50.655Z","sell","maker"
"5.43000000","10.00000000","2024-01-03T12:09:50.655Z","sell","maker"
"5.23000000","84.25000000","2024-01-03T12:09:45.747Z","buy","maker"
"5.24000000","10.00000000","2024-01-03T12:09:45.747Z","buy","maker"
"5.24000000","25.06000000","2024-01-03T12:09:45.747Z","buy","maker"
"5.24000000","50.12000000","2024-01-03T12:09:45.747Z","buy","maker"
"5.27000000","6.61000000","2024-01-03T12:09:45.747Z","buy","maker"
"5.33000000","0.93000000","2024-01-03T12:09:37.181Z","sell","maker"
"5.33000000","5.00000000","2024-01-03T12:09:37.181Z","sell","maker"
"5.39000000","6.00000000","2024-01-03T12:09:32.589Z","sell","maker"
"5.41000000","8.29000000","2024-01-03T12:09:31.281Z","buy","maker"
"5.50000000","20.00000000","2024-01-03T12:09:21.807Z","buy","maker"
"5.51000000","12.55000000","2024-01-03T12:08:55.333Z","buy","maker"
"5.51000000","14.30000000","2024-01-03T12:08:55.309Z","buy","maker"
"5.51000000","28.60000000","2024-01-03T12:08:55.279Z","buy","maker"
"5.51000000","14.44000000","2024-01-03T12:08:55.116Z","buy","maker"
"5.51000000","14.59000000","2024-01-03T12:08:54.549Z","buy","maker"
"5.51000000","15.36000000","2024-01-03T12:08:53.285Z","buy","maker"
"5.51000000","61.43000000","2024-01-03T12:08:53.252Z","buy","maker"
"5.51000000","16.51000000","2024-01-03T12:08:53.050Z","buy","maker"
"5.51000000","33.03000000","2024-01-03T12:08:53.035Z","buy","maker"
"5.51000000","66.05000000","2024-01-03T12:08:53.020Z","buy","maker"
"5.51000000","17.02000000","2024-01-03T12:08:52.768Z","buy","maker"
"5.51000000","34.05000000","2024-01-03T12:08:52.747Z","buy","maker"
"5.51000000","17.20000000","2024-01-03T12:08:52.462Z","buy","maker"
"5.51000000","17.37000000","2024-01-03T12:08:52.414Z","buy","maker"
"5.51000000","17.55000000","2024-01-03T12:08:52.360Z","buy","maker"
"5.51000000","17.72000000","2024-01-03T12:08:52.316Z","buy","maker"
"5.51000000","18.27000000","2024-01-03T12:08:52.272Z","buy","maker"
"5.51000000","36.54000000","2024-01-03T12:08:52.246Z","buy","maker"
"5.52000000","3.30000000","2024-01-03T12:08:51.434Z","sell","maker"
"5.53000000","7.00000000","2024-01-03T12:08:50.866Z","sell","maker"
"5.55000000","10.13000000","2024-01-03T12:08:45.331Z","buy","maker"
"5.60000000","3.12000000","2024-01-03T12:08:38.161Z","sell","maker"
"5.63000000","2.00000000","2024-01-03T12:08:29.585Z","buy","maker"
"5.68000000","40.52000000","2024-01-03T12:08:12.994Z","buy","maker"
"5.68000000","19.12000000","2024-01-03T12:08:12.821Z","buy","maker"
"5.68000000","41.12000000","2024-01-03T12:08:12.755Z","buy","maker"
"5.68000000","82.25000000","2024-01-03T12:08:12.741Z","buy","maker"
"5.68000000","20.56000000","2024-01-03T12:08:12.714Z","buy","maker"
"5.68000000","20.77000000","2024-01-03T12:08:12.586Z","buy","maker"
"5.68000000","20.98000000","2024-01-03T12:08:11.979Z","buy","maker"
"5.68000000","21.19000000","2024-01-03T12:08:09.117Z","buy","maker"
"5.68000000","21.41000000","2024-01-03T12:08:08.992Z","buy","maker"
"5.68000000","328.00000000","2024-01-03T12:08:08.471Z","buy","maker"
"5.74000000","22.07000000","2024-01-03T12:03:47.972Z","sell","maker"
"5.74000000","44.13000000","2024-01-03T12:03:47.972Z","sell","maker"
"5.64000000","2.45000000","2024-01-03T12:02:07.784Z","buy","maker"
"5.67000000","16.62000000","2024-01-03T12:01:57.300Z","buy","maker"
"5.67000000","22.43000000","2024-01-03T12:01:57.256Z","buy","maker"
"5.69000000","1.75000000","2024-01-03T12:01:52.797Z","buy","maker"
"5.69000000","6.39000000","2024-01-03T12:01:52.797Z","buy","maker"
"5.70000000","6.00000000","2024-01-03T12:01:52.669Z","sell","maker"
"5.70000000","11.56000000","2024-01-03T12:01:51.534Z","buy","maker"
"5.70000000","22.92000000","2024-01-03T12:01:51.473Z","buy","maker"
"5.70000000","23.15000000","2024-01-03T12:01:51.329Z","buy","maker"
"5.70000000","21.33000000","2024-01-03T12:01:51.296Z","buy","maker"
"5.70000000","2.05000000","2024-01-03T12:01:51.296Z","buy","maker"
"5.71000000","10.00000000","2024-01-03T12:01:50.081Z","sell","maker"
"5.73000000","5.19000000","2024-01-03T12:01:44.480Z","buy","maker"
"5.74000000","5.00000000","2024-01-03T12:01:40.890Z","sell","maker"
"5.74000000","4.79000000","2024-01-03T12:01:40.352Z","buy","maker"
"5.98000000","1.14000000","2024-01-03T11:09:28.027Z","buy","maker"
"6.04000000","102.14000000","2024-01-03T09:55:51.260Z","sell","maker"
"6.05000000","101.03000000","2024-01-03T09:50:49.234Z","sell","maker"
"6.05000000","101.26000000","2024-01-03T09:50:48.238Z","sell","maker"
"6.07000000","98.88000000","2024-01-03T09:40:54.910Z","sell","maker"
"6.07000000","2.00000000","2024-01-03T09:40:54.910Z","sell","maker"
"6.06000000","93.74000000","2024-01-03T09:38:16.719Z","sell","maker"
"6.06000000","101.77000000","2024-01-03T09:38:16.218Z","sell","maker"
"6.06000000","101.12000000","2024-01-03T09:38:15.445Z","sell","maker"
"6.06000000","90.58000000","2024-01-03T09:37:48.608Z","sell","maker"
"6.06000000","101.67000000","2024-01-03T09:37:47.604Z","sell","maker"
"6.06000000","93.79000000","2024-01-03T09:37:09.764Z","sell","maker"
"6.06000000","101.64000000","2024-01-03T09:37:09.257Z","sell","maker"
"6.06000000","101.20000000","2024-01-03T09:37:08.245Z","sell","maker"
"6.05000000","93.98000000","2024-01-03T09:28:26.601Z","sell","maker"
"6.05000000","101.06000000","2024-01-03T09:28:20.927Z","sell","maker"
"6.05000000","101.59000000","2024-01-03T09:28:19.954Z","sell","maker"
"6.05000000","6.68000000","2024-01-03T09:28:17.183Z","sell","maker"
"6.05000000","101.83000000","2024-01-03T09:28:13.417Z","sell","maker"
"6.05000000","101.88000000","2024-01-03T09:28:12.417Z","sell","maker"
"6.05000000","86.24000000","2024-01-03T09:27:59.970Z","sell","maker"
"6.05000000","48.75000000","2024-01-03T09:27:56.857Z","sell","maker"
"6.05000000","24.38000000","2024-01-03T09:27:56.857Z","sell","maker"
"6.05000000","18.03000000","2024-01-03T09:27:56.857Z","sell","maker"
"6.05000000","101.06000000","2024-01-03T09:27:56.364Z","sell","maker"
"6.05000000","101.19000000","2024-01-03T09:27:46.070Z","sell","maker"
"6.05000000","76.35000000","2024-01-03T09:27:45.302Z","sell","maker"
"6.05000000","24.62000000","2024-01-03T09:27:45.302Z","sell","maker"
"6.00000000","59.48000000","2024-01-03T08:31:12.862Z","buy","maker"
"6.00000000","110.17000000","2024-01-03T08:03:46.928Z","sell","maker"
"5.99000000","2.43000000","2024-01-03T08:03:45.122Z","buy","maker"
"6.00000000","85.38000000","2024-01-03T08:03:44.530Z","sell","maker"
"6.00000000","24.87000000","2024-01-03T08:03:44.530Z","sell","maker"
"6.00000000","84.73000000","2024-01-03T08:03:37.612Z","sell","maker"
"6.00000000","25.12000000","2024-01-03T08:03:37.612Z","sell","maker"
"6.00000000","6.91000000","2024-01-03T07:42:33.601Z","buy","maker"
"6.01000000","3.01000000","2024-01-03T07:42:00.535Z","buy","maker"
"6.02000000","2.37000000","2024-01-03T07:18:17.394Z","buy","maker"
"6.02000000","2.59000000","2024-01-03T07:17:14.217Z","buy","maker"
"6.02000000","6.77000000","2024-01-03T07:16:03.031Z","buy","maker"
"6.02000000","2.92000000","2024-01-03T07:00:42.739Z","buy","maker"
"6.03000000","18.58000000","2024-01-03T06:29:35.633Z","buy","maker"
"6.05000000","1.64000000","2024-01-03T05:58:11.744Z","sell","maker"
"6.06000000","0.02000000","2024-01-03T05:41:59.608Z","sell","maker"
"6.05000000","0.80000000","2024-01-03T05:35:32.310Z","sell","maker"
"6.05000000","4.47000000","2024-01-03T05:24:50.968Z","sell","maker"
"6.01000000","0.33000000","2024-01-03T04:40:28.164Z","buy","maker"
"6.02000000","2.77000000","2024-01-03T04:23:45.052Z","buy","maker"
"6.01000000","47.04000000","2024-01-03T04:10:29.072Z","buy","maker"
"6.01000000","1.14000000","2024-01-03T04:10:29.072Z","buy","maker"
"6.03000000","25.38000000","2024-01-03T03:59:08.866Z","sell","maker"
"6.03000000","0.75000000","2024-01-03T03:19:21.546Z","sell","maker"
"6.01000000","0.05000000","2024-01-03T03:03:06.262Z","buy","maker"
"6.03000000","1.13000000","2024-01-03T02:57:23.128Z","sell","maker"
"6.01000000","0.30000000","2024-01-03T02:54:42.309Z","buy","maker"
"6.03000000","0.05000000","2024-01-03T02:49:52.119Z","sell","maker"
"6.01000000","0.02000000","2024-01-03T02:47:59.337Z","buy","maker"
"6.03000000","57.45000000","2024-01-03T01:52:14.061Z","sell","maker"
"6.02000000","0.09000000","2024-01-03T01:51:43.171Z","buy","maker"
"6.02000000","48.18000000","2024-01-03T01:17:26.427Z","sell","maker"
"6.01000000","0.25000000","2024-01-03T01:14:08.646Z","buy","maker"
"5.99000000","1.01000000","2024-01-03T00:18:56.600Z","buy","maker"
"5.97000000","0.27000000","2024-01-02T23:55:36.523Z","buy","maker"
"5.97000000","84.38000000","2024-01-02T23:40:41.817Z","buy","maker"
"5.98000000","185.48000000","2024-01-02T23:25:01.064Z","buy","maker"
"6.00000000","0.67000000","2024-01-02T22:58:21.994Z","buy","maker"
"6.00000000","0.30000000","2024-01-02T22:57:50.453Z","buy","maker"
"5.99000000","31.46000000","2024-01-02T22:37:59.887Z","sell","maker"
"5.99000000","52.32000000","2024-01-02T22:37:59.887Z","sell","maker"
"5.99000000","26.16000000","2024-01-02T22:37:59.887Z","sell","maker"
"5.99000000","10.00000000","2024-01-02T22:37:58.582Z","sell","maker"
"5.99000000","112.52000000","2024-01-02T22:37:58.582Z","sell","maker"
"5.98000000","56.26000000","2024-01-02T22:37:58.582Z","sell","maker"
"5.98000000","28.13000000","2024-01-02T22:37:58.582Z","sell","maker"
"5.96000000","112.13000000","2024-01-02T22:34:25.631Z","buy","maker"
"5.96000000","107.20000000","2024-01-02T22:34:25.631Z","buy","maker"
"5.97000000","53.60000000","2024-01-02T22:34:25.631Z","buy","maker"
"5.97000000","26.80000000","2024-01-02T22:34:25.631Z","buy","maker"
"5.97000000","110.33000000","2024-01-02T22:34:25.631Z","buy","maker"
"5.97000000","13.40000000","2024-01-02T22:34:25.631Z","buy","maker"
"5.97000000","296.63000000","2024-01-02T22:34:25.631Z","buy","maker"
"5.98000000","296.63000000","2024-01-02T22:34:25.631Z","buy","maker"
"5.98000000","82.92000000","2024-01-02T22:34:25.631Z","buy","maker"
"6.00000000","0.17000000","2024-01-02T22:03:36.397Z","sell","maker"
"5.98000000","0.36000000","2024-01-02T22:01:14.451Z","buy","maker"
"5.98000000","2.51000000","2024-01-02T21:45:58.151Z","sell","maker"
"5.95000000","80.98000000","2024-01-02T21:10:40.463Z","buy","maker"
"5.99000000","11.39000000","2024-01-02T21:00:51.978Z","sell","maker"
"5.98000000","0.02000000","2024-01-02T20:53:53.587Z","sell","maker"
"5.98000000","0.03000000","2024-01-02T20:46:06.079Z","buy","maker"
"6.00000000","0.82000000","2024-01-02T20:32:10.544Z","sell","maker"
"6.01000000","50.00000000","2024-01-02T20:25:22.806Z","sell","maker"
"6.01000000","0.16000000","2024-01-02T20:24:17.135Z","sell","maker"
"6.00000000","107.75000000","2024-01-02T19:57:42.645Z","sell","maker"
"5.98000000","9.16000000","2024-01-02T19:50:35.354Z","buy","maker"
"5.98000000","39.79000000","2024-01-02T19:30:19.256Z","sell","maker"
"5.98000000","110.22000000","2024-01-02T19:28:50.733Z","sell","maker"
"6.02000000","62.98000000","2024-01-02T19:16:52.949Z","sell","maker"
"6.02000000","19.34000000","2024-01-02T19:16:52.949Z","sell","maker"
"5.99000000","51.03000000","2024-01-02T19:02:46.234Z","buy","maker"
"6.00000000","8.46000000","2024-01-02T18:38:31.653Z","sell","maker"
"6.01000000","36.00000000","2024-01-02T18:35:27.802Z","sell","maker"
"5.97000000","112.90000000","2024-01-02T18:22:07.540Z","buy","maker"
"5.98000000","109.62000000","2024-01-02T18:22:07.540Z","buy","maker"
"5.98000000","296.63000000","2024-01-02T18:22:07.540Z","buy","maker"
"6.00000000","109.62000000","2024-01-02T18:01:42.382Z","sell","maker"
"6.00000000","109.45000000","2024-01-02T18:01:13.871Z","sell","maker"
"5.98000000","109.78000000","2024-01-02T17:51:21.380Z","buy","maker"
"5.98000000","110.19000000","2024-01-02T17:43:07.794Z","sell","maker"
"5.98000000","85.53000000","2024-01-02T17:43:05.436Z","sell","maker"
"5.98000000","25.25000000","2024-01-02T17:43:05.436Z","sell","maker"
"5.98000000","76.47000000","2024-01-02T17:42:51.178Z","sell","maker"
"5.98000000","110.26000000","2024-01-02T17:42:44.436Z","sell","maker"
"5.98000000","109.90000000","2024-01-02T17:42:43.412Z","sell","maker"
"5.99000000","110.14000000","2024-01-02T17:39:20.092Z","sell","maker"
"5.99000000","110.21000000","2024-01-02T17:38:40.870Z","sell","maker"
"5.99000000","25.51000000","2024-01-02T17:35:19.931Z","sell","maker"
"5.99000000","76.27000000","2024-01-02T17:35:19.430Z","sell","maker"
"5.99000000","25.76000000","2024-01-02T17:35:19.430Z","sell","maker"
"5.99000000","110.19000000","2024-01-02T17:34:59.355Z","sell","maker"
"5.98000000","26.03000000","2024-01-02T17:33:42.013Z","sell","maker"
"5.99000000","110.66000000","2024-01-02T17:33:24.619Z","sell","maker"
"5.98000000","27.41000000","2024-01-02T17:33:14.162Z","sell","maker"
"5.98000000","27.68000000","2024-01-02T17:33:10.016Z","sell","maker"
"5.98000000","27.96000000","2024-01-02T17:33:09.294Z","sell","maker"
"5.99000000","28.24000000","2024-01-02T17:30:32.979Z","sell","maker"
"5.97000000","18.58000000","2024-01-02T17:29:33.487Z","buy","maker"
"6.00000000","80.98000000","2024-01-02T17:27:25.644Z","sell","maker"
"5.99000000","29.35000000","2024-01-02T17:27:25.644Z","sell","maker"
"6.00000000","5.32000000","2024-01-02T17:27:24.878Z","sell","maker"
"6.00000000","10.00000000","2024-01-02T17:27:24.878Z","sell","maker"
"5.99000000","30.34000000","2024-01-02T17:27:24.878Z","sell","maker"
"5.99000000","63.79000000","2024-01-02T17:27:24.878Z","sell","maker"
"5.99000000","78.47000000","2024-01-02T17:27:23.391Z","sell","maker"
"5.98000000","31.44000000","2024-01-02T17:27:23.391Z","sell","maker"
"5.99000000","11.29000000","2024-01-02T17:27:22.570Z","sell","maker"
"5.99000000","2.28000000","2024-01-02T17:27:20.013Z","sell","maker"
"5.98000000","20.93000000","2024-01-02T17:27:20.013Z","sell","maker"
"5.98000000","10.97000000","2024-01-02T17:27:19.499Z","sell","maker"
"5.95000000","26.25000000","2024-01-02T17:27:16.339Z","buy","maker"
"5.96000000","275.11000000","2024-01-02T17:27:16.339Z","buy","maker"
"5.97000000","127.93000000","2024-01-02T17:27:16.339Z","buy","maker"
"5.98000000","51.17000000","2024-01-02T17:27:16.339Z","buy","maker"
"5.98000000","10.00000000","2024-01-02T17:27:16.339Z","buy","maker"
"5.98000000","110.04000000","2024-01-02T17:27:16.339Z","buy","maker"
"5.98000000","289.44000000","2024-01-02T17:27:16.339Z","buy","maker"
"5.99000000","63.55000000","2024-01-02T17:27:16.339Z","buy","maker"
"5.99000000","25.59000000","2024-01-02T17:27:16.339Z","buy","maker"
"5.99000000","296.63000000","2024-01-02T17:27:16.339Z","buy","maker"
"5.99000000","12.79000000","2024-01-02T17:27:16.339Z","buy","maker"
"6.00000000","296.63000000","2024-01-02T17:27:16.339Z","buy","maker"
"5.98000000","7.19000000","2024-01-02T17:25:35.991Z","buy","maker"
"5.99000000","109.55000000","2024-01-02T17:25:35.991Z","buy","maker"
"5.99000000","55.02000000","2024-01-02T17:25:35.991Z","buy","maker"
"5.99000000","27.51000000","2024-01-02T17:25:35.991Z","buy","maker"
"5.99000000","13.76000000","2024-01-02T17:25:35.991Z","buy","maker"
"5.99000000","108.68000000","2024-01-02T17:25:35.991Z","buy","maker"
"6.01000000","28.20000000","2024-01-02T17:22:33.734Z","sell","maker"
"6.01000000","77.37000000","2024-01-02T17:22:31.434Z","sell","maker"
"6.01000000","109.40000000","2024-01-02T17:22:30.671Z","sell","maker"
"6.01000000","109.86000000","2024-01-02T17:22:12.136Z","sell","maker"
"6.00000000","109.49000000","2024-01-02T17:18:36.007Z","sell","maker"
"6.00000000","109.44000000","2024-01-02T17:16:04.991Z","sell","maker"
"6.00000000","85.21000000","2024-01-02T17:15:52.150Z","sell","maker"
"6.00000000","24.89000000","2024-01-02T17:15:52.150Z","sell","maker"
"6.00000000","65.66000000","2024-01-02T17:14:43.659Z","sell","maker"
"6.00000000","25.14000000","2024-01-02T17:14:43.659Z","sell","maker"
"6.00000000","28.22000000","2024-01-02T17:06:41.962Z","sell","maker"
"5.99000000","187.95000000","2024-01-02T17:06:30.194Z","buy","maker"
"6.00000000","50.00000000","2024-01-02T17:04:10.842Z","buy","maker"
"6.02000000","51.85000000","2024-01-02T16:52:47.235Z","sell","maker"
"6.02000000","25.92000000","2024-01-02T16:52:47.235Z","sell","maker"
"6.00000000","40.09000000","2024-01-02T16:47:13.748Z","buy","maker"
"5.98000000","145.88000000","2024-01-02T16:45:20.642Z","buy","maker"
"5.99000000","110.17000000","2024-01-02T16:45:20.642Z","buy","maker"
"5.99000000","12.86000000","2024-01-02T16:45:20.642Z","buy","maker"
"5.99000000","25.73000000","2024-01-02T16:45:20.642Z","buy","maker"
"5.99000000","2.00000000","2024-01-02T16:45:20.642Z","buy","maker"
"5.99000000","143.15000000","2024-01-02T16:45:20.642Z","buy","maker"
"6.00000000","296.63000000","2024-01-02T16:45:20.642Z","buy","maker"
"6.00000000","47.94000000","2024-01-02T16:44:08.664Z","buy","maker"
"6.00000000","27.51000000","2024-01-02T16:44:08.664Z","buy","maker"
"6.00000000","13.76000000","2024-01-02T16:44:08.664Z","buy","maker"
"6.00000000","92.63000000","2024-01-02T16:44:08.664Z","buy","maker"
"6.00000000","16.63000000","2024-01-02T16:43:17.258Z","buy","maker"
"6.00000000","187.37000000","2024-01-02T16:42:06.904Z","buy","maker"
"5.99000000","142.23000000","2024-01-02T16:41:36.405Z","buy","maker"
"6.00000000","296.63000000","2024-01-02T16:41:36.405Z","buy","maker"
"5.99000000","11.25000000","2024-01-02T16:34:58.789Z","buy","maker"
"5.96000000","19.11000000","2024-01-02T16:21:59.694Z","buy","maker"
"5.97000000","0.17000000","2024-01-02T16:18:58.169Z","sell","maker"
"5.97000000","0.17000000","2024-01-02T16:11:37.040Z","sell","maker"
"5.95000000","222.35000000","2024-01-02T16:10:24.689Z","buy","maker"
"6.00000000","3.48000000","2024-01-02T15:56:33.874Z","buy","maker"
"6.00000000","0.85000000","2024-01-02T15:51:29.241Z","buy","maker"
"6.00000000","37.58000000","2024-01-02T15:49:43.640Z","buy","maker"
"6.00000000","9.15000000","2024-01-02T15:45:04.352Z","buy","maker"
"6.00000000","28.26000000","2024-01-02T15:45:04.352Z","buy","maker"
"6.00000000","196.04000000","2024-01-02T15:45:04.352Z","buy","maker"
"6.01000000","60.24000000","2024-01-02T15:44:25.875Z","sell","maker"
"6.01000000","39.76000000","2024-01-02T15:44:23.274Z","sell","maker"
"6.00000000","16.42000000","2024-01-02T15:44:16.633Z","buy","maker"
"6.00000000","84.17000000","2024-01-02T15:43:07.589Z","buy","maker"
"5.99000000","118.70000000","2024-01-02T15:24:04.003Z","buy","maker"
"5.98000000","77.75000000","2024-01-02T15:22:11.945Z","buy","maker"
"5.98000000","14.27000000","2024-01-02T15:22:11.945Z","buy","maker"
"5.97000000","94.52000000","2024-01-02T15:21:15.111Z","buy","maker"
"5.99000000","45.62000000","2024-01-02T15:14:34.779Z","buy","maker"
"5.99000000","65.83000000","2024-01-02T15:14:10.540Z","buy","maker"
"5.98000000","84.34000000","2024-01-02T15:06:23.220Z","buy","maker"
"5.99000000","292.15000000","2024-01-02T15:06:23.220Z","buy","maker"
"5.99000000","4.48000000","2024-01-02T15:06:09.123Z","buy","maker"
"5.99000000","267.57000000","2024-01-02T15:05:11.664Z","buy","maker"
"6.00000000","187.95000000","2024-01-02T15:03:49.428Z","buy","maker"
"6.00000000","36.42000000","2024-01-02T15:03:03.502Z","sell","maker"
"6.00000000","1.63000000","2024-01-02T15:02:54.885Z","sell","maker"
"5.99000000","19.06000000","2024-01-02T15:01:50.444Z","buy","maker"
"5.99000000","25.42000000","2024-01-02T15:01:09.655Z","buy","maker"
"5.99000000","2.62000000","2024-01-02T15:01:09.655Z","buy","maker"
"5.99000000","12.05000000","2024-01-02T15:00:33.851Z","buy","maker"
"5.99000000","107.75000000","2024-01-02T15:00:33.851Z","buy","maker"
"5.99000000","100.00000000","2024-01-02T14:59:57.563Z","buy","maker"
"5.99000000","56.07000000","2024-01-02T14:59:51.671Z","buy","maker"
"5.99000000","13.15000000","2024-01-02T14:59:02.668Z","buy","maker"
"5.99000000","3.87000000","2024-01-02T14:58:48.337Z","buy","maker"
"5.99000000","15.79000000","2024-01-02T14:57:37.684Z","buy","maker"
"5.98000000","187.95000000","2024-01-02T14:55:22.284Z","buy","maker"
"5.98000000","32.74000000","2024-01-02T14:54:29.211Z","buy","maker"
"5.99000000","64.15000000","2024-01-02T14:54:09.030Z","buy","maker"
"5.99000000","93.28000000","2024-01-02T14:53:57.854Z","buy","maker"
"5.98000000","114.37000000","2024-01-02T14:53:39.415Z","buy","maker"
"5.99000000","105.86000000","2024-01-02T14:53:39.415Z","buy","maker"
"5.99000000","15.78000000","2024-01-02T14:53:39.415Z","buy","maker"
"5.99000000","31.55000000","2024-01-02T14:53:39.415Z","buy","maker"
"5.99000000","63.10000000","2024-01-02T14:53:39.415Z","buy","maker"
"5.99000000","268.48000000","2024-01-02T14:53:39.415Z","buy","maker"
"6.00000000","56.73000000","2024-01-02T14:53:39.415Z","buy","maker"
"6.00000000","8.03000000","2024-01-02T14:53:19.051Z","buy","maker"
"6.00000000","18.54000000","2024-01-02T14:52:55.769Z","buy","maker"
"6.00000000","19.39000000","2024-01-02T14:52:24.904Z","buy","maker"
"6.00000000","100.00000000","2024-01-02T14:52:24.060Z","buy","maker"
"6.00000000","93.94000000","2024-01-02T14:52:03.057Z","buy","maker"
"5.99000000","28.15000000","2024-01-02T14:50:59.938Z","buy","maker"
"6.02000000","1.64000000","2024-01-02T14:48:33.123Z","buy","maker"
"6.02000000","3.89000000","2024-01-02T14:48:33.123Z","buy","maker"
"6.05000000","4.43000000","2024-01-02T14:26:22.100Z","buy","maker"
"6.05000000","3.25000000","2024-01-02T14:26:00.340Z","buy","maker"
"6.06000000","5.25000000","2024-01-02T14:25:19.331Z","buy","maker"
"6.09000000","5.58000000","2024-01-02T14:20:41.869Z","sell","maker"
"6.09000000","22.91000000","2024-01-02T14:20:41.869Z","sell","maker"
"6.09000000","296.63000000","2024-01-02T14:20:41.869Z","sell","maker"
"6.07000000","4.29000000","2024-01-02T14:03:11.862Z","buy","maker"
"6.07000000","40.41000000","2024-01-02T13:42:03.306Z","buy","maker"
"6.07000000","16.64000000","2024-01-02T13:41:25.234Z","buy","maker"
"6.09000000","14.01000000","2024-01-02T13:35:07.435Z","sell","maker"
"6.07000000","5.00000000","2024-01-02T13:11:05.472Z","sell","maker"
"6.04000000","100.81000000","2024-01-02T13:01:33.357Z","buy","maker"
"6.06000000","0.18000000","2024-01-02T12:51:31.498Z","buy","maker"
"6.08000000","0.16000000","2024-01-02T12:15:46.569Z","sell","maker"
"6.06000000","0.03000000","2024-01-02T12:12:24.147Z","buy","maker"
"6.05000000","59.55000000","2024-01-02T11:49:58.238Z","buy","maker"
"6.09000000","0.80000000","2024-01-02T11:31:31.418Z","sell","maker"
"6.08000000","7.98000000","2024-01-02T11:12:32.875Z","buy","maker"
"6.09000000","54.82000000","2024-01-02T10:45:03.727Z","buy","maker"
"6.12000000","2.43000000","2024-01-02T10:22:22.222Z","sell","maker"
"6.11000000","0.51000000","2024-01-02T10:22:15.855Z","buy","maker"
"6.12000000","16.67000000","2024-01-02T09:56:35.654Z","buy","maker"
"6.12000000","8.06000000","2024-01-02T09:53:31.052Z","buy","maker"
"6.11000000","34.00000000","2024-01-02T09:44:12.049Z","buy","maker"
"6.13000000","5.71000000","2024-01-02T09:43:37.056Z","sell","maker"
"6.15000000","8.06000000","2024-01-02T09:27:17.190Z","sell","maker"
"6.14000000","14.00000000","2024-01-02T09:21:27.955Z","buy","maker"
"6.12000000","2.45000000","2024-01-02T09:12:07.203Z","buy","maker"
"6.12000000","11.99000000","2024-01-02T09:12:03.779Z","buy","maker"
"6.12000000","15.72000000","2024-01-02T09:12:03.422Z","buy","maker"
"6.16000000","8.50000000","2024-01-02T08:37:20.441Z","sell","maker"
"6.15000000","3.00000000","2024-01-02T08:35:40.741Z","sell","maker"
"6.13000000","0.71000000","2024-01-02T08:30:29.500Z","sell","maker"
"6.12000000","1.89000000","2024-01-02T08:28:32.923Z","buy","maker"
"6.11000000","1.33000000","2024-01-02T08:22:09.364Z","buy","maker"
"6.11000000","4.44000000","2024-01-02T08:22:05.993Z","buy","maker"
"6.11000000","14.79000000","2024-01-02T08:21:57.888Z","buy","maker"
"6.09000000","3.00000000","2024-01-02T08:21:08.193Z","sell","maker"
"6.06000000","0.04000000","2024-01-02T08:16:34.518Z","buy","maker"
"6.07000000","75.28000000","2024-01-02T05:50:36.994Z","sell","maker"
"6.08000000","0.04000000","2024-01-02T04:52:01.308Z","sell","maker"
"6.07000000","8.21000000","2024-01-02T04:45:00.749Z","sell","maker"
"6.05000000","0.29000000","2024-01-02T04:18:26.830Z","buy","maker"
"6.06000000","0.73000000","2024-01-02T04:14:21.665Z","buy","maker"
"6.02000000","0.74000000","2024-01-02T03:11:02.018Z","buy","maker"
"6.02000000","0.24000000","2024-01-02T03:05:20.270Z","buy","maker"
"6.04000000","1.68000000","2024-01-02T02:57:45.518Z","buy","maker"
"6.05000000","6.61000000","2024-01-02T02:26:55.635Z","buy","maker"
"6.05000000","6.61000000","2024-01-02T02:26:47.195Z","buy","maker"
"6.05000000","6.61000000","2024-01-02T02:26:38.432Z","buy","maker"
"6.05000000","6.61000000","2024-01-02T02:26:29.802Z","buy","maker"
"6.05000000","2.45000000","2024-01-02T01:53:53.847Z","sell","maker"
"6.05000000","2.45000000","2024-01-02T01:43:10.580Z","sell","maker"
"6.04000000","0.26000000","2024-01-02T01:43:05.719Z","buy","maker"
"6.05000000","0.25000000","2024-01-02T01:21:07.485Z","buy","maker"
"6.07000000","10.27000000","2024-01-02T01:12:28.797Z","sell","maker"
"6.08000000","0.72000000","2024-01-02T01:04:48.533Z","sell","maker"
"6.07000000","98.53000000","2024-01-02T01:03:42.861Z","sell","maker"
"6.07000000","24.63000000","2024-01-02T01:03:42.861Z","sell","maker"
"6.07000000","49.27000000","2024-01-02T01:03:42.861Z","sell","maker"
"6.05000000","16.53000000","2024-01-02T00:46:24.347Z","sell","maker"
"6.05000000","47.51000000","2024-01-02T00:44:33.961Z","sell","maker"
"6.05000000","3.00000000","2024-01-02T00:44:33.961Z","sell","maker"
"6.03000000","92.46000000","2024-01-02T00:37:45.197Z","sell","maker"
"6.03000000","102.28000000","2024-01-02T00:37:44.425Z","sell","maker"
"6.03000000","101.89000000","2024-01-02T00:37:43.924Z","sell","maker"
"6.03000000","101.97000000","2024-01-02T00:32:03.360Z","sell","maker"
"6.02000000","5.61000000","2024-01-02T00:30:40.872Z","sell","maker"
"6.02000000","102.58000000","2024-01-02T00:30:30.246Z","sell","maker"
"6.00000000","264.29000000","2024-01-02T00:30:01.141Z","buy","maker"
"6.02000000","101.82000000","2024-01-02T00:23:26.253Z","sell","maker"
"6.02000000","0.73000000","2024-01-02T00:23:26.253Z","sell","maker"
"5.96000000","78.96000000","2024-01-02T00:12:51.594Z","sell","maker"
"5.96000000","24.88000000","2024-01-02T00:12:51.594Z","sell","maker"
"5.95000000","80.02000000","2024-01-02T00:09:45.135Z","sell","maker"
"5.95000000","25.13000000","2024-01-02T00:09:45.135Z","sell","maker"
"5.94000000","20.10000000","2024-01-02T00:06:39.202Z","buy","maker"
"5.96000000","149.27000000","2024-01-02T00:02:00.620Z","sell","maker"
"5.96000000","0.73000000","2024-01-02T00:02:00.620Z","sell","maker"
"5.94000000","103.95000000","2024-01-01T23:23:24.965Z","sell","maker"
"5.94000000","11.25000000","2024-01-01T23:18:20.135Z","sell","maker"
"5.93000000","104.38000000","2024-01-01T23:17:58.144Z","sell","maker"
"5.91000000","0.34000000","2024-01-01T23:15:37.272Z","buy","maker"
"5.91000000","8.49000000","2024-01-01T23:14:21.329Z","buy","maker"
"5.90000000","0.80000000","2024-01-01T22:39:04.307Z","buy","maker"
"5.91000000","7.50000000","2024-01-01T22:18:58.042Z","buy","maker"
"5.91000000","25.46000000","2024-01-01T22:18:57.897Z","buy","maker"
"5.91000000","0.84000000","2024-01-01T22:07:36.889Z","buy","maker"
"5.92000000","2.50000000","2024-01-01T22:07:25.290Z","sell","maker"
"5.89000000","3.95000000","2024-01-01T21:45:40.727Z","buy","maker"
"5.90000000","104.72000000","2024-01-01T21:45:40.727Z","buy","maker"
"5.90000000","55.53000000","2024-01-01T21:45:40.727Z","buy","maker"
"5.90000000","27.77000000","2024-01-01T21:45:40.727Z","buy","maker"
"5.90000000","13.88000000","2024-01-01T21:45:40.727Z","buy","maker"
"5.90000000","119.26000000","2024-01-01T21:45:40.727Z","buy","maker"
"5.91000000","170.21000000","2024-01-01T21:37:23.017Z","buy","maker"
"5.91000000","33.64000000","2024-01-01T21:37:23.017Z","buy","maker"
"5.90000000","168.92000000","2024-01-01T21:33:56.786Z","buy","maker"
"5.90000000","8.45000000","2024-01-01T21:32:32.175Z","buy","maker"
"5.91000000","69.98000000","2024-01-01T21:26:27.613Z","buy","maker"
"5.91000000","3.00000000","2024-01-01T21:26:27.613Z","buy","maker"
"5.93000000","99.63000000","2024-01-01T21:21:00.671Z","sell","maker"
"5.93000000","103.80000000","2024-01-01T21:20:58.685Z","sell","maker"
"5.92000000","0.22000000","2024-01-01T20:21:05.807Z","buy","maker"
"5.94000000","0.20000000","2024-01-01T20:11:32.297Z","buy","maker"
"5.93000000","1.15000000","2024-01-01T19:57:34.383Z","sell","maker"
"5.92000000","230.36000000","2024-01-01T19:51:19.475Z","buy","maker"
"5.92000000","12.74000000","2024-01-01T19:25:25.558Z","sell","maker"
"5.92000000","17.10000000","2024-01-01T19:14:40.226Z","sell","maker"
"5.92000000","103.62000000","2024-01-01T19:14:08.845Z","sell","maker"
"5.93000000","8.02000000","2024-01-01T19:10:59.456Z","sell","maker"
"5.93000000","3.09000000","2024-01-01T18:35:12.073Z","sell","maker"
"5.93000000","104.57000000","2024-01-01T18:13:54.711Z","sell","maker"
"5.92000000","114.89000000","2024-01-01T18:08:37.498Z","sell","maker"
"5.90000000","0.40000000","2024-01-01T18:03:17.733Z","sell","maker"
"5.89000000","115.47000000","2024-01-01T17:49:49.774Z","sell","maker"
"5.90000000","0.34000000","2024-01-01T17:46:17.378Z","sell","maker"
"5.89000000","8.46000000","2024-01-01T17:45:35.142Z","sell","maker"
"5.89000000","105.17000000","2024-01-01T17:43:21.113Z","sell","maker"
"5.88000000","2.02000000","2024-01-01T17:26:59.687Z","buy","maker"
"5.87000000","0.22000000","2024-01-01T17:25:45.789Z","buy","maker"
"5.88000000","3.20000000","2024-01-01T16:55:38.670Z","buy","maker"
"5.88000000","95.57000000","2024-01-01T16:43:39.493Z","buy","maker"
"5.87000000","8.49000000","2024-01-01T15:43:08.138Z","buy","maker"
"5.87000000","8.50000000","2024-01-01T15:41:30.412Z","buy","maker"
"5.87000000","24.62000000","2024-01-01T15:38:12.333Z","buy","maker"
"5.84000000","12.90000000","2024-01-01T15:10:24.483Z","buy","maker"
"5.84000000","5.16000000","2024-01-01T14:56:40.959Z","buy","maker"
"5.84000000","5.15000000","2024-01-01T14:43:25.691Z","buy","maker"
"5.84000000","6.44000000","2024-01-01T14:42:45.681Z","buy","maker"
"5.85000000","20.57000000","2024-01-01T14:37:42.611Z","buy","maker"
"5.86000000","105.80000000","2024-01-01T14:30:54.894Z","sell","maker"
"5.84000000","33.28000000","2024-01-01T14:08:05.956Z","buy","maker"
"5.86000000","33.28000000","2024-01-01T14:04:30.036Z","sell","maker"
"5.88000000","0.17000000","2024-01-01T13:54:29.819Z","sell","maker"
"5.87000000","12.04000000","2024-01-01T12:54:33.126Z","sell","maker"
"5.87000000","24.84000000","2024-01-01T12:54:33.126Z","sell","maker"
"5.86000000","105.14000000","2024-01-01T12:29:15.871Z","sell","maker"
"5.86000000","1.69000000","2024-01-01T10:33:16.645Z","sell","maker"
"5.86000000","2.50000000","2024-01-01T10:30:01.892Z","sell","maker"
"5.86000000","25.11000000","2024-01-01T10:30:01.892Z","sell","maker"
"5.86000000","100.37000000","2024-01-01T10:20:20.076Z","sell","maker"
"5.86000000","4.74000000","2024-01-01T10:20:20.076Z","sell","maker"
"5.84000000","10.83000000","2024-01-01T10:11:25.547Z","buy","maker"
"5.84000000","105.97000000","2024-01-01T09:51:09.743Z","sell","maker"
"5.85000000","21.24000000","2024-01-01T09:40:54.882Z","sell","maker"
"5.83000000","0.36000000","2024-01-01T09:24:12.058Z","sell","maker"
"5.82000000","15.70000000","2024-01-01T09:06:26.802Z","sell","maker"
"5.82000000","25.53000000","2024-01-01T09:02:24.098Z","sell","maker"
"5.82000000","26.31000000","2024-01-01T09:02:23.081Z","sell","maker"
"5.82000000","52.63000000","2024-01-01T09:02:23.081Z","sell","maker"
"5.80000000","26.58000000","2024-01-01T08:50:31.166Z","sell","maker"
"5.82000000","295.49000000","2024-01-01T08:00:00.173Z","sell","maker"
"5.79000000","0.19000000","2024-01-01T07:19:26.659Z","buy","maker"
"5.79000000","106.56000000","2024-01-01T06:48:02.089Z","sell","maker"
"5.80000000","106.96000000","2024-01-01T06:44:33.285Z","sell","maker"
"5.76000000","77.38000000","2024-01-01T06:31:24.065Z","buy","maker"
"5.76000000","51.90000000","2024-01-01T06:30:54.249Z","buy","maker"
"5.77000000","99.96000000","2024-01-01T06:30:24.109Z","sell","maker"
"5.77000000","106.44000000","2024-01-01T06:27:29.734Z","sell","maker"
"5.76000000","1.76000000","2024-01-01T06:18:22.114Z","buy","maker"
"5.75000000","97.25000000","2024-01-01T05:47:04.179Z","buy","maker"
"5.77000000","107.22000000","2024-01-01T04:35:47.145Z","sell","maker"
"5.77000000","33.72000000","2024-01-01T04:33:34.661Z","sell","maker"
"5.77000000","24.36000000","2024-01-01T04:33:34.661Z","sell","maker"
"5.77000000","48.71000000","2024-01-01T04:33:34.661Z","sell","maker"
"5.78000000","14.19000000","2024-01-01T04:00:08.016Z","sell","maker"
"5.78000000","14.33000000","2024-01-01T04:00:03.623Z","sell","maker"
"5.78000000","14.47000000","2024-01-01T04:00:03.431Z","sell","maker"
"5.78000000","14.92000000","2024-01-01T04:00:00.810Z","sell","maker"
"5.78000000","30.17000000","2024-01-01T04:00:00.802Z","sell","maker"
"5.78000000","16.05000000","2024-01-01T04:00:00.768Z","sell","maker"
"5.78000000","32.10000000","2024-01-01T04:00:00.759Z","sell","maker"
"5.78000000","64.19000000","2024-01-01T04:00:00.751Z","sell","maker"
"5.81000000","106.44000000","2024-01-01T03:22:58.154Z","sell","maker"
"5.82000000","104.19000000","2024-01-01T03:17:55.382Z","sell","maker"
"5.82000000","1.70000000","2024-01-01T03:14:30.608Z","sell","maker"
"5.84000000","97.30000000","2024-01-01T02:33:22.068Z","buy","maker"
"5.84000000","0.29000000","2024-01-01T02:31:09.130Z","buy","maker"
"5.83000000","6.80000000","2024-01-01T00:50:33.995Z","sell","maker"
"5.80000000","242.14000000","2024-01-01T00:34:55.577Z","buy","maker"
"5.80000000","105.34000000","2024-01-01T00:07:53.750Z","sell","maker"
"5.80000000","105.10000000","2024-01-01T00:07:52.733Z","sell","maker"
"5.79000000","48.70000000","2024-01-01T00:04:11.090Z","sell","maker"
"5.79000000","105.40000000","2024-01-01T00:02:58.067Z","sell","maker"
"5.77000000","105.40000000","2023-12-31T23:36:04.180Z","sell","maker"
"5.78000000","86.60000000","2023-12-31T23:30:19.940Z","sell","maker"
"5.78000000","105.14000000","2023-12-31T23:30:19.167Z","sell","maker"
"5.78000000","104.89000000","2023-12-31T23:30:18.379Z","sell","maker"
"5.77000000","30.50000000","2023-12-31T23:26:16.315Z","sell","maker"
"5.79000000","12.36000000","2023-12-31T23:08:32.027Z","sell","maker"
"5.79000000","18.05000000","2023-12-31T23:02:03.385Z","sell","maker"
"5.79000000","86.66000000","2023-12-31T23:02:03.385Z","sell","maker"
"5.79000000","104.93000000","2023-12-31T23:02:03.112Z","sell","maker"
"5.79000000","105.04000000","2023-12-31T23:02:02.559Z","sell","maker"
"5.77000000","104.86000000","2023-12-31T23:00:06.031Z","buy","maker"
"5.72000000","1.16000000","2023-12-31T22:52:42.405Z","sell","maker"
"5.72000000","11.72000000","2023-12-31T22:52:39.894Z","buy","maker"
"5.72000000","23.36000000","2023-12-31T22:52:39.768Z","buy","maker"
"5.72000000","46.72000000","2023-12-31T22:52:39.741Z","buy","maker"
"5.72000000","23.60000000","2023-12-31T22:52:39.651Z","buy","maker"
"5.76000000","1.15000000","2023-12-31T22:51:59.138Z","buy","maker"
"5.79000000","81.58000000","2023-12-31T22:45:23.864Z","sell","maker"
"5.79000000","23.85000000","2023-12-31T22:45:23.864Z","sell","maker"
"5.80000000","104.72000000","2023-12-31T22:42:28.267Z","sell","maker"
"5.80000000","105.28000000","2023-12-31T22:39:15.786Z","sell","maker"
"5.78000000","23.89000000","2023-12-31T22:17:50.767Z","sell","maker"
"5.79000000","105.23000000","2023-12-31T22:07:07.997Z","sell","maker"
"5.79000000","10.26000000","2023-12-31T21:56:43.332Z","sell","maker"
"5.80000000","17.76000000","2023-12-31T21:48:04.210Z","sell","maker"
"5.80000000","105.14000000","2023-12-31T21:47:36.964Z","sell","maker"
"5.80000000","104.75000000","2023-12-31T21:45:38.728Z","sell","maker"
"5.81000000","1.53000000","2023-12-31T21:43:39.840Z","sell","maker"
"5.80000000","1.16000000","2023-12-31T21:32:30.250Z","buy","maker"
"5.81000000","104.41000000","2023-12-31T21:23:35.166Z","sell","maker"
"5.78000000","12.44000000","2023-12-31T21:08:40.108Z","buy","maker"
"5.78000000","86.88000000","2023-12-31T21:02:24.754Z","sell","maker"
"5.78000000","104.77000000","2023-12-31T20:55:20.229Z","sell","maker"
"5.78000000","104.98000000","2023-12-31T20:54:42.193Z","sell","maker"
"5.78000000","0.19000000","2023-12-31T20:45:49.451Z","sell","maker"
"5.78000000","11.02000000","2023-12-31T20:40:27.144Z","sell","maker"
"5.78000000","105.31000000","2023-12-31T20:37:54.216Z","sell","maker"
"5.79000000","23.82000000","2023-12-31T20:33:07.656Z","buy","maker"
"5.79000000","24.33000000","2023-12-31T20:33:07.618Z","buy","maker"
"5.82000000","104.36000000","2023-12-31T20:27:14.145Z","sell","maker"
"5.80000000","104.28000000","2023-12-31T20:19:00.168Z","sell","maker"
"5.80000000","105.27000000","2023-12-31T20:18:59.668Z","sell","maker"
"5.81000000","105.25000000","2023-12-31T20:03:46.670Z","sell","maker"
"5.81000000","105.15000000","2023-12-31T20:01:39.619Z","sell","maker"
"5.81000000","79.95000000","2023-12-31T19:58:48.198Z","sell","maker"
"5.81000000","24.58000000","2023-12-31T19:58:48.198Z","sell","maker"
"5.82000000","105.10000000","2023-12-31T19:58:06.004Z","sell","maker"
"5.81000000","80.29000000","2023-12-31T19:35:50.652Z","sell","maker"
"5.81000000","24.82000000","2023-12-31T19:35:50.652Z","sell","maker"
"5.83000000","25.07000000","2023-12-31T19:02:39.762Z","sell","maker"
"5.84000000","10.24000000","2023-12-31T19:00:34.699Z","sell","maker"
"5.84000000","104.73000000","2023-12-31T18:57:08.766Z","sell","maker"
"5.83000000","25.33000000","2023-12-31T18:55:37.614Z","sell","maker"
"5.83000000","25.58000000","2023-12-31T18:55:37.105Z","sell","maker"
"5.83000000","25.84000000","2023-12-31T18:45:05.000Z","sell","maker"
"5.82000000","104.93000000","2023-12-31T18:37:04.132Z","sell","maker"
"5.81000000","26.10000000","2023-12-31T18:27:50.657Z","sell","maker"
"5.81000000","26.37000000","2023-12-31T18:27:50.144Z","sell","maker"
"5.81000000","26.63000000","2023-12-31T18:27:49.138Z","sell","maker"
"5.81000000","26.90000000","2023-12-31T18:20:53.665Z","sell","maker"
"5.79000000","88.17000000","2023-12-31T18:20:46.644Z","buy","maker"
"5.79000000","10.00000000","2023-12-31T18:20:46.644Z","buy","maker"
"5.79000000","296.63000000","2023-12-31T18:20:46.644Z","buy","maker"
"5.80000000","12.76000000","2023-12-31T18:20:46.644Z","buy","maker"
"5.80000000","25.53000000","2023-12-31T18:20:46.644Z","buy","maker"
"5.80000000","51.05000000","2023-12-31T18:20:46.644Z","buy","maker"
"5.80000000","296.63000000","2023-12-31T18:20:46.644Z","buy","maker"
"5.81000000","104.96000000","2023-12-31T18:20:46.644Z","buy","maker"
"5.81000000","296.63000000","2023-12-31T18:20:46.644Z","buy","maker"
"5.82000000","79.07000000","2023-12-31T18:20:35.435Z","sell","maker"
"5.82000000","25.38000000","2023-12-31T18:20:35.435Z","sell","maker"
"5.82000000","25.64000000","2023-12-31T18:20:32.095Z","sell","maker"
"5.82000000","25.90000000","2023-12-31T18:19:32.242Z","sell","maker"
"5.82000000","26.16000000","2023-12-31T18:19:30.972Z","sell","maker"
"5.82000000","26.42000000","2023-12-31T18:19:09.671Z","sell","maker"
"5.82000000","26.69000000","2023-12-31T18:19:04.367Z","sell","maker"
"5.83000000","86.53000000","2023-12-31T18:19:02.558Z","sell","maker"
"5.82000000","26.96000000","2023-12-31T18:18:38.155Z","sell","maker"
"5.82000000","27.79000000","2023-12-31T18:18:23.695Z","sell","maker"
"5.82000000","55.58000000","2023-12-31T18:18:23.695Z","sell","maker"
"5.82000000","28.65000000","2023-12-31T18:18:23.194Z","sell","maker"
"5.82000000","57.30000000","2023-12-31T18:18:23.194Z","sell","maker"
"5.82000000","104.85000000","2023-12-31T18:18:22.678Z","sell","maker"
"5.82000000","11.76000000","2023-12-31T18:18:22.187Z","sell","maker"
"5.81000000","30.74000000","2023-12-31T18:18:22.187Z","sell","maker"
"5.81000000","61.48000000","2023-12-31T18:18:22.187Z","sell","maker"
"5.81000000","64.87000000","2023-12-31T18:18:21.675Z","sell","maker"
"5.81000000","72.28000000","2023-12-31T18:18:21.248Z","sell","maker"
"5.80000000","32.44000000","2023-12-31T18:18:21.248Z","sell","maker"
"5.81000000","4.09000000","2023-12-31T18:18:20.921Z","sell","maker"
"5.80000000","33.48000000","2023-12-31T18:18:20.921Z","sell","maker"
"5.80000000","66.96000000","2023-12-31T18:18:20.921Z","sell","maker"
"5.80000000","34.11000000","2023-12-31T18:18:20.633Z","sell","maker"
"5.80000000","29.00000000","2023-12-31T18:18:20.571Z","sell","maker"
"5.80000000","18.97000000","2023-12-31T18:18:19.933Z","sell","maker"
"5.79000000","35.16000000","2023-12-31T18:18:19.933Z","sell","maker"
"5.79000000","50.62000000","2023-12-31T18:18:19.933Z","sell","maker"
"5.79000000","20.62000000","2023-12-31T18:18:19.875Z","sell","maker"
"5.79000000","12.38000000","2023-12-31T18:18:19.875Z","sell","maker"
"5.79000000","13.00000000","2023-12-31T18:18:19.617Z","sell","maker"
"5.79000000","11.08000000","2023-12-31T18:18:19.406Z","sell","maker"
"5.79000000","39.92000000","2023-12-31T18:18:19.406Z","sell","maker"