"price","volume","timestamp","type"
"1.306400","765.472","2024-05-21T20:18:40.000Z","ask"
"1.306500","1120.000","2024-05-21T20:18:40.000Z","ask"
"1.306700","1885.988","2024-05-21T20:18:39.000Z","ask"
"1.307000","111.030","2024-05-21T20:18:38.000Z","ask"
"1.307100","4997.590","2024-05-21T20:18:39.000Z","ask"
"1.307200","4431.536","2024-05-21T20:18:38.000Z","ask"
"1.307400","1150.481","2024-05-21T20:18:38.000Z","ask"
"1.307500","2145.305","2024-05-21T20:18:38.000Z","ask"
"1.308000","1358.743","2024-05-21T20:18:38.000Z","ask"
"1.308900","367.558","2024-05-21T20:18:32.000Z","ask"
"1.309000","683.060","2024-05-21T20:18:37.000Z","ask"
"1.309200","1909.656","2024-05-21T20:18:37.000Z","ask"
"1.309600","2301.485","2024-05-21T20:18:37.000Z","ask"
"1.309700","1283.983","2024-05-21T20:18:39.000Z","ask"
"1.310100","1908.286","2024-05-21T20:18:37.000Z","ask"
"1.310300","2755.272","2024-05-21T20:18:37.000Z","ask"
"1.310600","2715.819","2024-05-21T20:18:37.000Z","ask"
"1.310700","2808.627","2024-05-21T20:18:32.000Z","ask"
"1.312700","1660.722","2024-05-21T20:06:40.000Z","ask"
"1.313100","7.783","2024-05-21T19:27:25.000Z","ask"
"1.313900","1902.803","2024-05-21T20:16:04.000Z","ask"
"1.314600","1660.722","2024-05-21T20:02:02.000Z","ask"
"1.316600","1660.722","2024-05-21T20:04:02.000Z","ask"
"1.318100","3793.520","2024-05-21T20:11:29.000Z","ask"
"1.318500","1660.722","2024-05-21T20:07:29.000Z","ask"
"1.319800","7.744","2024-05-21T19:15:49.000Z","ask"
"1.320500","1769.149","2024-05-21T20:13:32.000Z","ask"
"1.320700","3786.118","2024-05-21T20:16:06.000Z","ask"
"1.322400","1769.149","2024-05-21T20:18:02.000Z","ask"
"1.323700","33.676","2024-05-21T19:45:43.000Z","ask"
"1.326400","7.705","2024-05-21T20:17:30.000Z","ask"
"1.326500","7538.713","2024-05-21T20:15:48.000Z","ask"
"1.328400","202.941","2024-05-21T19:42:49.000Z","ask"
"1.331200","16.060","2024-05-21T19:45:03.000Z","ask"
"1.333200","7.668","2024-05-21T19:59:42.000Z","ask"
"1.338000","80.656","2024-05-21T20:03:29.000Z","ask"
"1.339800","58.792","2024-05-21T20:06:26.000Z","ask"
"1.339900","7.629","2024-05-21T20:04:34.000Z","ask"
"1.342600","17.955","2024-05-21T20:18:23.000Z","ask"
"1.342700","78.498","2024-05-21T20:14:27.000Z","ask"
"1.343200","57.853","2024-05-21T20:12:56.000Z","ask"
"1.345000","12.325","2024-05-21T20:15:51.000Z","ask"
"1.346600","14998.327","2024-05-21T20:18:37.000Z","ask"
"1.346700","7.591","2024-05-21T20:16:52.000Z","ask"
"1.348600","202.941","2024-05-21T20:06:26.000Z","ask"
"1.350000","318.099","2024-05-21T19:14:46.000Z","ask"
"1.351100","16.060","2024-05-21T19:11:33.000Z","ask"
"1.351400","241.504","2024-05-21T19:11:21.000Z","ask"
"1.353600","7.553","2024-05-21T17:55:55.000Z","ask"
"1.356200","28.974","2024-05-21T14:46:03.000Z","ask"
"1.360400","7.514","2024-05-21T18:03:56.000Z","ask"
"1.361200","13.680","2024-05-21T20:16:22.000Z","ask"
"1.361300","1795.547","2024-05-21T20:06:22.000Z","ask"
"1.362600","1307.413","2024-05-21T20:06:26.000Z","ask"
"1.362800","36.172","2024-05-21T20:16:22.000Z","ask"
"1.362900","4132.690","2024-05-21T20:06:27.000Z","ask"
"1.363000","2814.306","2024-05-21T20:06:27.000Z","ask"
"1.363400","990.997","2024-05-21T20:06:33.000Z","ask"
"1.364300","3784.630","2024-05-21T19:27:13.000Z","ask"
"1.364400","10.717","2024-05-21T15:21:12.000Z","ask"
"1.367300","7.477","2024-05-21T15:37:26.000Z","ask"
"1.369000","202.941","2024-05-21T15:27:36.000Z","ask"
"1.369900","10.717","2024-05-21T19:49:03.000Z","ask"
"1.370000","730.738","2024-05-20T20:18:46.000Z","ask"
"1.371300","16.060","2024-05-21T15:24:17.000Z","ask"
"1.374200","7.439","2024-05-21T14:13:15.000Z","ask"
"1.375400","10.717","2024-05-20T22:54:33.000Z","ask"
"1.377900","51.615","2024-05-21T13:49:02.000Z","ask"
"1.381100","18.007","2024-05-21T20:11:06.000Z","ask"
"1.381200","7.401","2024-05-09T22:31:07.000Z","ask"
"1.388100","7.364","2024-05-10T03:56:27.000Z","ask"
"1.389800","202.941","2024-05-18T04:13:22.000Z","ask"
"1.390700","220.799","2024-05-10T03:36:00.000Z","ask"
"1.391700","16.060","2024-05-10T07:00:47.000Z","ask"
"1.395200","7.327","2024-05-21T18:37:12.000Z","ask"
"1.400000","382.028","2024-05-21T16:50:24.000Z","ask"
"1.402300","7.290","2024-05-21T05:24:23.000Z","ask"
"1.409000","600.000","2024-05-21T13:51:13.000Z","ask"
"1.409300","7.254","2024-05-06T11:32:13.000Z","ask"
"1.411000","202.941","2024-05-06T10:44:01.000Z","ask"
"1.412500","10.717","2024-05-21T04:49:09.000Z","ask"
"1.412600","16.060","2024-05-03T22:31:35.000Z","ask"
"1.416500","7.217","2024-05-21T07:57:44.000Z","ask"
"1.416800","120.572","2024-05-21T08:00:07.000Z","ask"
"1.418000","25.804","2024-05-21T13:44:43.000Z","ask"
"1.423600","7.181","2024-05-21T06:11:12.000Z","ask"
"1.429700","305.221","2024-05-21T20:10:05.000Z","ask"
"1.430800","7.138","2024-05-01T08:59:55.000Z","ask"
"1.432500","202.941","2024-04-26T22:13:08.000Z","ask"
"1.433700","16.060","2024-05-03T22:31:38.000Z","ask"
"1.438000","7.109","2024-05-01T07:13:01.000Z","ask"
"1.439900","10.717","2024-05-20T22:54:34.000Z","ask"
"1.445300","7.066","2024-04-27T00:26:16.000Z","ask"
"1.445400","364.476","2024-05-21T20:00:02.000Z","ask"
"1.452700","7.030","2024-05-01T07:18:58.000Z","ask"
"1.454200","202.941","2024-05-14T22:07:25.000Z","ask"
"1.455100","16.060","2024-05-14T18:13:23.000Z","ask"
"1.460000","6.995","2024-05-15T01:14:49.000Z","ask"
"1.466900","643.568","2024-05-14T18:46:00.000Z","ask"
"1.467400","6.960","2024-05-14T15:16:08.000Z","ask"
"1.305500","1449.382","2024-05-21T20:18:39.000Z","bid"
"1.305200","1120.658","2024-05-21T20:18:38.000Z","bid"
"1.305000","1149.421","2024-05-21T20:18:38.000Z","bid"
"1.304900","576.536","2024-05-21T20:18:38.000Z","bid"
"1.304700","1149.617","2024-05-21T20:18:38.000Z","bid"
"1.304500","1120.000","2024-05-21T20:18:40.000Z","bid"
"1.304400","798.803","2024-05-21T20:18:39.000Z","bid"
"1.304300","3850.000","2024-05-21T20:18:39.000Z","bid"
"1.304200","385.600","2024-05-21T20:18:40.000Z","bid"
"1.303900","399.330","2024-05-21T20:18:38.000Z","bid"
"1.303600","1769.149","2024-05-21T20:18:38.000Z","bid"
"1.303300","2480.084","2024-05-21T20:18:38.000Z","bid"
"1.303200","864.000","2024-05-21T20:18:37.000Z","bid"
"1.303000","2845.243","2024-05-21T20:18:37.000Z","bid"
"1.302800","1283.983","2024-05-21T20:18:39.000Z","bid"
"1.302400","2729.388","2024-05-21T20:18:37.000Z","bid"
"1.301700","4606.940","2024-05-21T20:18:38.000Z","bid"
"1.301000","1769.149","2024-05-21T20:18:26.000Z","bid"
"1.300000","1922.960","2024-05-21T20:16:04.000Z","bid"
"1.296700","3855.676","2024-05-21T20:16:04.000Z","bid"
"1.295900","7.834","2024-05-21T20:16:10.000Z","bid"
"1.293900","3864.018","2024-05-21T20:17:54.000Z","bid"
"1.289500","141.717","2024-05-21T20:18:26.000Z","bid"
"1.289400","7.874","2024-05-21T20:04:16.000Z","bid"
"1.288300","16.287","2024-05-21T19:48:35.000Z","bid"
"1.287600","58.248","2024-05-21T20:14:47.000Z","bid"
"1.287100","27.041","2024-05-21T19:48:28.000Z","bid"
"1.285200","206.207","2024-05-21T20:15:10.000Z","bid"
"1.284300","607.321","2024-05-21T20:18:34.000Z","bid"
"1.283900","8587.247","2024-05-21T20:18:17.000Z","bid"
"1.282900","7.913","2024-05-21T18:52:29.000Z","bid"
"1.282600","29.010","2024-05-21T20:01:03.000Z","bid"
"1.278600","38.078","2024-05-21T20:05:30.000Z","bid"
"1.276400","7.954","2024-05-21T18:28:17.000Z","bid"
"1.270000","7.994","2024-05-21T20:09:03.000Z","bid"
"1.269300","16.287","2024-05-21T19:30:05.000Z","bid"
"1.268500","19.181","2024-05-21T20:18:10.000Z","bid"
"1.268300","13.094","2024-05-21T20:18:25.000Z","bid"
"1.267500","81.180","2024-05-21T20:13:52.000Z","bid"
"1.266400","3175.342","2024-05-21T20:18:37.000Z","bid"
"1.265900","963.610","2024-05-21T20:18:34.000Z","bid"
"1.263600","8.034","2024-05-21T20:14:11.000Z","bid"
"1.257400","33.873","2024-05-21T20:11:01.000Z","bid"
"1.257200","8.075","2024-05-21T20:00:34.000Z","bid"
"1.252900","10.281","2024-05-21T20:13:14.000Z","bid"
"1.252800","36.566","2024-05-21T20:12:15.000Z","bid"
"1.251000","13.094","2024-05-21T19:42:31.000Z","bid"
"1.250900","8.116","2024-05-21T19:40:19.000Z","bid"
"1.250600","16.287","2024-05-21T05:15:24.000Z","bid"
"1.250000","150.000","2024-05-21T19:44:07.000Z","bid"
"1.246900","206.206","2024-05-21T19:48:50.000Z","bid"
"1.245100","51.150","2024-05-21T20:03:54.000Z","bid"
"1.244700","13.094","2024-05-21T16:17:12.000Z","bid"
"1.244600","8.157","2024-05-21T20:08:15.000Z","bid"
"1.244500","29.121","2024-05-21T19:49:03.000Z","bid"
"1.244400","6483.568","2024-05-21T19:27:15.000Z","bid"
"1.244100","1085.476","2024-05-21T19:27:14.000Z","bid"
"1.243600","4539.037","2024-05-21T19:27:16.000Z","bid"
"1.241000","4160.654","2024-05-21T19:27:13.000Z","bid"
"1.238400","21.939","2024-05-21T20:15:54.000Z","bid"
"1.238300","8.198","2024-05-21T11:55:12.000Z","bid"
"1.232500","10.413","2024-05-21T20:08:49.000Z","bid"
"1.232200","16.287","2024-05-20T23:01:05.000Z","bid"
"1.232100","8.240","2024-05-20T23:05:54.000Z","bid"
"1.231500","14.517","2024-05-20T23:00:08.000Z","bid"
"1.228500","89.857","2024-05-21T20:18:40.000Z","bid"
"1.228400","105.794","2024-05-21T20:18:39.000Z","bid"
"1.228300","14.517","2024-05-21T20:16:05.000Z","bid"
"1.228200","206.212","2024-05-20T21:21:35.000Z","bid"
"1.225900","8.281","2024-05-20T19:30:58.000Z","bid"
"1.220700","5.447","2024-05-20T23:10:10.000Z","bid"
"1.219700","8.323","2024-05-20T19:28:59.000Z","bid"
"1.217700","10.579","2024-05-21T20:12:14.000Z","bid"
"1.214200","5.447","2024-05-21T20:12:14.000Z","bid"
"1.214100","16.286","2024-05-21T10:35:55.000Z","bid"
"1.213600","8.365","2024-05-20T19:25:11.000Z","bid"
"1.210300","69.894","2024-05-21T12:26:57.000Z","bid"
"1.209900","14.349","2024-05-21T19:34:14.000Z","bid"
"1.209800","206.218","2024-05-21T12:27:54.000Z","bid"
"1.207500","8.408","2024-05-21T08:05:01.000Z","bid"
"1.201400","8.450","2024-05-20T23:10:06.000Z","bid"
"1.196400","7.618","2024-05-21T19:44:14.000Z","bid"
"1.196300","16.286","2024-05-20T19:22:06.000Z","bid"
"1.195300","8.493","2024-05-21T04:55:04.000Z","bid"
"1.191700","206.206","2024-05-20T18:32:51.000Z","bid"
"1.189300","8.536","2024-05-21T14:24:51.000Z","bid"
"1.183300","8.579","2024-05-20T16:57:28.000Z","bid"
"1.180900","7.618","2024-05-20T22:58:22.000Z","bid"
"1.178400","16.287","2024-05-20T21:36:15.000Z","bid"
"1.177300","8.623","2024-05-20T16:40:05.000Z","bid"
"1.175000","20.818","2024-05-21T18:43:04.000Z","bid"
"1.173800","206.210","2024-05-20T21:35:14.000Z","bid"
"1.171400","8.667","2024-05-21T04:49:01.000Z","bid"
"1.165500","8.711","2024-05-21T11:04:03.000Z","bid"
"1.160800","16.287","2024-05-20T17:42:22.000Z","bid"
"1.159600","8.755","2024-05-20T23:14:19.000Z","bid"
"1.156300","19.278","2024-05-21T19:08:38.000Z","bid"
"1.156200","206.296","2024-05-20T15:11:27.000Z","bid"
"1.151200","14.883","2024-05-20T22:58:24.000Z","bid"
"1.143400","16.287","2024-05-20T04:40:32.000Z","bid"