"price","volume","timestamp","type"
"1.227","14.27","2024-05-27T19:27:49.834Z","bid"
"1.225","99.33","2024-05-27T19:27:49.834Z","bid"
"1.224","12541.47","2024-05-27T19:27:49.834Z","bid"
"1.223","16.98","2024-05-27T19:27:49.834Z","bid"
"1.222","21.15","2024-05-27T19:27:49.834Z","bid"
"1.221","22.54","2024-05-27T19:27:49.834Z","bid"
"1.22","3.63","2024-05-27T19:27:49.834Z","bid"
"1.217","0.98","2024-05-27T19:27:49.834Z","bid"
"1.216","21.25","2024-05-27T19:27:49.834Z","bid"
"1.215","184.63","2024-05-27T19:27:49.834Z","bid"
"1.21","0.99","2024-05-27T19:27:49.834Z","bid"
"1.209","35.86","2024-05-27T19:27:49.834Z","bid"
"1.208","0.99","2024-05-27T19:27:49.834Z","bid"
"1.207","41.29","2024-05-27T19:27:49.834Z","bid"
"1.203","25.05","2024-05-27T19:27:49.834Z","bid"
"1.202","11.9","2024-05-27T19:27:49.834Z","bid"
"1.201","50.23","2024-05-27T19:27:49.834Z","bid"
"1.2","5194.48","2024-05-27T19:27:49.834Z","bid"
"1.197","224.18","2024-05-27T19:27:49.834Z","bid"
"1.195","1","2024-05-27T19:27:49.834Z","bid"
"1.194","1","2024-05-27T19:27:49.834Z","bid"
"1.192","95.48","2024-05-27T19:27:49.834Z","bid"
"1.191","24.3","2024-05-27T19:27:49.834Z","bid"
"1.188","1.01","2024-05-27T19:27:49.834Z","bid"
"1.187","1.01","2024-05-27T19:27:49.834Z","bid"
"1.186","13.83","2024-05-27T19:27:49.834Z","bid"
"1.185","24.42","2024-05-27T19:27:49.834Z","bid"
"1.184","38.61","2024-05-27T19:27:49.834Z","bid"
"1.183","9.52","2024-05-27T19:27:49.834Z","bid"
"1.182","296.1","2024-05-27T19:27:49.834Z","bid"
"1.18","105.44","2024-05-27T19:27:49.834Z","bid"
"1.179","24.55","2024-05-27T19:27:49.834Z","bid"
"1.174","13.3","2024-05-27T19:27:49.834Z","bid"
"1.173","103.9","2024-05-27T19:27:49.834Z","bid"
"1.172","22.05","2024-05-27T19:27:49.834Z","bid"
"1.17","293.19","2024-05-27T19:27:49.834Z","bid"
"1.167","7.3","2024-05-27T19:27:49.834Z","bid"
"1.166","23.19","2024-05-27T19:27:49.834Z","bid"
"1.161","2.67","2024-05-27T19:27:49.834Z","bid"
"1.16","620.47","2024-05-27T19:27:49.834Z","bid"
"1.159","1.03","2024-05-27T19:27:49.834Z","bid"
"1.157","12.46","2024-05-27T19:27:49.834Z","bid"
"1.155","2.68","2024-05-27T19:27:49.834Z","bid"
"1.154","22.39","2024-05-27T19:27:49.834Z","bid"
"1.152","1.04","2024-05-27T19:27:49.834Z","bid"
"1.151","8.69","2024-05-27T19:27:49.834Z","bid"
"1.15","1063.76","2024-05-27T19:27:49.834Z","bid"
"1.149","3.63","2024-05-27T19:27:49.834Z","bid"
"1.148","322.51","2024-05-27T19:27:49.834Z","bid"
"1.146","1.04","2024-05-27T19:27:49.834Z","bid"
"1.145","1.04","2024-05-27T19:27:49.834Z","bid"
"1.144","2.71","2024-05-27T19:27:49.834Z","bid"
"1.143","22.61","2024-05-27T19:27:49.834Z","bid"
"1.14","16.56","2024-05-27T19:27:49.834Z","bid"
"1.138","4.77","2024-05-27T19:27:49.834Z","bid"
"1.137","22.73","2024-05-27T19:27:49.834Z","bid"
"1.133","7.42","2024-05-27T19:27:49.834Z","bid"
"1.131","23.91","2024-05-27T19:27:49.834Z","bid"
"1.13","4542.63","2024-05-27T19:27:49.834Z","bid"
"1.127","2.75","2024-05-27T19:27:49.834Z","bid"
"1.125","24.03","2024-05-27T19:27:49.834Z","bid"
"1.123","12.84","2024-05-27T19:27:49.834Z","bid"
"1.121","2.76","2024-05-27T19:27:49.834Z","bid"
"1.12","218.16","2024-05-27T19:27:49.834Z","bid"
"1.119","24.16","2024-05-27T19:27:49.834Z","bid"
"1.118","1.07","2024-05-27T19:27:49.834Z","bid"
"1.117","179.05","2024-05-27T19:27:49.834Z","bid"
"1.116","6.42","2024-05-27T19:27:49.834Z","bid"
"1.113","24.29","2024-05-27T19:27:49.834Z","bid"
"1.111","1.08","2024-05-27T19:27:49.834Z","bid"
"1.11","104.48","2024-05-27T19:27:49.834Z","bid"
"1.108","23.32","2024-05-27T19:27:49.834Z","bid"
"1.107","13.03","2024-05-27T19:27:49.834Z","bid"
"1.106","1.08","2024-05-27T19:27:49.834Z","bid"
"1.105","347.68","2024-05-27T19:27:49.834Z","bid"
"1.102","23.45","2024-05-27T19:27:49.834Z","bid"
"1.1","2922.6","2024-05-27T19:27:49.834Z","bid"
"1.099","2.82","2024-05-27T19:27:49.834Z","bid"
"1.098","1.09","2024-05-27T19:27:49.834Z","bid"
"1.096","23.58","2024-05-27T19:27:49.834Z","bid"
"1.095","21.22","2024-05-27T19:27:49.834Z","bid"
"1.094","2.83","2024-05-27T19:27:49.834Z","bid"
"1.093","183.61","2024-05-27T19:27:49.834Z","bid"
"1.092","1.09","2024-05-27T19:27:49.834Z","bid"
"1.091","23.69","2024-05-27T19:27:49.834Z","bid"
"1.09","1721.94","2024-05-27T19:27:49.834Z","bid"
"1.088","42.15","2024-05-27T19:27:49.834Z","bid"
"1.086","1.1","2024-05-27T19:27:49.834Z","bid"
"1.085","24.92","2024-05-27T19:27:49.834Z","bid"
"1.083","2.86","2024-05-27T19:27:49.834Z","bid"
"1.08","1583.48","2024-05-27T19:27:49.834Z","bid"
"1.079","25.06","2024-05-27T19:27:49.834Z","bid"
"1.077","2.88","2024-05-27T19:27:49.834Z","bid"
"1.075","100","2024-05-27T19:27:49.834Z","bid"
"1.074","37.49","2024-05-27T19:27:49.834Z","bid"
"1.073","1.11","2024-05-27T19:27:49.834Z","bid"
"1.072","10099.76","2024-05-27T19:27:49.834Z","bid"
"1.071","93.29","2024-05-27T19:27:49.834Z","bid"
"1.07","1207.43","2024-05-27T19:27:49.834Z","bid"
"1.068","24.2","2024-05-27T19:27:49.834Z","bid"
"1.067","254.02","2024-05-27T19:27:49.834Z","bid"
"1.066","10001.12","2024-05-27T19:27:49.834Z","bid"
"1.063","102.5","2024-05-27T19:27:49.834Z","bid"
"1.061","115.11","2024-05-27T19:27:49.834Z","bid"
"1.059","14.75","2024-05-27T19:27:49.834Z","bid"
"1.058","17.25","2024-05-27T19:27:49.834Z","bid"
"1.057","24.45","2024-05-27T19:27:49.834Z","bid"
"1.056","2.93","2024-05-27T19:27:49.834Z","bid"
"1.055","9.42","2024-05-27T19:27:49.834Z","bid"
"1.053","19.51","2024-05-27T19:27:49.834Z","bid"
"1.052","132.64","2024-05-27T19:27:49.834Z","bid"
"1.051","2.95","2024-05-27T19:27:49.834Z","bid"
"1.05","6117.11","2024-05-27T19:27:49.834Z","bid"
"1.048","1.14","2024-05-27T19:27:49.834Z","bid"
"1.047","1.14","2024-05-27T19:27:49.834Z","bid"
"1.046","24.71","2024-05-27T19:27:49.834Z","bid"
"1.045","107.72","2024-05-27T19:27:49.834Z","bid"
"1.043","13.83","2024-05-27T19:27:49.834Z","bid"
"1.042","2001.15","2024-05-27T19:27:49.834Z","bid"
"1.041","2025.97","2024-05-27T19:27:49.834Z","bid"
"1.04","1531.82","2024-05-27T19:27:49.834Z","bid"
"1.037","0.95","2024-05-27T19:27:49.834Z","bid"
"1.036","24.94","2024-05-27T19:27:49.834Z","bid"
"1.035","12535.54","2024-05-27T19:27:49.834Z","bid"
"1.034","1.16","2024-05-27T19:27:49.834Z","bid"
"1.03","37076.61","2024-05-27T19:27:49.834Z","bid"
"1.029","1.16","2024-05-27T19:27:49.834Z","bid"
"1.028","15.19","2024-05-27T19:27:49.834Z","bid"
"1.025","28.23","2024-05-27T19:27:49.834Z","bid"
"1.024","24.27","2024-05-27T19:27:49.834Z","bid"
"1.023","1.17","2024-05-27T19:27:49.834Z","bid"
"1.022","196.08","2024-05-27T19:27:49.834Z","bid"
"1.02","886.09","2024-05-27T19:27:49.834Z","bid"
"1.019","3.04","2024-05-27T19:27:49.834Z","bid"
"1.017","6548.07","2024-05-27T19:27:49.834Z","bid"
"1.016","1.18","2024-05-27T19:27:49.834Z","bid"
"1.014","28.55","2024-05-27T19:27:49.834Z","bid"
"1.013","22.09","2024-05-27T19:27:49.834Z","bid"
"1.011","1.18","2024-05-27T19:27:49.834Z","bid"
"1.01","5518","2024-05-27T19:27:49.834Z","bid"
"1.009","28.68","2024-05-27T19:27:49.834Z","bid"
"1.005","150.07","2024-05-27T19:27:49.834Z","bid"
"1.004","30.02","2024-05-27T19:27:49.834Z","bid"
"1","25062.68","2024-05-27T19:27:49.834Z","bid"
"0.999","155.27","2024-05-27T19:27:49.834Z","bid"
"0.998","167.49","2024-05-27T19:27:49.834Z","bid"
"0.997","9.93","2024-05-27T19:27:49.834Z","bid"
"0.996","99.39","2024-05-27T19:27:49.834Z","bid"
"0.995","300.56","2024-05-27T19:27:49.834Z","bid"
"0.994","29.12","2024-05-27T19:27:49.834Z","bid"
"0.993","1.2","2024-05-27T19:27:49.834Z","bid"
"0.992","1.21","2024-05-27T19:27:49.834Z","bid"
"0.99","129.29","2024-05-27T19:27:49.834Z","bid"
"0.989","54.26","2024-05-27T19:27:49.834Z","bid"
"0.988","8.05","2024-05-27T19:27:49.834Z","bid"
"0.984","29.41","2024-05-27T19:27:49.834Z","bid"
"0.983","14.67","2024-05-27T19:27:49.834Z","bid"
"0.982","1.01","2024-05-27T19:27:49.834Z","bid"
"0.98","1932.09","2024-05-27T19:27:49.834Z","bid"
"0.979","3.17","2024-05-27T19:27:49.834Z","bid"
"0.978","26.42","2024-05-27T19:27:49.834Z","bid"
"0.975","3.18","2024-05-27T19:27:49.834Z","bid"
"0.973","26.56","2024-05-27T19:27:49.834Z","bid"
"0.97","141.57","2024-05-27T19:27:49.834Z","bid"
"0.969","14.88","2024-05-27T19:27:49.834Z","bid"
"0.968","26.7","2024-05-27T19:27:49.834Z","bid"
"0.967","135","2024-05-27T19:27:49.834Z","bid"
"0.965","3.21","2024-05-27T19:27:49.834Z","bid"
"0.963","26.84","2024-05-27T19:27:49.834Z","bid"
"0.96","3.23","2024-05-27T19:27:49.834Z","bid"
"0.958","26.98","2024-05-27T19:27:49.834Z","bid"
"0.955","18.35","2024-05-27T19:27:49.834Z","bid"
"0.953","27.12","2024-05-27T19:27:49.834Z","bid"
"0.95","92.96","2024-05-27T19:27:49.834Z","bid"
"0.949","27.23","2024-05-27T19:27:49.834Z","bid"
"0.946","3.28","2024-05-27T19:27:49.834Z","bid"
"0.944","27.38","2024-05-27T19:27:49.834Z","bid"
"0.943","265","2024-05-27T19:27:49.834Z","bid"
"0.941","18.61","2024-05-27T19:27:49.834Z","bid"
"0.94","319.14","2024-05-27T19:27:49.834Z","bid"
"0.939","27.52","2024-05-27T19:27:49.834Z","bid"
"0.936","3.31","2024-05-27T19:27:49.834Z","bid"
"0.934","27.67","2024-05-27T19:27:49.834Z","bid"
"0.932","3.33","2024-05-27T19:27:49.834Z","bid"
"0.93","41.72","2024-05-27T19:27:49.834Z","bid"
"0.929","27.82","2024-05-27T19:27:49.834Z","bid"
"0.927","18.9","2024-05-27T19:27:49.834Z","bid"
"0.924","27.97","2024-05-27T19:27:49.834Z","bid"
"0.922","3.36","2024-05-27T19:27:49.834Z","bid"
"0.92","28.09","2024-05-27T19:27:49.834Z","bid"
"0.918","3.38","2024-05-27T19:27:49.834Z","bid"
"0.915","28.24","2024-05-27T19:27:49.834Z","bid"
"0.913","19.19","2024-05-27T19:27:49.834Z","bid"
"0.91","132.35","2024-05-27T19:27:49.834Z","bid"
"0.909","3.41","2024-05-27T19:27:49.834Z","bid"
"0.905","28.56","2024-05-27T19:27:49.834Z","bid"
"0.904","3.43","2024-05-27T19:27:49.834Z","bid"
"0.901","28.68","2024-05-27T19:27:49.834Z","bid"
"0.9","329.49","2024-05-27T19:27:49.834Z","bid"
"0.896","28.84","2024-05-27T19:27:49.834Z","bid"
"0.892","28.97","2024-05-27T19:27:49.834Z","bid"
"0.89","25","2024-05-27T19:27:49.834Z","bid"
"0.887","16.26","2024-05-27T19:27:49.834Z","bid"
"0.874","16.5","2024-05-27T19:27:49.834Z","bid"
"0.861","16.75","2024-05-27T19:27:49.834Z","bid"
"0.86","15","2024-05-27T19:27:49.834Z","bid"
"0.85","249","2024-05-27T19:27:49.834Z","bid"
"0.848","17.01","2024-05-27T19:27:49.834Z","bid"
"0.836","17.25","2024-05-27T19:27:49.834Z","bid"
"0.823","17.52","2024-05-27T19:27:49.834Z","bid"
"0.82","12.09","2024-05-27T19:27:49.834Z","bid"
"0.814","109.06","2024-05-27T19:27:49.834Z","bid"
"0.811","17.78","2024-05-27T19:27:49.834Z","bid"
"0.81","340.97","2024-05-27T19:27:49.834Z","bid"
"0.802","3.34","2024-05-27T19:27:49.834Z","bid"
"0.8","2524.06","2024-05-27T19:27:49.834Z","bid"
"0.782","1240","2024-05-27T19:27:49.834Z","bid"
"0.78","100","2024-05-27T19:27:49.834Z","bid"
"0.777","50","2024-05-27T19:27:49.834Z","bid"
"0.75","506.63","2024-05-27T19:27:49.834Z","bid"
"0.71","8","2024-05-27T19:27:49.834Z","bid"
"0.7","1535.56","2024-05-27T19:27:49.834Z","bid"
"0.69","210","2024-05-27T19:27:49.834Z","bid"
"0.687","100","2024-05-27T19:27:49.834Z","bid"
"0.666","15","2024-05-27T19:27:49.834Z","bid"
"0.618","4.01","2024-05-27T19:27:49.834Z","bid"
"0.6","25","2024-05-27T19:27:49.834Z","bid"
"0.55","6.49","2024-05-27T19:27:49.834Z","bid"
"0.525","150","2024-05-27T19:27:49.834Z","bid"
"0.511","3","2024-05-27T19:27:49.834Z","bid"
"0.5","40790","2024-05-27T19:27:49.834Z","bid"
"0.48","184.95","2024-05-27T19:27:49.834Z","bid"
"0.429","77.36","2024-05-27T19:27:49.834Z","bid"
"0.4","37.5","2024-05-27T19:27:49.834Z","bid"
"0.3","50","2024-05-27T19:27:49.834Z","bid"
"0.23","95.12","2024-05-27T19:27:49.834Z","bid"
"0.2","75","2024-05-27T19:27:49.834Z","bid"
"0.1","150","2024-05-27T19:27:49.834Z","bid"
"0.02","25","2024-05-27T19:27:49.834Z","bid"
"0.01","3017.59","2024-05-27T19:27:49.834Z","bid"
"0.007","2100","2024-05-27T19:27:49.834Z","bid"
"0.002","253991","2024-05-27T19:27:49.834Z","bid"
"0.001","135051.19","2024-05-27T19:27:49.834Z","bid"
"1.243","14","2024-05-27T19:27:49.833Z","bid"
"1.242","1.5","2024-05-27T19:27:49.833Z","bid"
"1.241","20.82","2024-05-27T19:27:49.833Z","bid"
"1.24","15","2024-05-27T19:27:49.833Z","bid"
"1.239","3.46","2024-05-27T19:27:49.833Z","bid"
"1.238","3.64","2024-05-27T19:27:49.833Z","bid"
"1.237","0.97","2024-05-27T19:27:49.833Z","bid"
"1.236","67.26","2024-05-27T19:27:49.833Z","bid"
"1.235","20.92","2024-05-27T19:27:49.833Z","bid"
"1.234","86.73","2024-05-27T19:27:49.833Z","bid"
"1.233","16.51","2024-05-27T19:27:49.833Z","bid"
"1.232","0.97","2024-05-27T19:27:49.833Z","bid"
"1.23","16.73","2024-05-27T19:27:49.833Z","bid"
"1.228","21.04","2024-05-27T19:27:49.833Z","bid"
"11.8","71.43","2024-05-27T19:27:49.832Z","ask"
"11.83","1.71","2024-05-27T19:27:49.832Z","ask"
"11.89","10","2024-05-27T19:27:49.832Z","ask"
"11.9","1.69","2024-05-27T19:27:49.832Z","ask"
"11.94","30","2024-05-27T19:27:49.832Z","ask"
"11.98","10","2024-05-27T19:27:49.832Z","ask"
"12","2074.76","2024-05-27T19:27:49.832Z","ask"
"12.15","1","2024-05-27T19:27:49.832Z","ask"
"12.22","44","2024-05-27T19:27:49.832Z","ask"
"12.263","53.09","2024-05-27T19:27:49.832Z","ask"
"12.3","2","2024-05-27T19:27:49.832Z","ask"
"12.34","1","2024-05-27T19:27:49.832Z","ask"
"12.48","30","2024-05-27T19:27:49.832Z","ask"
"12.49","1.61","2024-05-27T19:27:49.832Z","ask"
"12.6","46","2024-05-27T19:27:49.832Z","ask"
"12.68","10","2024-05-27T19:27:49.832Z","ask"
"12.707","1.47","2024-05-27T19:27:49.832Z","ask"
"12.75","10","2024-05-27T19:27:49.832Z","ask"
"12.766","71.59","2024-05-27T19:27:49.832Z","ask"
"12.9","5","2024-05-27T19:27:49.832Z","ask"
"12.94","30","2024-05-27T19:27:49.832Z","ask"
"12.96","11.85","2024-05-27T19:27:49.832Z","ask"
"12.99","1000","2024-05-27T19:27:49.832Z","ask"
"13","231.63","2024-05-27T19:27:49.832Z","ask"
"13.15","11.7","2024-05-27T19:27:49.832Z","ask"
"13.19","1.53","2024-05-27T19:27:49.832Z","ask"
"13.25","88.22","2024-05-27T19:27:49.832Z","ask"
"13.269","26.64","2024-05-27T19:27:49.832Z","ask"
"13.4","354.48","2024-05-27T19:27:49.832Z","ask"
"13.43","249.17","2024-05-27T19:27:49.832Z","ask"
"13.48","15","2024-05-27T19:27:49.832Z","ask"
"13.5","59.58","2024-05-27T19:27:49.832Z","ask"
"13.59","1.49","2024-05-27T19:27:49.832Z","ask"
"13.592","18.6","2024-05-27T19:27:49.832Z","ask"
"13.85","5","2024-05-27T19:27:49.832Z","ask"
"13.866","43.34","2024-05-27T19:27:49.832Z","ask"
"13.88","3.45","2024-05-27T19:27:49.832Z","ask"
"13.89","116.67","2024-05-27T19:27:49.832Z","ask"
"13.98","10","2024-05-27T19:27:49.832Z","ask"
"14","844.07","2024-05-27T19:27:49.832Z","ask"
"14.05","1.43","2024-05-27T19:27:49.832Z","ask"
"14.12","21","2024-05-27T19:27:49.832Z","ask"
"14.2","2.46","2024-05-27T19:27:49.832Z","ask"
"14.21","127.05","2024-05-27T19:27:49.832Z","ask"
"14.218","71.59","2024-05-27T19:27:49.832Z","ask"
"14.23","16.63","2024-05-27T19:27:49.832Z","ask"
"14.29","2.82","2024-05-27T19:27:49.832Z","ask"
"14.34","57.68","2024-05-27T19:27:49.832Z","ask"
"14.44","74.4","2024-05-27T19:27:49.832Z","ask"
"14.445","15.15","2024-05-27T19:27:49.832Z","ask"
"14.48","5.54","2024-05-27T19:27:49.832Z","ask"
"14.49","1.39","2024-05-27T19:27:49.832Z","ask"
"14.5","72.42","2024-05-27T19:27:49.832Z","ask"
"14.58","10","2024-05-27T19:27:49.832Z","ask"
"14.67","50","2024-05-27T19:27:49.832Z","ask"
"14.74","40","2024-05-27T19:27:49.832Z","ask"
"14.748","25","2024-05-27T19:27:49.832Z","ask"
"14.79","25.93","2024-05-27T19:27:49.832Z","ask"
"14.8","3","2024-05-27T19:27:49.832Z","ask"
"14.85","10","2024-05-27T19:27:49.832Z","ask"
"14.89","60","2024-05-27T19:27:49.832Z","ask"
"14.948","8.4","2024-05-27T19:27:49.832Z","ask"
"14.98","3.38","2024-05-27T19:27:49.832Z","ask"
"15","1170.21","2024-05-27T19:27:49.832Z","ask"
"15.27","1.3","2024-05-27T19:27:49.832Z","ask"
"15.35","11.65","2024-05-27T19:27:49.832Z","ask"
"15.374","1.23","2024-05-27T19:27:49.832Z","ask"
"15.38","12.63","2024-05-27T19:27:49.832Z","ask"
"15.48","417.14","2024-05-27T19:27:49.832Z","ask"
"15.58","10","2024-05-27T19:27:49.832Z","ask"
"15.671","71.59","2024-05-27T19:27:49.832Z","ask"
"15.75","37.81","2024-05-27T19:27:49.832Z","ask"
"15.8","20","2024-05-27T19:27:49.832Z","ask"
"15.83","2","2024-05-27T19:27:49.832Z","ask"
"15.89","1.27","2024-05-27T19:27:49.832Z","ask"
"15.94","15","2024-05-27T19:27:49.832Z","ask"
"15.96","62.5","2024-05-27T19:27:49.832Z","ask"
"15.98","10","2024-05-27T19:27:49.832Z","ask"
"16","3843.23","2024-05-27T19:27:49.832Z","ask"
"16.311","19.11","2024-05-27T19:27:49.832Z","ask"
"16.35","25","2024-05-27T19:27:49.832Z","ask"
"16.37","1.85","2024-05-27T19:27:49.832Z","ask"
"16.46","1.22","2024-05-27T19:27:49.832Z","ask"
"16.48","26","2024-05-27T19:27:49.832Z","ask"
"16.79","5","2024-05-27T19:27:49.832Z","ask"
"16.89","35","2024-05-27T19:27:49.832Z","ask"
"16.9","5.98","2024-05-27T19:27:49.832Z","ask"
"16.975","0.5","2024-05-27T19:27:49.832Z","ask"
"17","569.03","2024-05-27T19:27:49.832Z","ask"
"17.124","71.59","2024-05-27T19:27:49.832Z","ask"
"17.2","3.04","2024-05-27T19:27:49.832Z","ask"
"17.29","2.91","2024-05-27T19:27:49.832Z","ask"
"17.48","30","2024-05-27T19:27:49.832Z","ask"
"17.49","18934.34","2024-05-27T19:27:49.832Z","ask"
"17.5","415.5","2024-05-27T19:27:49.832Z","ask"
"17.53","114.24","2024-05-27T19:27:49.832Z","ask"
"17.7","2.8","2024-05-27T19:27:49.832Z","ask"
"17.745","24.55","2024-05-27T19:27:49.832Z","ask"
"17.79","5.68","2024-05-27T19:27:49.832Z","ask"
"17.8","5","2024-05-27T19:27:49.832Z","ask"
"17.85","1709.4","2024-05-27T19:27:49.832Z","ask"
"17.89","15","2024-05-27T19:27:49.832Z","ask"
"17.94","30","2024-05-27T19:27:49.832Z","ask"
"17.98","5","2024-05-27T19:27:49.832Z","ask"
"18","628.35","2024-05-27T19:27:49.832Z","ask"
"18.166","1.47","2024-05-27T19:27:49.832Z","ask"
"18.2","121.17","2024-05-27T19:27:49.832Z","ask"
"18.3","2.48","2024-05-27T19:27:49.832Z","ask"
"18.48","20","2024-05-27T19:27:49.832Z","ask"
"18.49","306.22","2024-05-27T19:27:49.832Z","ask"
"18.5","75","2024-05-27T19:27:49.832Z","ask"
"18.55","1530.86","2024-05-27T19:27:49.832Z","ask"
"18.577","71.68","2024-05-27T19:27:49.832Z","ask"
"18.75","59.92","2024-05-27T19:27:49.832Z","ask"
"18.86","5.36","2024-05-27T19:27:49.832Z","ask"
"18.89","60","2024-05-27T19:27:49.832Z","ask"
"18.9","5","2024-05-27T19:27:49.832Z","ask"
"18.948","20","2024-05-27T19:27:49.832Z","ask"
"19","175.32","2024-05-27T19:27:49.832Z","ask"
"19.15","1.06","2024-05-27T19:27:49.832Z","ask"
"19.23","2","2024-05-27T19:27:49.832Z","ask"
"19.251","28.81","2024-05-27T19:27:49.832Z","ask"
"19.389","30","2024-05-27T19:27:49.832Z","ask"
"19.48","70","2024-05-27T19:27:49.832Z","ask"
"19.49","2.59","2024-05-27T19:27:49.832Z","ask"
"19.5","80.4","2024-05-27T19:27:49.832Z","ask"
"19.71","1","2024-05-27T19:27:49.832Z","ask"
"19.719","1","2024-05-27T19:27:49.832Z","ask"
"19.78","1.05","2024-05-27T19:27:49.832Z","ask"
"19.8","5.54","2024-05-27T19:27:49.832Z","ask"
"19.88","49.64","2024-05-27T19:27:49.832Z","ask"
"19.89","1000","2024-05-27T19:27:49.832Z","ask"
"19.9","328.47","2024-05-27T19:27:49.832Z","ask"
"19.95","112","2024-05-27T19:27:49.832Z","ask"
"19.96","372.74","2024-05-27T19:27:49.832Z","ask"
"19.98","125","2024-05-27T19:27:49.832Z","ask"
"19.99","1265","2024-05-27T19:27:49.832Z","ask"
"20","13024.76","2024-05-27T19:27:49.832Z","ask"
"20.036","1.47","2024-05-27T19:27:49.832Z","ask"
"20.09","6","2024-05-27T19:27:49.832Z","ask"
"20.141","5","2024-05-27T19:27:49.832Z","ask"
"20.56","12.79","2024-05-27T19:27:49.832Z","ask"
"20.579","21.16","2024-05-27T19:27:49.832Z","ask"
"20.69","991.54","2024-05-27T19:27:49.832Z","ask"
"21","22.64","2024-05-27T19:27:49.832Z","ask"
"21.19","6.07","2024-05-27T19:27:49.832Z","ask"
"21.89","18","2024-05-27T19:27:49.832Z","ask"
"21.9","202.98","2024-05-27T19:27:49.832Z","ask"
"22","460.18","2024-05-27T19:27:49.832Z","ask"
"22.085","28.95","2024-05-27T19:27:49.832Z","ask"
"22.2","3","2024-05-27T19:27:49.832Z","ask"
"22.48","15","2024-05-27T19:27:49.832Z","ask"
"22.5","3","2024-05-27T19:27:49.832Z","ask"
"22.715","0.39","2024-05-27T19:27:49.832Z","ask"
"22.8","2.75","2024-05-27T19:27:49.832Z","ask"
"22.88","2","2024-05-27T19:27:49.832Z","ask"
"22.9","4.42","2024-05-27T19:27:49.832Z","ask"
"22.94","14","2024-05-27T19:27:49.832Z","ask"
"22.97","217060.07","2024-05-27T19:27:49.832Z","ask"
"23","193.94","2024-05-27T19:27:49.832Z","ask"
"23.1","4000","2024-05-27T19:27:49.832Z","ask"
"23.318","2.17","2024-05-27T19:27:49.832Z","ask"
"23.423","40","2024-05-27T19:27:49.832Z","ask"
"23.624","1.47","2024-05-27T19:27:49.832Z","ask"
"23.844","1040.31","2024-05-27T19:27:49.832Z","ask"
"23.89","25","2024-05-27T19:27:49.832Z","ask"
"24","268.8","2024-05-27T19:27:49.832Z","ask"
"24.056","219.57","2024-05-27T19:27:49.832Z","ask"
"24.107","24.93","2024-05-27T19:27:49.832Z","ask"
"24.25","14.52","2024-05-27T19:27:49.832Z","ask"
"24.36","518.1","2024-05-27T19:27:49.832Z","ask"
"24.44","10","2024-05-27T19:27:49.832Z","ask"
"24.5","4375.78","2024-05-27T19:27:49.832Z","ask"
"24.616","4.36","2024-05-27T19:27:49.832Z","ask"
"24.8","10","2024-05-27T19:27:49.832Z","ask"
"24.88","123.23","2024-05-27T19:27:49.832Z","ask"
"24.89","30","2024-05-27T19:27:49.832Z","ask"
"24.9","600","2024-05-27T19:27:49.832Z","ask"
"24.94","2.02","2024-05-27T19:27:49.832Z","ask"
"25","2973.93","2024-05-27T19:27:49.832Z","ask"
"25.15","18.04","2024-05-27T19:27:49.832Z","ask"
"25.25","3.99","2024-05-27T19:27:49.832Z","ask"
"25.465","1716.91","2024-05-27T19:27:49.832Z","ask"
"25.57","257.46","2024-05-27T19:27:49.832Z","ask"
"26","212.27","2024-05-27T19:27:49.832Z","ask"
"26.1","1.16","2024-05-27T19:27:49.832Z","ask"
"26.56","2127.77","2024-05-27T19:27:49.832Z","ask"
"26.78","269.71","2024-05-27T19:27:49.832Z","ask"
"26.783","11.23","2024-05-27T19:27:49.832Z","ask"
"26.85","1.12","2024-05-27T19:27:49.832Z","ask"
"26.864","100","2024-05-27T19:27:49.832Z","ask"
"26.87","22.5","2024-05-27T19:27:49.832Z","ask"
"26.9","11.26","2024-05-27T19:27:49.832Z","ask"
"27","15366.95","2024-05-27T19:27:49.832Z","ask"
"27.02","100","2024-05-27T19:27:49.832Z","ask"
"27.06","24","2024-05-27T19:27:49.832Z","ask"
"27.18","20.61","2024-05-27T19:27:49.832Z","ask"
"27.33","2","2024-05-27T19:27:49.832Z","ask"
"27.5","11.92","2024-05-27T19:27:49.832Z","ask"
"27.52","29.12","2024-05-27T19:27:49.832Z","ask"
"27.68","3465.03","2024-05-27T19:27:49.832Z","ask"
"27.75","255.02","2024-05-27T19:27:49.832Z","ask"
"27.786","55.78","2024-05-27T19:27:49.832Z","ask"
"27.79","82.09","2024-05-27T19:27:49.832Z","ask"
"27.81","50","2024-05-27T19:27:49.832Z","ask"
"27.98","15","2024-05-27T19:27:49.832Z","ask"
"28","6131.27","2024-05-27T19:27:49.832Z","ask"
"28.5","7.09","2024-05-27T19:27:49.832Z","ask"
"29","38.5","2024-05-27T19:27:49.832Z","ask"
"29.083","1.47","2024-05-27T19:27:49.832Z","ask"
"29.85","2131.65","2024-05-27T19:27:49.832Z","ask"
"29.89","118","2024-05-27T19:27:49.832Z","ask"
"29.98","10.32","2024-05-27T19:27:49.832Z","ask"
"29.99","9.47","2024-05-27T19:27:49.832Z","ask"
"30","3596.8","2024-05-27T19:27:49.832Z","ask"
"30.45","3.31","2024-05-27T19:27:49.832Z","ask"
"31.5","10","2024-05-27T19:27:49.832Z","ask"
"31.7","1.59","2024-05-27T19:27:49.832Z","ask"
"31.882","193.09","2024-05-27T19:27:49.832Z","ask"
"31.9","139.6","2024-05-27T19:27:49.832Z","ask"
"31.92","31.25","2024-05-27T19:27:49.832Z","ask"
"32","4.98","2024-05-27T19:27:49.832Z","ask"
"32.49","2","2024-05-27T19:27:49.832Z","ask"
"33","17","2024-05-27T19:27:49.832Z","ask"
"33.333","447.53","2024-05-27T19:27:49.832Z","ask"
"33.6","3","2024-05-27T19:27:49.832Z","ask"
"34.541","1.47","2024-05-27T19:27:49.832Z","ask"
"35","587.76","2024-05-27T19:27:49.832Z","ask"
"35.7","2.82","2024-05-27T19:27:49.832Z","ask"
"36","123.54","2024-05-27T19:27:49.832Z","ask"
"37","131","2024-05-27T19:27:49.832Z","ask"
"37.34","199.99","2024-05-27T19:27:49.832Z","ask"
"37.89","1","2024-05-27T19:27:49.832Z","ask"
"38","1160.38","2024-05-27T19:27:49.832Z","ask"
"38.1","452.13","2024-05-27T19:27:49.832Z","ask"
"38.9","47.45","2024-05-27T19:27:49.832Z","ask"
"39","3.87","2024-05-27T19:27:49.832Z","ask"
"39.4","5.72","2024-05-27T19:27:49.832Z","ask"
"40","1341.88","2024-05-27T19:27:49.832Z","ask"
"40.39","10","2024-05-27T19:27:49.832Z","ask"
"41.9","3.6","2024-05-27T19:27:49.832Z","ask"
"42","14.81","2024-05-27T19:27:49.832Z","ask"
"42.927","35","2024-05-27T19:27:49.832Z","ask"
"43","261.6","2024-05-27T19:27:49.832Z","ask"
"43.711","144.82","2024-05-27T19:27:49.832Z","ask"
"44","10.97","2024-05-27T19:27:49.832Z","ask"
"44.84","70.5","2024-05-27T19:27:49.832Z","ask"
"45","286.16","2024-05-27T19:27:49.832Z","ask"
"45.05","105.61","2024-05-27T19:27:49.832Z","ask"
"46","75","2024-05-27T19:27:49.832Z","ask"
"48.67","71.62","2024-05-27T19:27:49.832Z","ask"
"49","4.11","2024-05-27T19:27:49.832Z","ask"
"50","6023.92","2024-05-27T19:27:49.832Z","ask"
"51.821","109.89","2024-05-27T19:27:49.832Z","ask"
"53.4","2.25","2024-05-27T19:27:49.832Z","ask"
"54.8","3.67","2024-05-27T19:27:49.832Z","ask"
"55","100","2024-05-27T19:27:49.832Z","ask"
"55.955","236.5","2024-05-27T19:27:49.832Z","ask"
"58.5","66","2024-05-27T19:27:49.832Z","ask"
"59","143.11","2024-05-27T19:27:49.832Z","ask"
"60","20.17","2024-05-27T19:27:49.832Z","ask"
"60.8","4.16","2024-05-27T19:27:49.832Z","ask"
"62","5.54","2024-05-27T19:27:49.832Z","ask"
"63.5","3.17","2024-05-27T19:27:49.832Z","ask"
"64","75","2024-05-27T19:27:49.832Z","ask"
"66.49","3","2024-05-27T19:27:49.832Z","ask"
"68","8.78","2024-05-27T19:27:49.832Z","ask"
"69","2.92","2024-05-27T19:27:49.832Z","ask"
"69.221","43.41","2024-05-27T19:27:49.832Z","ask"
"70","52.82","2024-05-27T19:27:49.832Z","ask"
"71.21","426.71","2024-05-27T19:27:49.832Z","ask"
"74.5","3.38","2024-05-27T19:27:49.832Z","ask"
"76.75","2.62","2024-05-27T19:27:49.832Z","ask"
"77","10.43","2024-05-27T19:27:49.832Z","ask"
"79.4","3.8","2024-05-27T19:27:49.832Z","ask"
"80","81.98","2024-05-27T19:27:49.832Z","ask"
"83.5","3.62","2024-05-27T19:27:49.832Z","ask"
"87.5","4.03","2024-05-27T19:27:49.832Z","ask"
"88","0.06","2024-05-27T19:27:49.832Z","ask"
"90","3360.56","2024-05-27T19:27:49.832Z","ask"
"91.4","4.41","2024-05-27T19:27:49.832Z","ask"
"92","1100.4","2024-05-27T19:27:49.832Z","ask"
"94.3","5.34","2024-05-27T19:27:49.832Z","ask"
"95","3019.06","2024-05-27T19:27:49.832Z","ask"
"96","3.24","2024-05-27T19:27:49.832Z","ask"
"97","5.2","2024-05-27T19:27:49.832Z","ask"
"97.8","6.17","2024-05-27T19:27:49.832Z","ask"
"98","141.59","2024-05-27T19:27:49.832Z","ask"
"98.87","67.5","2024-05-27T19:27:49.832Z","ask"
"99.99","0.3","2024-05-27T19:27:49.832Z","ask"
"100","3889.94","2024-05-27T19:27:49.832Z","ask"
"102","161.28","2024-05-27T19:27:49.832Z","ask"
"111.66","83.14","2024-05-27T19:27:49.832Z","ask"
"115","5.54","2024-05-27T19:27:49.832Z","ask"
"121","8","2024-05-27T19:27:49.832Z","ask"
"127","8.6","2024-05-27T19:27:49.832Z","ask"
"139","139.7","2024-05-27T19:27:49.832Z","ask"
"140","60","2024-05-27T19:27:49.832Z","ask"
"149","0.85","2024-05-27T19:27:49.832Z","ask"
"160","15","2024-05-27T19:27:49.832Z","ask"
"164","1.2","2024-05-27T19:27:49.832Z","ask"
"200","127.56","2024-05-27T19:27:49.832Z","ask"
"200.548","3.66","2024-05-27T19:27:49.832Z","ask"
"250","4950","2024-05-27T19:27:49.832Z","ask"
"275","38.85","2024-05-27T19:27:49.832Z","ask"
"286.87","357.52","2024-05-27T19:27:49.832Z","ask"
"300","11.23","2024-05-27T19:27:49.832Z","ask"
"320","15","2024-05-27T19:27:49.832Z","ask"
"450","550.31","2024-05-27T19:27:49.832Z","ask"
"500","30.45","2024-05-27T19:27:49.832Z","ask"
"640","33.58","2024-05-27T19:27:49.832Z","ask"
"858","44.54","2024-05-27T19:27:49.832Z","ask"
"1000","38.49","2024-05-27T19:27:49.832Z","ask"
"1430","44.54","2024-05-27T19:27:49.832Z","ask"
"1500","82.52","2024-05-27T19:27:49.832Z","ask"
"1648","1.2","2024-05-27T19:27:49.832Z","ask"
"2199","3","2024-05-27T19:27:49.832Z","ask"
"2800","729.1","2024-05-27T19:27:49.832Z","ask"
"9999","24.26","2024-05-27T19:27:49.832Z","ask"
"30000","7.83","2024-05-27T19:27:49.832Z","ask"
"1.334","2251.74","2024-05-27T19:27:49.832Z","bid"
"1.333","10641.44","2024-05-27T19:27:49.832Z","bid"
"1.332","11176.45","2024-05-27T19:27:49.832Z","bid"
"1.331","8462.06","2024-05-27T19:27:49.832Z","bid"
"1.33","3153.97","2024-05-27T19:27:49.832Z","bid"
"1.329","8810.42","2024-05-27T19:27:49.832Z","bid"
"1.328","1501.31","2024-05-27T19:27:49.832Z","bid"
"1.327","7443.12","2024-05-27T19:27:49.832Z","bid"
"1.326","1903.73","2024-05-27T19:27:49.832Z","bid"
"1.325","7490.74","2024-05-27T19:27:49.832Z","bid"
"1.324","606.98","2024-05-27T19:27:49.832Z","bid"
"1.323","407.64","2024-05-27T19:27:49.832Z","bid"
"1.322","3647.78","2024-05-27T19:27:49.832Z","bid"
"1.321","757.08","2024-05-27T19:27:49.832Z","bid"
"1.32","646.27","2024-05-27T19:27:49.832Z","bid"
"1.318","626.69","2024-05-27T19:27:49.832Z","bid"
"1.317","452.01","2024-05-27T19:27:49.832Z","bid"
"1.316","1509.77","2024-05-27T19:27:49.832Z","bid"
"1.315","2396.5","2024-05-27T19:27:49.832Z","bid"
"1.314","3807.59","2024-05-27T19:27:49.832Z","bid"
"1.313","3.63","2024-05-27T19:27:49.832Z","bid"
"1.311","381.3","2024-05-27T19:27:49.832Z","bid"
"1.31","1509.78","2024-05-27T19:27:49.832Z","bid"
"1.308","0.91","2024-05-27T19:27:49.832Z","bid"
"1.307","19.77","2024-05-27T19:27:49.832Z","bid"
"1.306","131.08","2024-05-27T19:27:49.832Z","bid"
"1.305","1062.29","2024-05-27T19:27:49.832Z","bid"
"1.304","510","2024-05-27T19:27:49.832Z","bid"
"1.303","3.88","2024-05-27T19:27:49.832Z","bid"
"1.302","11.07","2024-05-27T19:27:49.832Z","bid"
"1.3","768.02","2024-05-27T19:27:49.832Z","bid"
"1.299","1836.53","2024-05-27T19:27:49.832Z","bid"
"1.298","0.92","2024-05-27T19:27:49.832Z","bid"
"1.297","2949.93","2024-05-27T19:27:49.832Z","bid"
"1.294","513.63","2024-05-27T19:27:49.832Z","bid"
"1.293","19.99","2024-05-27T19:27:49.832Z","bid"
"1.292","0.92","2024-05-27T19:27:49.832Z","bid"
"1.29","513.35","2024-05-27T19:27:49.832Z","bid"
"1.287","20.08","2024-05-27T19:27:49.832Z","bid"
"1.286","747.22","2024-05-27T19:27:49.832Z","bid"
"1.284","3.34","2024-05-27T19:27:49.832Z","bid"
"1.283","13.67","2024-05-27T19:27:49.832Z","bid"
"1.282","45.32","2024-05-27T19:27:49.832Z","bid"
"1.281","3366.84","2024-05-27T19:27:49.832Z","bid"
"1.28","38.13","2024-05-27T19:27:49.832Z","bid"
"1.277","3.37","2024-05-27T19:27:49.832Z","bid"
"1.276","4.12","2024-05-27T19:27:49.832Z","bid"
"1.275","4.57","2024-05-27T19:27:49.832Z","bid"
"1.274","20.28","2024-05-27T19:27:49.832Z","bid"
"1.273","12","2024-05-27T19:27:49.832Z","bid"
"1.271","2.44","2024-05-27T19:27:49.832Z","bid"
"1.27","1023.62","2024-05-27T19:27:49.832Z","bid"
"1.269","0.94","2024-05-27T19:27:49.832Z","bid"
"1.267","29.16","2024-05-27T19:27:49.832Z","bid"
"1.264","13.86","2024-05-27T19:27:49.832Z","bid"
"1.263","13.5","2024-05-27T19:27:49.832Z","bid"
"1.262","20.76","2024-05-27T19:27:49.832Z","bid"
"1.26","22.69","2024-05-27T19:27:49.832Z","bid"
"1.258","2.46","2024-05-27T19:27:49.832Z","bid"
"1.256","15.84","2024-05-27T19:27:49.832Z","bid"
"1.254","21.56","2024-05-27T19:27:49.832Z","bid"
"1.253","12","2024-05-27T19:27:49.832Z","bid"
"1.252","26.62","2024-05-27T19:27:49.832Z","bid"
"1.251","3019.9","2024-05-27T19:27:49.832Z","bid"
"1.25","446.19","2024-05-27T19:27:49.832Z","bid"
"1.249","56.45","2024-05-27T19:27:49.832Z","bid"
"1.248","20.71","2024-05-27T19:27:49.832Z","bid"
"1.247","13.17","2024-05-27T19:27:49.832Z","bid"
"1.246","14.06","2024-05-27T19:27:49.832Z","bid"
"1.245","0.96","2024-05-27T19:27:49.832Z","bid"
"3.852","2407.42","2024-05-27T19:27:49.831Z","ask"
"3.86","40.18","2024-05-27T19:27:49.831Z","ask"
"3.88","53.31","2024-05-27T19:27:49.831Z","ask"
"3.888","116.58","2024-05-27T19:27:49.831Z","ask"
"3.889","50","2024-05-27T19:27:49.831Z","ask"
"3.89","181.61","2024-05-27T19:27:49.831Z","ask"
"3.9","62.15","2024-05-27T19:27:49.831Z","ask"
"3.94","1.15","2024-05-27T19:27:49.831Z","ask"
"3.944","125","2024-05-27T19:27:49.831Z","ask"
"3.948","60","2024-05-27T19:27:49.831Z","ask"
"3.95","4787.19","2024-05-27T19:27:49.831Z","ask"
"3.97","254.37","2024-05-27T19:27:49.831Z","ask"
"3.98","166.83","2024-05-27T19:27:49.831Z","ask"
"3.99","602.17","2024-05-27T19:27:49.831Z","ask"
"3.999","60.5","2024-05-27T19:27:49.831Z","ask"
"4","14362.66","2024-05-27T19:27:49.831Z","ask"
"4.013","1.7","2024-05-27T19:27:49.831Z","ask"
"4.02","1.22","2024-05-27T19:27:49.831Z","ask"
"4.05","200","2024-05-27T19:27:49.831Z","ask"
"4.07","19.76","2024-05-27T19:27:49.831Z","ask"
"4.08","2.25","2024-05-27T19:27:49.831Z","ask"
"4.082","4.17","2024-05-27T19:27:49.831Z","ask"
"4.093","3.34","2024-05-27T19:27:49.831Z","ask"
"4.1","12.16","2024-05-27T19:27:49.831Z","ask"
"4.113","48.86","2024-05-27T19:27:49.831Z","ask"
"4.14","70","2024-05-27T19:27:49.831Z","ask"
"4.15","2.45","2024-05-27T19:27:49.831Z","ask"
"4.159","200","2024-05-27T19:27:49.831Z","ask"
"4.17","100","2024-05-27T19:27:49.831Z","ask"
"4.18","2.69","2024-05-27T19:27:49.831Z","ask"
"4.2","17.5","2024-05-27T19:27:49.831Z","ask"
"4.23","23.78","2024-05-27T19:27:49.831Z","ask"
"4.238","0.36","2024-05-27T19:27:49.831Z","ask"
"4.242","31.49","2024-05-27T19:27:49.831Z","ask"
"4.25","361.39","2024-05-27T19:27:49.831Z","ask"
"4.26","48.59","2024-05-27T19:27:49.831Z","ask"
"4.29","45","2024-05-27T19:27:49.831Z","ask"
"4.292","90.13","2024-05-27T19:27:49.831Z","ask"
"4.3","548.2","2024-05-27T19:27:49.831Z","ask"
"4.31","10.44","2024-05-27T19:27:49.831Z","ask"
"4.336","22.29","2024-05-27T19:27:49.831Z","ask"
"4.38","11.47","2024-05-27T19:27:49.831Z","ask"
"4.392","3.34","2024-05-27T19:27:49.831Z","ask"
"4.4","3699.49","2024-05-27T19:27:49.831Z","ask"
"4.41","213.37","2024-05-27T19:27:49.831Z","ask"
"4.42","2520.42","2024-05-27T19:27:49.831Z","ask"
"4.43","3563.72","2024-05-27T19:27:49.831Z","ask"
"4.44","773.36","2024-05-27T19:27:49.831Z","ask"
"4.444","90.15","2024-05-27T19:27:49.831Z","ask"
"4.45","2100.28","2024-05-27T19:27:49.831Z","ask"
"4.454","22.68","2024-05-27T19:27:49.831Z","ask"
"4.46","133.31","2024-05-27T19:27:49.831Z","ask"
"4.489","40","2024-05-27T19:27:49.831Z","ask"
"4.49","55","2024-05-27T19:27:49.831Z","ask"
"4.5","4994.56","2024-05-27T19:27:49.831Z","ask"
"4.54","2.2","2024-05-27T19:27:49.831Z","ask"
"4.55","344.13","2024-05-27T19:27:49.831Z","ask"
"4.56","933.76","2024-05-27T19:27:49.831Z","ask"
"4.6","31.14","2024-05-27T19:27:49.831Z","ask"
"4.61","300","2024-05-27T19:27:49.831Z","ask"
"4.638","48.89","2024-05-27T19:27:49.831Z","ask"
"4.65","10","2024-05-27T19:27:49.831Z","ask"
"4.667","10","2024-05-27T19:27:49.831Z","ask"
"4.69","8217.62","2024-05-27T19:27:49.831Z","ask"
"4.691","3.34","2024-05-27T19:27:49.831Z","ask"
"4.7","126.27","2024-05-27T19:27:49.831Z","ask"
"4.71","20","2024-05-27T19:27:49.831Z","ask"
"4.726","2339.72","2024-05-27T19:27:49.831Z","ask"
"4.73","1157.18","2024-05-27T19:27:49.831Z","ask"
"4.748","40","2024-05-27T19:27:49.831Z","ask"
"4.75","54.52","2024-05-27T19:27:49.831Z","ask"
"4.77","10","2024-05-27T19:27:49.831Z","ask"
"4.78","2.1","2024-05-27T19:27:49.831Z","ask"
"4.8","288.3","2024-05-27T19:27:49.831Z","ask"
"4.84","10.33","2024-05-27T19:27:49.831Z","ask"
"4.85","4506.63","2024-05-27T19:27:49.831Z","ask"
"4.86","1","2024-05-27T19:27:49.831Z","ask"
"4.88","27.52","2024-05-27T19:27:49.831Z","ask"
"4.889","40","2024-05-27T19:27:49.831Z","ask"
"4.89","995.07","2024-05-27T19:27:49.831Z","ask"
"4.92","10.21","2024-05-27T19:27:49.831Z","ask"
"4.948","48","2024-05-27T19:27:49.831Z","ask"
"4.95","3.62","2024-05-27T19:27:49.831Z","ask"
"4.97","20.44","2024-05-27T19:27:49.831Z","ask"
"4.977","2.1","2024-05-27T19:27:49.831Z","ask"
"4.98","1020","2024-05-27T19:27:49.831Z","ask"
"4.985","8","2024-05-27T19:27:49.831Z","ask"
"4.99","851.54","2024-05-27T19:27:49.831Z","ask"
"4.999","74.5","2024-05-27T19:27:49.831Z","ask"
"5","33410.14","2024-05-27T19:27:49.831Z","ask"
"5.009","44.54","2024-05-27T19:27:49.831Z","ask"
"5.01","36.69","2024-05-27T19:27:49.831Z","ask"
"5.026","10.91","2024-05-27T19:27:49.831Z","ask"
"5.04","5","2024-05-27T19:27:49.831Z","ask"
"5.09","134.55","2024-05-27T19:27:49.831Z","ask"
"5.1","20","2024-05-27T19:27:49.831Z","ask"
"5.109","123.75","2024-05-27T19:27:49.831Z","ask"
"5.12","12.71","2024-05-27T19:27:49.831Z","ask"
"5.13","12557.34","2024-05-27T19:27:49.831Z","ask"
"5.148","4.31","2024-05-27T19:27:49.831Z","ask"
"5.15","10.97","2024-05-27T19:27:49.831Z","ask"
"5.17","10","2024-05-27T19:27:49.831Z","ask"
"5.2","167.3","2024-05-27T19:27:49.831Z","ask"
"5.24","36.65","2024-05-27T19:27:49.831Z","ask"
"5.25","37.9","2024-05-27T19:27:49.831Z","ask"
"5.289","3.34","2024-05-27T19:27:49.831Z","ask"
"5.3","1115","2024-05-27T19:27:49.831Z","ask"
"5.32","107","2024-05-27T19:27:49.831Z","ask"
"5.35","37.38","2024-05-27T19:27:49.831Z","ask"
"5.37","10","2024-05-27T19:27:49.831Z","ask"
"5.4","1.9","2024-05-27T19:27:49.831Z","ask"
"5.418","4.56","2024-05-27T19:27:49.831Z","ask"
"5.46","1.85","2024-05-27T19:27:49.831Z","ask"
"5.48","3","2024-05-27T19:27:49.831Z","ask"
"5.489","30","2024-05-27T19:27:49.831Z","ask"
"5.499","2.2","2024-05-27T19:27:49.831Z","ask"
"5.5","1172.72","2024-05-27T19:27:49.831Z","ask"
"5.503","71.59","2024-05-27T19:27:49.831Z","ask"
"5.53","286.82","2024-05-27T19:27:49.831Z","ask"
"5.55","68.48","2024-05-27T19:27:49.831Z","ask"
"5.58","10","2024-05-27T19:27:49.831Z","ask"
"5.588","3.34","2024-05-27T19:27:49.831Z","ask"
"5.6","206","2024-05-27T19:27:49.831Z","ask"
"5.617","5656.14","2024-05-27T19:27:49.831Z","ask"
"5.65","500","2024-05-27T19:27:49.831Z","ask"
"5.677","10","2024-05-27T19:27:49.831Z","ask"
"5.7","29.57","2024-05-27T19:27:49.831Z","ask"
"5.72","1.75","2024-05-27T19:27:49.831Z","ask"
"5.748","9","2024-05-27T19:27:49.831Z","ask"
"5.76","20","2024-05-27T19:27:49.831Z","ask"
"5.796","0.35","2024-05-27T19:27:49.831Z","ask"
"5.8","69.61","2024-05-27T19:27:49.831Z","ask"
"5.805","1.52","2024-05-27T19:27:49.831Z","ask"
"5.87","10","2024-05-27T19:27:49.831Z","ask"
"5.88","3.96","2024-05-27T19:27:49.831Z","ask"
"5.887","3.34","2024-05-27T19:27:49.831Z","ask"
"5.889","40","2024-05-27T19:27:49.831Z","ask"
"5.89","40.78","2024-05-27T19:27:49.831Z","ask"
"5.9","246.06","2024-05-27T19:27:49.831Z","ask"
"5.928","61.38","2024-05-27T19:27:49.831Z","ask"
"5.93","5","2024-05-27T19:27:49.831Z","ask"
"5.94","50","2024-05-27T19:27:49.831Z","ask"
"5.95","590","2024-05-27T19:27:49.831Z","ask"
"5.96","667.32","2024-05-27T19:27:49.831Z","ask"
"5.965","4","2024-05-27T19:27:49.831Z","ask"
"5.977","3.52","2024-05-27T19:27:49.831Z","ask"
"5.978","22.8","2024-05-27T19:27:49.831Z","ask"
"5.98","128.55","2024-05-27T19:27:49.831Z","ask"
"5.99","11.88","2024-05-27T19:27:49.831Z","ask"
"5.999","0.5","2024-05-27T19:27:49.831Z","ask"
"6","9372.56","2024-05-27T19:27:49.831Z","ask"
"6.01","58","2024-05-27T19:27:49.831Z","ask"
"6.04","25","2024-05-27T19:27:49.831Z","ask"
"6.05","8.75","2024-05-27T19:27:49.831Z","ask"
"6.1","661.17","2024-05-27T19:27:49.831Z","ask"
"6.154","110","2024-05-27T19:27:49.831Z","ask"
"6.16","1.96","2024-05-27T19:27:49.831Z","ask"
"6.163","4.9","2024-05-27T19:27:49.831Z","ask"
"6.178","22.03","2024-05-27T19:27:49.831Z","ask"
"6.18","20","2024-05-27T19:27:49.831Z","ask"
"6.186","3.34","2024-05-27T19:27:49.831Z","ask"
"6.19","651.62","2024-05-27T19:27:49.831Z","ask"
"6.2","209.64","2024-05-27T19:27:49.831Z","ask"
"6.22","339.64","2024-05-27T19:27:49.831Z","ask"
"6.23","182.71","2024-05-27T19:27:49.831Z","ask"
"6.244","1","2024-05-27T19:27:49.831Z","ask"
"6.249","18","2024-05-27T19:27:49.831Z","ask"
"6.25","225","2024-05-27T19:27:49.831Z","ask"
"6.255","50","2024-05-27T19:27:49.831Z","ask"
"6.256","18.7","2024-05-27T19:27:49.831Z","ask"
"6.272","20.62","2024-05-27T19:27:49.831Z","ask"
"6.29","1.61","2024-05-27T19:27:49.831Z","ask"
"6.296","63.63","2024-05-27T19:27:49.831Z","ask"
"6.3","611.54","2024-05-27T19:27:49.831Z","ask"
"6.33","50","2024-05-27T19:27:49.831Z","ask"
"6.348","17.76","2024-05-27T19:27:49.831Z","ask"
"6.369","34.02","2024-05-27T19:27:49.831Z","ask"
"6.372","4580.68","2024-05-27T19:27:49.831Z","ask"
"6.38","3.18","2024-05-27T19:27:49.831Z","ask"
"6.4","672.1","2024-05-27T19:27:49.831Z","ask"
"6.405","6","2024-05-27T19:27:49.831Z","ask"
"6.41","2","2024-05-27T19:27:49.831Z","ask"
"6.42","2","2024-05-27T19:27:49.831Z","ask"
"6.45","11.96","2024-05-27T19:27:49.831Z","ask"
"6.47","9935","2024-05-27T19:27:49.831Z","ask"
"6.485","3.34","2024-05-27T19:27:49.831Z","ask"
"6.489","40","2024-05-27T19:27:49.831Z","ask"
"6.495","57.9","2024-05-27T19:27:49.831Z","ask"
"6.5","9803.98","2024-05-27T19:27:49.831Z","ask"
"6.513","925","2024-05-27T19:27:49.831Z","ask"
"6.56","10","2024-05-27T19:27:49.831Z","ask"
"6.58","2033.82","2024-05-27T19:27:49.831Z","ask"
"6.59","6.5","2024-05-27T19:27:49.831Z","ask"
"6.6","68.37","2024-05-27T19:27:49.831Z","ask"
"6.622","2","2024-05-27T19:27:49.831Z","ask"
"6.63","1","2024-05-27T19:27:49.831Z","ask"
"6.654","9.98","2024-05-27T19:27:49.831Z","ask"
"6.68","10","2024-05-27T19:27:49.831Z","ask"
"6.7","617.02","2024-05-27T19:27:49.831Z","ask"
"6.715","9.98","2024-05-27T19:27:49.831Z","ask"
"6.72","3051.21","2024-05-27T19:27:49.831Z","ask"
"6.74","750","2024-05-27T19:27:49.831Z","ask"
"6.75","1518.86","2024-05-27T19:27:49.831Z","ask"
"6.76","83.91","2024-05-27T19:27:49.831Z","ask"
"6.78","14.79","2024-05-27T19:27:49.831Z","ask"
"6.784","3.34","2024-05-27T19:27:49.831Z","ask"
"6.81","12","2024-05-27T19:27:49.831Z","ask"
"6.82","540.82","2024-05-27T19:27:49.831Z","ask"
"6.83","1.47","2024-05-27T19:27:49.831Z","ask"
"6.84","386.22","2024-05-27T19:27:49.831Z","ask"
"6.87","30","2024-05-27T19:27:49.831Z","ask"
"6.889","40","2024-05-27T19:27:49.831Z","ask"
"6.89","159.84","2024-05-27T19:27:49.831Z","ask"
"6.893","0.6","2024-05-27T19:27:49.831Z","ask"
"6.9","11.9","2024-05-27T19:27:49.831Z","ask"
"6.912","385.17","2024-05-27T19:27:49.831Z","ask"
"6.92","7","2024-05-27T19:27:49.831Z","ask"
"6.93","4327.59","2024-05-27T19:27:49.831Z","ask"
"6.948","50","2024-05-27T19:27:49.831Z","ask"
"6.955","71.59","2024-05-27T19:27:49.831Z","ask"
"6.98","22.43","2024-05-27T19:27:49.831Z","ask"
"6.99","96.29","2024-05-27T19:27:49.831Z","ask"
"6.999","0.5","2024-05-27T19:27:49.831Z","ask"
"7","2143.46","2024-05-27T19:27:49.831Z","ask"
"7.02","14.24","2024-05-27T19:27:49.831Z","ask"
"7.06","14.58","2024-05-27T19:27:49.831Z","ask"
"7.083","3.34","2024-05-27T19:27:49.831Z","ask"
"7.1","12.47","2024-05-27T19:27:49.831Z","ask"
"7.15","11.01","2024-05-27T19:27:49.831Z","ask"
"7.17","71","2024-05-27T19:27:49.831Z","ask"
"7.19","520","2024-05-27T19:27:49.831Z","ask"
"7.2","3","2024-05-27T19:27:49.831Z","ask"
"7.21","32.38","2024-05-27T19:27:49.831Z","ask"
"7.22","645.59","2024-05-27T19:27:49.831Z","ask"
"7.24","14.42","2024-05-27T19:27:49.831Z","ask"
"7.248","28","2024-05-27T19:27:49.831Z","ask"
"7.249","1.47","2024-05-27T19:27:49.831Z","ask"
"7.25","737.69","2024-05-27T19:27:49.831Z","ask"
"7.257","0.42","2024-05-27T19:27:49.831Z","ask"
"7.259","61.38","2024-05-27T19:27:49.831Z","ask"
"7.262","11.93","2024-05-27T19:27:49.831Z","ask"
"7.27","22","2024-05-27T19:27:49.831Z","ask"
"7.36","40.36","2024-05-27T19:27:49.831Z","ask"
"7.382","3.34","2024-05-27T19:27:49.831Z","ask"
"7.39","1.36","2024-05-27T19:27:49.831Z","ask"
"7.4","51.34","2024-05-27T19:27:49.831Z","ask"
"7.422","1.33","2024-05-27T19:27:49.831Z","ask"
"7.43","4","2024-05-27T19:27:49.831Z","ask"
"7.438","0.37","2024-05-27T19:27:49.831Z","ask"
"7.44","2.72","2024-05-27T19:27:49.831Z","ask"
"7.45","114","2024-05-27T19:27:49.831Z","ask"
"7.47","11","2024-05-27T19:27:49.831Z","ask"
"7.489","60","2024-05-27T19:27:49.831Z","ask"
"7.49","207.03","2024-05-27T19:27:49.831Z","ask"
"7.491","3.59","2024-05-27T19:27:49.831Z","ask"
"7.5","14211.5","2024-05-27T19:27:49.831Z","ask"
"7.54","25","2024-05-27T19:27:49.831Z","ask"
"7.55","170.47","2024-05-27T19:27:49.831Z","ask"
"7.556","8.6","2024-05-27T19:27:49.831Z","ask"
"7.56","3.98","2024-05-27T19:27:49.831Z","ask"
"7.57","23.48","2024-05-27T19:27:49.831Z","ask"
"7.6","1.4","2024-05-27T19:27:49.831Z","ask"
"7.68","10","2024-05-27T19:27:49.831Z","ask"
"7.681","3.34","2024-05-27T19:27:49.831Z","ask"
"7.7","102.23","2024-05-27T19:27:49.831Z","ask"
"7.71","15","2024-05-27T19:27:49.831Z","ask"
"7.739","24.8","2024-05-27T19:27:49.831Z","ask"
"7.75","7","2024-05-27T19:27:49.831Z","ask"
"7.77","742.77","2024-05-27T19:27:49.831Z","ask"
"7.787","1.34","2024-05-27T19:27:49.831Z","ask"
"7.788","4.53","2024-05-27T19:27:49.831Z","ask"
"7.79","550.15","2024-05-27T19:27:49.831Z","ask"
"7.792","1.34","2024-05-27T19:27:49.831Z","ask"
"7.8","159.8","2024-05-27T19:27:49.831Z","ask"
"7.85","2319.23","2024-05-27T19:27:49.831Z","ask"
"7.876","7.41","2024-05-27T19:27:49.831Z","ask"
"7.889","30","2024-05-27T19:27:49.831Z","ask"
"7.89","1.28","2024-05-27T19:27:49.831Z","ask"
"7.94","52.59","2024-05-27T19:27:49.831Z","ask"
"7.942","0.5","2024-05-27T19:27:49.831Z","ask"
"7.948","50","2024-05-27T19:27:49.831Z","ask"
"7.95","75.34","2024-05-27T19:27:49.831Z","ask"
"7.96","125","2024-05-27T19:27:49.831Z","ask"
"7.98","33.34","2024-05-27T19:27:49.831Z","ask"
"7.99","8.31","2024-05-27T19:27:49.831Z","ask"
"7.997","25","2024-05-27T19:27:49.831Z","ask"
"8","1423.66","2024-05-27T19:27:49.831Z","ask"
"8.002","8.18","2024-05-27T19:27:49.831Z","ask"
"8.1","224.54","2024-05-27T19:27:49.831Z","ask"
"8.22","34.51","2024-05-27T19:27:49.831Z","ask"
"8.24","3","2024-05-27T19:27:49.831Z","ask"
"8.279","3.34","2024-05-27T19:27:49.831Z","ask"
"8.33","2","2024-05-27T19:27:49.831Z","ask"
"8.408","71.59","2024-05-27T19:27:49.831Z","ask"
"8.44","120","2024-05-27T19:27:49.831Z","ask"
"8.5","12831.26","2024-05-27T19:27:49.831Z","ask"
"8.51","90","2024-05-27T19:27:49.831Z","ask"
"8.55","1.18","2024-05-27T19:27:49.831Z","ask"
"8.578","3.34","2024-05-27T19:27:49.831Z","ask"
"8.6","8.44","2024-05-27T19:27:49.831Z","ask"
"8.68","10","2024-05-27T19:27:49.831Z","ask"
"8.72","215.86","2024-05-27T19:27:49.831Z","ask"
"8.8","63","2024-05-27T19:27:49.831Z","ask"
"8.86","2.93","2024-05-27T19:27:49.831Z","ask"
"8.877","3.34","2024-05-27T19:27:49.831Z","ask"
"8.88","56.08","2024-05-27T19:27:49.831Z","ask"
"8.885","37.81","2024-05-27T19:27:49.831Z","ask"
"8.889","51","2024-05-27T19:27:49.831Z","ask"
"8.9","85.06","2024-05-27T19:27:49.831Z","ask"
"8.924","76.15","2024-05-27T19:27:49.831Z","ask"
"8.948","70","2024-05-27T19:27:49.831Z","ask"
"8.95","5","2024-05-27T19:27:49.831Z","ask"
"8.967","10","2024-05-27T19:27:49.831Z","ask"
"8.972","7.52","2024-05-27T19:27:49.831Z","ask"
"8.98","30","2024-05-27T19:27:49.831Z","ask"
"9","1581.04","2024-05-27T19:27:49.831Z","ask"
"9.08","40","2024-05-27T19:27:49.831Z","ask"
"9.1","1.19","2024-05-27T19:27:49.831Z","ask"
"9.12","16.63","2024-05-27T19:27:49.831Z","ask"
"9.152","61.38","2024-05-27T19:27:49.831Z","ask"
"9.176","3.34","2024-05-27T19:27:49.831Z","ask"
"9.18","1249.42","2024-05-27T19:27:49.831Z","ask"
"9.22","23.08","2024-05-27T19:27:49.831Z","ask"
"9.229","6.9","2024-05-27T19:27:49.831Z","ask"
"9.24","30","2024-05-27T19:27:49.831Z","ask"
"9.25","121.44","2024-05-27T19:27:49.831Z","ask"
"9.3","2","2024-05-27T19:27:49.831Z","ask"
"9.33","1.08","2024-05-27T19:27:49.831Z","ask"
"9.389","33.17","2024-05-27T19:27:49.831Z","ask"
"9.444","30","2024-05-27T19:27:49.831Z","ask"
"9.47","9435","2024-05-27T19:27:49.831Z","ask"
"9.475","3.34","2024-05-27T19:27:49.831Z","ask"
"9.489","50","2024-05-27T19:27:49.831Z","ask"
"9.49","167.42","2024-05-27T19:27:49.831Z","ask"
"9.5","214","2024-05-27T19:27:49.831Z","ask"
"9.51","253.85","2024-05-27T19:27:49.831Z","ask"
"9.55","122.52","2024-05-27T19:27:49.831Z","ask"
"9.592","3.34","2024-05-27T19:27:49.831Z","ask"
"9.6","2","2024-05-27T19:27:49.831Z","ask"
"9.611","26.65","2024-05-27T19:27:49.831Z","ask"
"9.68","13","2024-05-27T19:27:49.831Z","ask"
"9.7","1.04","2024-05-27T19:27:49.831Z","ask"
"9.748","40","2024-05-27T19:27:49.831Z","ask"
"9.75","6","2024-05-27T19:27:49.831Z","ask"
"9.8","20","2024-05-27T19:27:49.831Z","ask"
"9.86","71.59","2024-05-27T19:27:49.831Z","ask"
"9.87","10","2024-05-27T19:27:49.831Z","ask"
"9.872","2369.19","2024-05-27T19:27:49.831Z","ask"
"9.89","100","2024-05-27T19:27:49.831Z","ask"
"9.894","50","2024-05-27T19:27:49.831Z","ask"
"9.9","30.73","2024-05-27T19:27:49.831Z","ask"
"9.97","1.01","2024-05-27T19:27:49.831Z","ask"
"9.98","72.03","2024-05-27T19:27:49.831Z","ask"
"9.988","0.31","2024-05-27T19:27:49.831Z","ask"
"9.99","65.77","2024-05-27T19:27:49.831Z","ask"
"10","25870.32","2024-05-27T19:27:49.831Z","ask"
"10.1","10.4","2024-05-27T19:27:49.831Z","ask"
"10.25","101.04","2024-05-27T19:27:49.831Z","ask"
"10.34","39.66","2024-05-27T19:27:49.831Z","ask"
"10.4","2.96","2024-05-27T19:27:49.831Z","ask"
"10.48","15.41","2024-05-27T19:27:49.831Z","ask"
"10.5","207.75","2024-05-27T19:27:49.831Z","ask"
"10.567","645.59","2024-05-27T19:27:49.831Z","ask"
"10.68","10","2024-05-27T19:27:49.831Z","ask"
"10.7","3.24","2024-05-27T19:27:49.831Z","ask"
"10.75","5.98","2024-05-27T19:27:49.831Z","ask"
"10.76","7891.65","2024-05-27T19:27:49.831Z","ask"
"10.8","1","2024-05-27T19:27:49.831Z","ask"
"10.94","17.24","2024-05-27T19:27:49.831Z","ask"
"10.98","10.92","2024-05-27T19:27:49.831Z","ask"
"10.99","10","2024-05-27T19:27:49.831Z","ask"
"10.999","94.99","2024-05-27T19:27:49.831Z","ask"
"11","330.65","2024-05-27T19:27:49.831Z","ask"
"11.039","4.11","2024-05-27T19:27:49.831Z","ask"
"11.105","44.65","2024-05-27T19:27:49.831Z","ask"
"11.11","7.79","2024-05-27T19:27:49.831Z","ask"
"11.291","14.02","2024-05-27T19:27:49.831Z","ask"
"11.31","13.5","2024-05-27T19:27:49.831Z","ask"
"11.313","71.59","2024-05-27T19:27:49.831Z","ask"
"11.33","50","2024-05-27T19:27:49.831Z","ask"
"11.35","31.78","2024-05-27T19:27:49.831Z","ask"
"11.43","2","2024-05-27T19:27:49.831Z","ask"
"11.48","10","2024-05-27T19:27:49.831Z","ask"
"11.5","762.64","2024-05-27T19:27:49.831Z","ask"
"11.68","10","2024-05-27T19:27:49.831Z","ask"
"11.69","50","2024-05-27T19:27:49.831Z","ask"
"11.692","28.95","2024-05-27T19:27:49.831Z","ask"
"11.7","200","2024-05-27T19:27:49.831Z","ask"
"1.928","10.71","2024-05-27T19:27:49.830Z","ask"
"1.93","103.62","2024-05-27T19:27:49.830Z","ask"
"1.934","15.82","2024-05-27T19:27:49.830Z","ask"
"1.938","10.66","2024-05-27T19:27:49.830Z","ask"
"1.942","21.52","2024-05-27T19:27:49.830Z","ask"
"1.944","27.04","2024-05-27T19:27:49.830Z","ask"
"1.946","3.57","2024-05-27T19:27:49.830Z","ask"
"1.947","10.61","2024-05-27T19:27:49.830Z","ask"
"1.95","175","2024-05-27T19:27:49.830Z","ask"
"1.953","2.98","2024-05-27T19:27:49.830Z","ask"
"1.954","15.82","2024-05-27T19:27:49.830Z","ask"
"1.957","500","2024-05-27T19:27:49.830Z","ask"
"1.958","10.55","2024-05-27T19:27:49.830Z","ask"
"1.959","1.06","2024-05-27T19:27:49.830Z","ask"
"1.961","1.47","2024-05-27T19:27:49.830Z","ask"
"1.964","15.82","2024-05-27T19:27:49.830Z","ask"
"1.968","10.5","2024-05-27T19:27:49.830Z","ask"
"1.97","99.1","2024-05-27T19:27:49.830Z","ask"
"1.972","21.2","2024-05-27T19:27:49.830Z","ask"
"1.974","15.82","2024-05-27T19:27:49.830Z","ask"
"1.975","103.57","2024-05-27T19:27:49.830Z","ask"
"1.976","25","2024-05-27T19:27:49.830Z","ask"
"1.977","10.45","2024-05-27T19:27:49.830Z","ask"
"1.978","585.34","2024-05-27T19:27:49.830Z","ask"
"1.98","505.48","2024-05-27T19:27:49.830Z","ask"
"1.984","15.82","2024-05-27T19:27:49.830Z","ask"
"1.987","10.4","2024-05-27T19:27:49.830Z","ask"
"1.99","10","2024-05-27T19:27:49.830Z","ask"
"1.993","15.82","2024-05-27T19:27:49.830Z","ask"
"1.997","10.34","2024-05-27T19:27:49.830Z","ask"
"1.999","3.34","2024-05-27T19:27:49.830Z","ask"
"2","5258.52","2024-05-27T19:27:49.830Z","ask"
"2.003","15.82","2024-05-27T19:27:49.830Z","ask"
"2.004","20.86","2024-05-27T19:27:49.830Z","ask"
"2.005","3.57","2024-05-27T19:27:49.830Z","ask"
"2.007","10.29","2024-05-27T19:27:49.830Z","ask"
"2.011","0.3","2024-05-27T19:27:49.830Z","ask"
"2.013","15.82","2024-05-27T19:27:49.830Z","ask"
"2.017","10.24","2024-05-27T19:27:49.830Z","ask"
"2.02","10.03","2024-05-27T19:27:49.830Z","ask"
"2.023","15.82","2024-05-27T19:27:49.830Z","ask"
"2.028","10.19","2024-05-27T19:27:49.830Z","ask"
"2.034","19.39","2024-05-27T19:27:49.830Z","ask"
"2.035","20.54","2024-05-27T19:27:49.830Z","ask"
"2.038","10.14","2024-05-27T19:27:49.830Z","ask"
"2.04","0.3","2024-05-27T19:27:49.830Z","ask"
"2.044","15.82","2024-05-27T19:27:49.830Z","ask"
"2.048","10.09","2024-05-27T19:27:49.830Z","ask"
"2.05","148.51","2024-05-27T19:27:49.830Z","ask"
"2.054","15.82","2024-05-27T19:27:49.830Z","ask"
"2.058","10.04","2024-05-27T19:27:49.830Z","ask"
"2.06","1.41","2024-05-27T19:27:49.830Z","ask"
"2.061","1","2024-05-27T19:27:49.830Z","ask"
"2.062","1","2024-05-27T19:27:49.830Z","ask"
"2.065","20.79","2024-05-27T19:27:49.830Z","ask"
"2.068","9.99","2024-05-27T19:27:49.830Z","ask"
"2.073","28.85","2024-05-27T19:27:49.830Z","ask"
"2.075","15.82","2024-05-27T19:27:49.830Z","ask"
"2.079","9.93","2024-05-27T19:27:49.830Z","ask"
"2.082","0.99","2024-05-27T19:27:49.830Z","ask"
"2.085","15.82","2024-05-27T19:27:49.830Z","ask"
"2.087","0.99","2024-05-27T19:27:49.830Z","ask"
"2.089","9.89","2024-05-27T19:27:49.830Z","ask"
"2.09","8.27","2024-05-27T19:27:49.830Z","ask"
"2.092","0.98","2024-05-27T19:27:49.830Z","ask"
"2.095","15.82","2024-05-27T19:27:49.830Z","ask"
"2.096","3.57","2024-05-27T19:27:49.830Z","ask"
"2.099","9.84","2024-05-27T19:27:49.830Z","ask"
"2.1","1592.82","2024-05-27T19:27:49.830Z","ask"
"2.102","2.01","2024-05-27T19:27:49.830Z","ask"
"2.103","50.01","2024-05-27T19:27:49.830Z","ask"
"2.107","15.82","2024-05-27T19:27:49.830Z","ask"
"2.109","0.98","2024-05-27T19:27:49.830Z","ask"
"2.11","121.8","2024-05-27T19:27:49.830Z","ask"
"2.111","0.32","2024-05-27T19:27:49.830Z","ask"
"2.112","4","2024-05-27T19:27:49.830Z","ask"
"2.117","15.82","2024-05-27T19:27:49.830Z","ask"
"2.121","9.74","2024-05-27T19:27:49.830Z","ask"
"2.127","3.57","2024-05-27T19:27:49.830Z","ask"
"2.128","15.82","2024-05-27T19:27:49.830Z","ask"
"2.132","9.69","2024-05-27T19:27:49.830Z","ask"
"2.138","15.82","2024-05-27T19:27:49.830Z","ask"
"2.14","638.76","2024-05-27T19:27:49.830Z","ask"
"2.142","9.64","2024-05-27T19:27:49.830Z","ask"
"2.149","15.82","2024-05-27T19:27:49.830Z","ask"
"2.15","406.33","2024-05-27T19:27:49.830Z","ask"
"2.151","100.18","2024-05-27T19:27:49.830Z","ask"
"2.153","9.59","2024-05-27T19:27:49.830Z","ask"
"2.155","240.3","2024-05-27T19:27:49.830Z","ask"
"2.159","19.39","2024-05-27T19:27:49.830Z","ask"
"2.164","3401.97","2024-05-27T19:27:49.830Z","ask"
"2.17","15.82","2024-05-27T19:27:49.830Z","ask"
"2.174","9.5","2024-05-27T19:27:49.830Z","ask"
"2.182","15.82","2024-05-27T19:27:49.830Z","ask"
"2.186","9.45","2024-05-27T19:27:49.830Z","ask"
"2.19","15","2024-05-27T19:27:49.830Z","ask"
"2.191","3.57","2024-05-27T19:27:49.830Z","ask"
"2.193","15.82","2024-05-27T19:27:49.830Z","ask"
"2.195","24","2024-05-27T19:27:49.830Z","ask"
"2.197","9.4","2024-05-27T19:27:49.830Z","ask"
"2.2","2084.11","2024-05-27T19:27:49.830Z","ask"
"2.204","15.82","2024-05-27T19:27:49.830Z","ask"
"2.206","29.05","2024-05-27T19:27:49.830Z","ask"
"2.208","9.36","2024-05-27T19:27:49.830Z","ask"
"2.209","32.27","2024-05-27T19:27:49.830Z","ask"
"2.211","87.56","2024-05-27T19:27:49.830Z","ask"
"2.219","9.31","2024-05-27T19:27:49.830Z","ask"
"2.22","2.25","2024-05-27T19:27:49.830Z","ask"
"2.222","6.78","2024-05-27T19:27:49.830Z","ask"
"2.224","3.57","2024-05-27T19:27:49.830Z","ask"
"2.228","22.54","2024-05-27T19:27:49.830Z","ask"
"2.23","357.75","2024-05-27T19:27:49.830Z","ask"
"2.231","9.26","2024-05-27T19:27:49.830Z","ask"
"2.24","7.59","2024-05-27T19:27:49.830Z","ask"
"2.243","9.21","2024-05-27T19:27:49.830Z","ask"
"2.245","4.77","2024-05-27T19:27:49.830Z","ask"
"2.25","830.04","2024-05-27T19:27:49.830Z","ask"
"2.255","37.58","2024-05-27T19:27:49.830Z","ask"
"2.257","3.57","2024-05-27T19:27:49.830Z","ask"
"2.264","99.7","2024-05-27T19:27:49.830Z","ask"
"2.268","9.11","2024-05-27T19:27:49.830Z","ask"
"2.27","1269.99","2024-05-27T19:27:49.830Z","ask"
"2.279","0.01","2024-05-27T19:27:49.830Z","ask"
"2.28","110.98","2024-05-27T19:27:49.830Z","ask"
"2.281","0.01","2024-05-27T19:27:49.830Z","ask"
"2.285","0.01","2024-05-27T19:27:49.830Z","ask"
"2.287","0.01","2024-05-27T19:27:49.830Z","ask"
"2.289","0.01","2024-05-27T19:27:49.830Z","ask"
"2.29","8.32","2024-05-27T19:27:49.830Z","ask"
"2.291","3.58","2024-05-27T19:27:49.830Z","ask"
"2.292","9.01","2024-05-27T19:27:49.830Z","ask"
"2.293","0.01","2024-05-27T19:27:49.830Z","ask"
"2.295","0.01","2024-05-27T19:27:49.830Z","ask"
"2.297","0.01","2024-05-27T19:27:49.830Z","ask"
"2.299","3.35","2024-05-27T19:27:49.830Z","ask"
"2.3","3756.36","2024-05-27T19:27:49.830Z","ask"
"2.301","0.02","2024-05-27T19:27:49.830Z","ask"
"2.303","0.01","2024-05-27T19:27:49.830Z","ask"
"2.304","8.97","2024-05-27T19:27:49.830Z","ask"
"2.305","0.01","2024-05-27T19:27:49.830Z","ask"
"2.306","27.8","2024-05-27T19:27:49.830Z","ask"
"2.307","0.02","2024-05-27T19:27:49.830Z","ask"
"2.309","0.11","2024-05-27T19:27:49.830Z","ask"
"2.311","0.02","2024-05-27T19:27:49.830Z","ask"
"2.316","542.48","2024-05-27T19:27:49.830Z","ask"
"2.325","3.57","2024-05-27T19:27:49.830Z","ask"
"2.328","8.87","2024-05-27T19:27:49.830Z","ask"
"2.33","100","2024-05-27T19:27:49.830Z","ask"
"2.331","27.49","2024-05-27T19:27:49.830Z","ask"
"2.333","200","2024-05-27T19:27:49.830Z","ask"
"2.339","1883.08","2024-05-27T19:27:49.830Z","ask"
"2.346","156","2024-05-27T19:27:49.830Z","ask"
"2.35","805.05","2024-05-27T19:27:49.830Z","ask"
"2.357","27.2","2024-05-27T19:27:49.830Z","ask"
"2.36","353.57","2024-05-27T19:27:49.830Z","ask"
"2.37","210.76","2024-05-27T19:27:49.830Z","ask"
"2.376","5.38","2024-05-27T19:27:49.830Z","ask"
"2.377","10","2024-05-27T19:27:49.830Z","ask"
"2.38","4015.16","2024-05-27T19:27:49.830Z","ask"
"2.382","10855.82","2024-05-27T19:27:49.830Z","ask"
"2.383","26.89","2024-05-27T19:27:49.830Z","ask"
"2.387","152.83","2024-05-27T19:27:49.830Z","ask"
"2.39","9939.8","2024-05-27T19:27:49.830Z","ask"
"2.4","961.55","2024-05-27T19:27:49.830Z","ask"
"2.404","3.29","2024-05-27T19:27:49.830Z","ask"
"2.41","90.39","2024-05-27T19:27:49.830Z","ask"
"2.415","20","2024-05-27T19:27:49.830Z","ask"
"2.42","2616.64","2024-05-27T19:27:49.830Z","ask"
"2.425","79.47","2024-05-27T19:27:49.830Z","ask"
"2.43","17","2024-05-27T19:27:49.830Z","ask"
"2.436","26.31","2024-05-27T19:27:49.830Z","ask"
"2.44","22.15","2024-05-27T19:27:49.830Z","ask"
"2.444","50","2024-05-27T19:27:49.830Z","ask"
"2.45","478.97","2024-05-27T19:27:49.830Z","ask"
"2.46","25","2024-05-27T19:27:49.830Z","ask"
"2.463","26.02","2024-05-27T19:27:49.830Z","ask"
"2.479","3.24","2024-05-27T19:27:49.830Z","ask"
"2.48","50","2024-05-27T19:27:49.830Z","ask"
"2.486","12","2024-05-27T19:27:49.830Z","ask"
"2.489","71.06","2024-05-27T19:27:49.830Z","ask"
"2.49","1906.68","2024-05-27T19:27:49.830Z","ask"
"2.5","6139.79","2024-05-27T19:27:49.830Z","ask"
"2.51","339.1","2024-05-27T19:27:49.830Z","ask"
"2.518","25.46","2024-05-27T19:27:49.830Z","ask"
"2.544","100","2024-05-27T19:27:49.830Z","ask"
"2.545","25.18","2024-05-27T19:27:49.830Z","ask"
"2.547","89.9","2024-05-27T19:27:49.830Z","ask"
"2.55","588.74","2024-05-27T19:27:49.830Z","ask"
"2.555","20","2024-05-27T19:27:49.830Z","ask"
"2.564","58.5","2024-05-27T19:27:49.830Z","ask"
"2.574","24.9","2024-05-27T19:27:49.830Z","ask"
"2.58","569.07","2024-05-27T19:27:49.830Z","ask"
"2.59","28.95","2024-05-27T19:27:49.830Z","ask"
"2.595","197.08","2024-05-27T19:27:49.830Z","ask"
"2.598","119.16","2024-05-27T19:27:49.830Z","ask"
"2.6","6658.45","2024-05-27T19:27:49.830Z","ask"
"2.602","24.63","2024-05-27T19:27:49.830Z","ask"
"2.61","3005.61","2024-05-27T19:27:49.830Z","ask"
"2.613","512.88","2024-05-27T19:27:49.830Z","ask"
"2.616","6.74","2024-05-27T19:27:49.830Z","ask"
"2.62","213.84","2024-05-27T19:27:49.830Z","ask"
"2.631","24.36","2024-05-27T19:27:49.830Z","ask"
"2.632","200","2024-05-27T19:27:49.830Z","ask"
"2.64","100","2024-05-27T19:27:49.830Z","ask"
"2.644","12","2024-05-27T19:27:49.830Z","ask"
"2.65","2442.93","2024-05-27T19:27:49.830Z","ask"
"2.66","304.12","2024-05-27T19:27:49.830Z","ask"
"2.666","214.64","2024-05-27T19:27:49.830Z","ask"
"2.67","37.45","2024-05-27T19:27:49.830Z","ask"
"2.679","300","2024-05-27T19:27:49.830Z","ask"
"2.68","50.79","2024-05-27T19:27:49.830Z","ask"
"2.69","5040.55","2024-05-27T19:27:49.830Z","ask"
"2.698","11.24","2024-05-27T19:27:49.830Z","ask"
"2.699","1.31","2024-05-27T19:27:49.830Z","ask"
"2.7","1763.36","2024-05-27T19:27:49.830Z","ask"
"2.71","1738.05","2024-05-27T19:27:49.830Z","ask"
"2.719","23.57","2024-05-27T19:27:49.830Z","ask"
"2.74","91.32","2024-05-27T19:27:49.830Z","ask"
"2.744","100","2024-05-27T19:27:49.830Z","ask"
"2.748","40","2024-05-27T19:27:49.830Z","ask"
"2.75","8767.41","2024-05-27T19:27:49.830Z","ask"
"2.753","4407.62","2024-05-27T19:27:49.830Z","ask"
"2.777","25","2024-05-27T19:27:49.830Z","ask"
"2.78","5.5","2024-05-27T19:27:49.830Z","ask"
"2.79","855.23","2024-05-27T19:27:49.830Z","ask"
"2.792","19.52","2024-05-27T19:27:49.830Z","ask"
"2.8","14187.49","2024-05-27T19:27:49.830Z","ask"
"2.802","118.54","2024-05-27T19:27:49.830Z","ask"
"2.809","26.05","2024-05-27T19:27:49.830Z","ask"
"2.82","2090.31","2024-05-27T19:27:49.830Z","ask"
"2.821","140.25","2024-05-27T19:27:49.830Z","ask"
"2.83","3.57","2024-05-27T19:27:49.830Z","ask"
"2.843","31.5","2024-05-27T19:27:49.830Z","ask"
"2.85","22.12","2024-05-27T19:27:49.830Z","ask"
"2.859","4.23","2024-05-27T19:27:49.830Z","ask"
"2.86","12.72","2024-05-27T19:27:49.830Z","ask"
"2.87","426.84","2024-05-27T19:27:49.830Z","ask"
"2.88","82.85","2024-05-27T19:27:49.830Z","ask"
"2.889","50","2024-05-27T19:27:49.830Z","ask"
"2.89","52.21","2024-05-27T19:27:49.830Z","ask"
"2.897","3.34","2024-05-27T19:27:49.830Z","ask"
"2.9","2848.2","2024-05-27T19:27:49.830Z","ask"
"2.901","134.5","2024-05-27T19:27:49.830Z","ask"
"2.94","2275.99","2024-05-27T19:27:49.830Z","ask"
"2.944","100","2024-05-27T19:27:49.830Z","ask"
"2.948","73.82","2024-05-27T19:27:49.830Z","ask"
"2.95","2303.3","2024-05-27T19:27:49.830Z","ask"
"2.96","400","2024-05-27T19:27:49.830Z","ask"
"2.963","1.8","2024-05-27T19:27:49.830Z","ask"
"2.97","75.1","2024-05-27T19:27:49.830Z","ask"
"2.98","754.16","2024-05-27T19:27:49.830Z","ask"
"2.99","464.32","2024-05-27T19:27:49.830Z","ask"
"2.998","0.34","2024-05-27T19:27:49.830Z","ask"
"2.999","0.51","2024-05-27T19:27:49.830Z","ask"
"3","4696.46","2024-05-27T19:27:49.830Z","ask"
"3.01","83.93","2024-05-27T19:27:49.830Z","ask"
"3.024","5.62","2024-05-27T19:27:49.830Z","ask"
"3.05","132.78","2024-05-27T19:27:49.830Z","ask"
"3.064","48.86","2024-05-27T19:27:49.830Z","ask"
"3.067","8.52","2024-05-27T19:27:49.830Z","ask"
"3.1","113.54","2024-05-27T19:27:49.830Z","ask"
"3.104","24.93","2024-05-27T19:27:49.830Z","ask"
"3.11","442.83","2024-05-27T19:27:49.830Z","ask"
"3.119","3.23","2024-05-27T19:27:49.830Z","ask"
"3.144","100","2024-05-27T19:27:49.830Z","ask"
"3.15","5315.99","2024-05-27T19:27:49.830Z","ask"
"3.156","15.94","2024-05-27T19:27:49.830Z","ask"
"3.18","324.46","2024-05-27T19:27:49.830Z","ask"
"3.196","3.34","2024-05-27T19:27:49.830Z","ask"
"3.2","720.44","2024-05-27T19:27:49.830Z","ask"
"3.23","125","2024-05-27T19:27:49.830Z","ask"
"3.24","3895.79","2024-05-27T19:27:49.830Z","ask"
"3.25","529.92","2024-05-27T19:27:49.830Z","ask"
"3.26","100","2024-05-27T19:27:49.830Z","ask"
"3.28","10","2024-05-27T19:27:49.830Z","ask"
"3.296","3","2024-05-27T19:27:49.830Z","ask"
"3.3","731.86","2024-05-27T19:27:49.830Z","ask"
"3.318","32.4","2024-05-27T19:27:49.830Z","ask"
"3.323","110","2024-05-27T19:27:49.830Z","ask"
"3.325","180.45","2024-05-27T19:27:49.830Z","ask"
"3.34","416","2024-05-27T19:27:49.830Z","ask"
"3.349","3.01","2024-05-27T19:27:49.830Z","ask"
"3.35","0.3","2024-05-27T19:27:49.830Z","ask"
"3.353","11.49","2024-05-27T19:27:49.830Z","ask"
"3.37","60.76","2024-05-27T19:27:49.830Z","ask"
"3.375","4.06","2024-05-27T19:27:49.830Z","ask"
"3.38","2.9","2024-05-27T19:27:49.830Z","ask"
"3.39","39.55","2024-05-27T19:27:49.830Z","ask"
"3.4","213.19","2024-05-27T19:27:49.830Z","ask"
"3.418","1452.74","2024-05-27T19:27:49.830Z","ask"
"3.44","2.92","2024-05-27T19:27:49.830Z","ask"
"3.444","100","2024-05-27T19:27:49.830Z","ask"
"3.446","322.27","2024-05-27T19:27:49.830Z","ask"
"3.449","1.73","2024-05-27T19:27:49.830Z","ask"
"3.47","441.18","2024-05-27T19:27:49.830Z","ask"
"3.484","15","2024-05-27T19:27:49.830Z","ask"
"3.489","49","2024-05-27T19:27:49.830Z","ask"
"3.49","289.53","2024-05-27T19:27:49.830Z","ask"
"3.493","14.4","2024-05-27T19:27:49.830Z","ask"
"3.495","3.34","2024-05-27T19:27:49.830Z","ask"
"3.5","2743.6","2024-05-27T19:27:49.830Z","ask"
"3.54","50","2024-05-27T19:27:49.830Z","ask"
"3.55","20.92","2024-05-27T19:27:49.830Z","ask"
"3.58","316","2024-05-27T19:27:49.830Z","ask"
"3.588","48.86","2024-05-27T19:27:49.830Z","ask"
"3.59","3","2024-05-27T19:27:49.830Z","ask"
"3.599","40.17","2024-05-27T19:27:49.830Z","ask"
"3.6","1437.21","2024-05-27T19:27:49.830Z","ask"
"3.612","9","2024-05-27T19:27:49.830Z","ask"
"3.634","1547.84","2024-05-27T19:27:49.830Z","ask"
"3.64","28.19","2024-05-27T19:27:49.830Z","ask"
"3.645","27.23","2024-05-27T19:27:49.830Z","ask"
"3.649","13.95","2024-05-27T19:27:49.830Z","ask"
"3.65","88.23","2024-05-27T19:27:49.830Z","ask"
"3.652","164.29","2024-05-27T19:27:49.830Z","ask"
"3.66","100","2024-05-27T19:27:49.830Z","ask"
"3.678","70.3","2024-05-27T19:27:49.830Z","ask"
"3.69","35","2024-05-27T19:27:49.830Z","ask"
"3.7","485.34","2024-05-27T19:27:49.830Z","ask"
"3.72","2.7","2024-05-27T19:27:49.830Z","ask"
"3.744","100","2024-05-27T19:27:49.830Z","ask"
"3.75","548.33","2024-05-27T19:27:49.830Z","ask"
"3.77","177.52","2024-05-27T19:27:49.830Z","ask"
"3.78","921.87","2024-05-27T19:27:49.830Z","ask"
"3.794","3.34","2024-05-27T19:27:49.830Z","ask"
"3.798","7.92","2024-05-27T19:27:49.830Z","ask"
"3.8","178","2024-05-27T19:27:49.830Z","ask"
"3.82","50","2024-05-27T19:27:49.830Z","ask"
"3.839","2.89","2024-05-27T19:27:49.830Z","ask"
"3.85","1567.14","2024-05-27T19:27:49.830Z","ask"
"1.397","26.62","2024-05-27T19:27:49.829Z","ask"
"1.398","1.09","2024-05-27T19:27:49.829Z","ask"
"1.4","535.27","2024-05-27T19:27:49.829Z","ask"
"1.401","20.92","2024-05-27T19:27:49.829Z","ask"
"1.404","5.07","2024-05-27T19:27:49.829Z","ask"
"1.405","104.81","2024-05-27T19:27:49.829Z","ask"
"1.406","35.04","2024-05-27T19:27:49.829Z","ask"
"1.407","55.84","2024-05-27T19:27:49.829Z","ask"
"1.408","1000","2024-05-27T19:27:49.829Z","ask"
"1.409","61.86","2024-05-27T19:27:49.829Z","ask"
"1.41","103.49","2024-05-27T19:27:49.829Z","ask"
"1.411","4.51","2024-05-27T19:27:49.829Z","ask"
"1.412","26.26","2024-05-27T19:27:49.829Z","ask"
"1.413","48.99","2024-05-27T19:27:49.829Z","ask"
"1.415","14.22","2024-05-27T19:27:49.829Z","ask"
"1.416","20.7","2024-05-27T19:27:49.829Z","ask"
"1.419","15.82","2024-05-27T19:27:49.829Z","ask"
"1.42","14.55","2024-05-27T19:27:49.829Z","ask"
"1.423","20.59","2024-05-27T19:27:49.829Z","ask"
"1.424","1.5","2024-05-27T19:27:49.829Z","ask"
"1.426","19.39","2024-05-27T19:27:49.829Z","ask"
"1.427","14.48","2024-05-27T19:27:49.829Z","ask"
"1.43","61.28","2024-05-27T19:27:49.829Z","ask"
"1.433","31.33","2024-05-27T19:27:49.829Z","ask"
"1.434","14.7","2024-05-27T19:27:49.829Z","ask"
"1.435","14.4","2024-05-27T19:27:49.829Z","ask"
"1.436","44.61","2024-05-27T19:27:49.829Z","ask"
"1.437","2.18","2024-05-27T19:27:49.829Z","ask"
"1.438","18.2","2024-05-27T19:27:49.829Z","ask"
"1.439","27.59","2024-05-27T19:27:49.829Z","ask"
"1.44","1420.1","2024-05-27T19:27:49.829Z","ask"
"1.441","11.6","2024-05-27T19:27:49.829Z","ask"
"1.442","14.33","2024-05-27T19:27:49.829Z","ask"
"1.444","3.67","2024-05-27T19:27:49.829Z","ask"
"1.445","18.11","2024-05-27T19:27:49.829Z","ask"
"1.447","19.39","2024-05-27T19:27:49.829Z","ask"
"1.448","39.96","2024-05-27T19:27:49.829Z","ask"
"1.449","139.66","2024-05-27T19:27:49.829Z","ask"
"1.45","11941.94","2024-05-27T19:27:49.829Z","ask"
"1.451","2.16","2024-05-27T19:27:49.829Z","ask"
"1.452","62.17","2024-05-27T19:27:49.829Z","ask"
"1.454","15.82","2024-05-27T19:27:49.829Z","ask"
"1.455","91.68","2024-05-27T19:27:49.829Z","ask"
"1.456","14.19","2024-05-27T19:27:49.829Z","ask"
"1.457","11.6","2024-05-27T19:27:49.829Z","ask"
"1.458","2.15","2024-05-27T19:27:49.829Z","ask"
"1.46","1134","2024-05-27T19:27:49.829Z","ask"
"1.461","17.92","2024-05-27T19:27:49.829Z","ask"
"1.462","15.82","2024-05-27T19:27:49.829Z","ask"
"1.463","14.12","2024-05-27T19:27:49.829Z","ask"
"1.464","114.75","2024-05-27T19:27:49.829Z","ask"
"1.466","2.14","2024-05-27T19:27:49.829Z","ask"
"1.468","61.48","2024-05-27T19:27:49.829Z","ask"
"1.469","19.39","2024-05-27T19:27:49.829Z","ask"
"1.47","14.05","2024-05-27T19:27:49.829Z","ask"
"1.471","1430.11","2024-05-27T19:27:49.829Z","ask"
"1.473","2.13","2024-05-27T19:27:49.829Z","ask"
"1.475","34.02","2024-05-27T19:27:49.829Z","ask"
"1.476","33.56","2024-05-27T19:27:49.829Z","ask"
"1.477","9.98","2024-05-27T19:27:49.829Z","ask"
"1.478","13.97","2024-05-27T19:27:49.829Z","ask"
"1.48","211.36","2024-05-27T19:27:49.829Z","ask"
"1.481","2.12","2024-05-27T19:27:49.829Z","ask"
"1.483","17.65","2024-05-27T19:27:49.829Z","ask"
"1.484","59","2024-05-27T19:27:49.829Z","ask"
"1.486","13.91","2024-05-27T19:27:49.829Z","ask"
"1.488","2.11","2024-05-27T19:27:49.829Z","ask"
"1.49","10.32","2024-05-27T19:27:49.829Z","ask"
"1.491","51.49","2024-05-27T19:27:49.829Z","ask"
"1.492","15.82","2024-05-27T19:27:49.829Z","ask"
"1.493","13.84","2024-05-27T19:27:49.829Z","ask"
"1.498","27.31","2024-05-27T19:27:49.829Z","ask"
"1.499","39.49","2024-05-27T19:27:49.829Z","ask"
"1.5","2656.38","2024-05-27T19:27:49.829Z","ask"
"1.501","71.17","2024-05-27T19:27:49.829Z","ask"
"1.507","15.82","2024-05-27T19:27:49.829Z","ask"
"1.508","13.7","2024-05-27T19:27:49.829Z","ask"
"1.51","1534.61","2024-05-27T19:27:49.829Z","ask"
"1.513","3.57","2024-05-27T19:27:49.829Z","ask"
"1.514","15.82","2024-05-27T19:27:49.829Z","ask"
"1.516","13.63","2024-05-27T19:27:49.829Z","ask"
"1.517","42.25","2024-05-27T19:27:49.829Z","ask"
"1.52","1.66","2024-05-27T19:27:49.829Z","ask"
"1.521","15.82","2024-05-27T19:27:49.829Z","ask"
"1.523","13.56","2024-05-27T19:27:49.829Z","ask"
"1.527","637.01","2024-05-27T19:27:49.829Z","ask"
"1.529","15.82","2024-05-27T19:27:49.829Z","ask"
"1.53","1307.18","2024-05-27T19:27:49.829Z","ask"
"1.531","13.49","2024-05-27T19:27:49.829Z","ask"
"1.534","41.77","2024-05-27T19:27:49.829Z","ask"
"1.535","3.57","2024-05-27T19:27:49.829Z","ask"
"1.537","15.82","2024-05-27T19:27:49.829Z","ask"
"1.539","13.42","2024-05-27T19:27:49.829Z","ask"
"1.544","15.82","2024-05-27T19:27:49.829Z","ask"
"1.546","13.36","2024-05-27T19:27:49.829Z","ask"
"1.55","7.38","2024-05-27T19:27:49.829Z","ask"
"1.551","41.33","2024-05-27T19:27:49.829Z","ask"
"1.552","15.82","2024-05-27T19:27:49.829Z","ask"
"1.554","13.29","2024-05-27T19:27:49.829Z","ask"
"1.558","3.57","2024-05-27T19:27:49.829Z","ask"
"1.56","607.75","2024-05-27T19:27:49.829Z","ask"
"1.561","15.82","2024-05-27T19:27:49.829Z","ask"
"1.563","13.22","2024-05-27T19:27:49.829Z","ask"
"1.565","747.18","2024-05-27T19:27:49.829Z","ask"
"1.567","6.78","2024-05-27T19:27:49.829Z","ask"
"1.568","56.69","2024-05-27T19:27:49.829Z","ask"
"1.57","13.16","2024-05-27T19:27:49.829Z","ask"
"1.576","15.82","2024-05-27T19:27:49.829Z","ask"
"1.578","13.09","2024-05-27T19:27:49.829Z","ask"
"1.58","804.03","2024-05-27T19:27:49.829Z","ask"
"1.581","3.57","2024-05-27T19:27:49.829Z","ask"
"1.584","15.82","2024-05-27T19:27:49.829Z","ask"
"1.585","40.43","2024-05-27T19:27:49.829Z","ask"
"1.586","13.03","2024-05-27T19:27:49.829Z","ask"
"1.59","34.74","2024-05-27T19:27:49.829Z","ask"
"1.592","15.82","2024-05-27T19:27:49.829Z","ask"
"1.594","12.96","2024-05-27T19:27:49.829Z","ask"
"1.6","142.26","2024-05-27T19:27:49.829Z","ask"
"1.602","12.89","2024-05-27T19:27:49.829Z","ask"
"1.604","39.97","2024-05-27T19:27:49.829Z","ask"
"1.605","3.57","2024-05-27T19:27:49.829Z","ask"
"1.607","15.82","2024-05-27T19:27:49.829Z","ask"
"1.609","34.31","2024-05-27T19:27:49.829Z","ask"
"1.61","26.21","2024-05-27T19:27:49.829Z","ask"
"1.615","15.82","2024-05-27T19:27:49.829Z","ask"
"1.618","23.95","2024-05-27T19:27:49.829Z","ask"
"1.621","39.54","2024-05-27T19:27:49.829Z","ask"
"1.623","15.82","2024-05-27T19:27:49.829Z","ask"
"1.626","12.7","2024-05-27T19:27:49.829Z","ask"
"1.629","3.57","2024-05-27T19:27:49.829Z","ask"
"1.631","15.82","2024-05-27T19:27:49.829Z","ask"
"1.634","12.64","2024-05-27T19:27:49.829Z","ask"
"1.639","39.1","2024-05-27T19:27:49.829Z","ask"
"1.64","30.61","2024-05-27T19:27:49.829Z","ask"
"1.641","897.55","2024-05-27T19:27:49.829Z","ask"
"1.643","12.58","2024-05-27T19:27:49.829Z","ask"
"1.647","1.71","2024-05-27T19:27:49.829Z","ask"
"1.649","15.82","2024-05-27T19:27:49.829Z","ask"
"1.65","841.29","2024-05-27T19:27:49.829Z","ask"
"1.651","12.51","2024-05-27T19:27:49.829Z","ask"
"1.653","3.57","2024-05-27T19:27:49.829Z","ask"
"1.657","54.51","2024-05-27T19:27:49.829Z","ask"
"1.659","12.45","2024-05-27T19:27:49.829Z","ask"
"1.66","2","2024-05-27T19:27:49.829Z","ask"
"1.661","91.35","2024-05-27T19:27:49.829Z","ask"
"1.665","15.82","2024-05-27T19:27:49.829Z","ask"
"1.667","12.39","2024-05-27T19:27:49.829Z","ask"
"1.67","120.42","2024-05-27T19:27:49.829Z","ask"
"1.673","15.82","2024-05-27T19:27:49.829Z","ask"
"1.675","38.26","2024-05-27T19:27:49.829Z","ask"
"1.676","1397.1","2024-05-27T19:27:49.829Z","ask"
"1.678","3.57","2024-05-27T19:27:49.829Z","ask"
"1.679","0.37","2024-05-27T19:27:49.829Z","ask"
"1.68","2171.76","2024-05-27T19:27:49.829Z","ask"
"1.682","15.82","2024-05-27T19:27:49.829Z","ask"
"1.684","12.27","2024-05-27T19:27:49.829Z","ask"
"1.689","5","2024-05-27T19:27:49.829Z","ask"
"1.69","266.45","2024-05-27T19:27:49.829Z","ask"
"1.692","12.21","2024-05-27T19:27:49.829Z","ask"
"1.694","37.83","2024-05-27T19:27:49.829Z","ask"
"1.698","15.82","2024-05-27T19:27:49.829Z","ask"
"1.7","6293.83","2024-05-27T19:27:49.829Z","ask"
"1.701","12.14","2024-05-27T19:27:49.829Z","ask"
"1.703","3.57","2024-05-27T19:27:49.829Z","ask"
"1.707","15.82","2024-05-27T19:27:49.829Z","ask"
"1.709","12.08","2024-05-27T19:27:49.829Z","ask"
"1.713","37.42","2024-05-27T19:27:49.829Z","ask"
"1.716","15.82","2024-05-27T19:27:49.829Z","ask"
"1.719","12.02","2024-05-27T19:27:49.829Z","ask"
"1.72","571.08","2024-05-27T19:27:49.829Z","ask"
"1.725","15.82","2024-05-27T19:27:49.829Z","ask"
"1.727","11.96","2024-05-27T19:27:49.829Z","ask"
"1.728","3.57","2024-05-27T19:27:49.829Z","ask"
"1.729","3.73","2024-05-27T19:27:49.829Z","ask"
"1.732","37","2024-05-27T19:27:49.829Z","ask"
"1.733","15.82","2024-05-27T19:27:49.829Z","ask"
"1.736","845.34","2024-05-27T19:27:49.829Z","ask"
"1.74","18","2024-05-27T19:27:49.829Z","ask"
"1.742","15.82","2024-05-27T19:27:49.829Z","ask"
"1.744","11.85","2024-05-27T19:27:49.829Z","ask"
"1.75","217.14","2024-05-27T19:27:49.829Z","ask"
"1.753","11.78","2024-05-27T19:27:49.829Z","ask"
"1.754","3.57","2024-05-27T19:27:49.829Z","ask"
"1.758","3.67","2024-05-27T19:27:49.829Z","ask"
"1.759","15.82","2024-05-27T19:27:49.829Z","ask"
"1.762","11.72","2024-05-27T19:27:49.829Z","ask"
"1.768","15.82","2024-05-27T19:27:49.829Z","ask"
"1.769","8.68","2024-05-27T19:27:49.829Z","ask"
"1.77","36.21","2024-05-27T19:27:49.829Z","ask"
"1.771","11.66","2024-05-27T19:27:49.829Z","ask"
"1.776","15.82","2024-05-27T19:27:49.829Z","ask"
"1.779","11.61","2024-05-27T19:27:49.829Z","ask"
"1.781","3.57","2024-05-27T19:27:49.829Z","ask"
"1.785","15.82","2024-05-27T19:27:49.829Z","ask"
"1.788","11.55","2024-05-27T19:27:49.829Z","ask"
"1.79","365.86","2024-05-27T19:27:49.829Z","ask"
"1.793","162.56","2024-05-27T19:27:49.829Z","ask"
"1.795","54.81","2024-05-27T19:27:49.829Z","ask"
"1.798","11.49","2024-05-27T19:27:49.829Z","ask"
"1.8","233.11","2024-05-27T19:27:49.829Z","ask"
"1.804","15.82","2024-05-27T19:27:49.829Z","ask"
"1.806","1406.77","2024-05-27T19:27:49.829Z","ask"
"1.807","15","2024-05-27T19:27:49.829Z","ask"
"1.809","35.42","2024-05-27T19:27:49.829Z","ask"
"1.813","15.82","2024-05-27T19:27:49.829Z","ask"
"1.816","11.38","2024-05-27T19:27:49.829Z","ask"
"1.82","40.88","2024-05-27T19:27:49.829Z","ask"
"1.822","15.82","2024-05-27T19:27:49.829Z","ask"
"1.825","11.32","2024-05-27T19:27:49.829Z","ask"
"1.83","35.03","2024-05-27T19:27:49.829Z","ask"
"1.831","15.82","2024-05-27T19:27:49.829Z","ask"
"1.833","1.13","2024-05-27T19:27:49.829Z","ask"
"1.834","14.83","2024-05-27T19:27:49.829Z","ask"
"1.84","15.82","2024-05-27T19:27:49.829Z","ask"
"1.842","441.82","2024-05-27T19:27:49.829Z","ask"
"1.843","11.21","2024-05-27T19:27:49.829Z","ask"
"1.849","15.82","2024-05-27T19:27:49.829Z","ask"
"1.85","2968.69","2024-05-27T19:27:49.829Z","ask"
"1.851","441.81","2024-05-27T19:27:49.829Z","ask"
"1.852","11.15","2024-05-27T19:27:49.829Z","ask"
"1.856","107.75","2024-05-27T19:27:49.829Z","ask"
"1.858","15.82","2024-05-27T19:27:49.829Z","ask"
"1.86","441.81","2024-05-27T19:27:49.829Z","ask"
"1.861","14.67","2024-05-27T19:27:49.829Z","ask"
"1.867","15.82","2024-05-27T19:27:49.829Z","ask"
"1.869","441.81","2024-05-27T19:27:49.829Z","ask"
"1.872","31.11","2024-05-27T19:27:49.829Z","ask"
"1.874","253.09","2024-05-27T19:27:49.829Z","ask"
"1.878","457.63","2024-05-27T19:27:49.829Z","ask"
"1.88","536.63","2024-05-27T19:27:49.829Z","ask"
"1.881","10.98","2024-05-27T19:27:49.829Z","ask"
"1.887","15.82","2024-05-27T19:27:49.829Z","ask"
"1.889","3.57","2024-05-27T19:27:49.829Z","ask"
"1.89","90.29","2024-05-27T19:27:49.829Z","ask"
"1.896","15.82","2024-05-27T19:27:49.829Z","ask"
"1.9","359.65","2024-05-27T19:27:49.829Z","ask"
"1.904","295.93","2024-05-27T19:27:49.829Z","ask"
"1.906","15.82","2024-05-27T19:27:49.829Z","ask"
"1.909","10.82","2024-05-27T19:27:49.829Z","ask"
"1.911","21.87","2024-05-27T19:27:49.829Z","ask"
"1.915","15.82","2024-05-27T19:27:49.829Z","ask"
"1.918","3.57","2024-05-27T19:27:49.829Z","ask"
"1.919","10.76","2024-05-27T19:27:49.829Z","ask"
"1.92","1884.58","2024-05-27T19:27:49.829Z","ask"
"1.925","123.41","2024-05-27T19:27:49.829Z","ask"
"1.926","7.81","2024-05-27T19:27:49.829Z","ask"
"1.335","1600.55","2024-05-27T19:27:49.828Z","ask"
"1.336","7643.46","2024-05-27T19:27:49.828Z","ask"
"1.337","20222.52","2024-05-27T19:27:49.828Z","ask"
"1.338","12799.23","2024-05-27T19:27:49.828Z","ask"
"1.339","3233.33","2024-05-27T19:27:49.828Z","ask"
"1.34","7659.41","2024-05-27T19:27:49.828Z","ask"
"1.341","3732.81","2024-05-27T19:27:49.828Z","ask"
"1.342","11373.08","2024-05-27T19:27:49.828Z","ask"
"1.345","0.89","2024-05-27T19:27:49.828Z","ask"
"1.346","3172.25","2024-05-27T19:27:49.828Z","ask"
"1.347","0.89","2024-05-27T19:27:49.828Z","ask"
"1.348","3111.66","2024-05-27T19:27:49.828Z","ask"
"1.349","15.15","2024-05-27T19:27:49.828Z","ask"
"1.35","4849.51","2024-05-27T19:27:49.828Z","ask"
"1.351","1581.71","2024-05-27T19:27:49.828Z","ask"
"1.352","348.14","2024-05-27T19:27:49.828Z","ask"
"1.353","67.92","2024-05-27T19:27:49.828Z","ask"
"1.354","0.88","2024-05-27T19:27:49.828Z","ask"
"1.355","45.97","2024-05-27T19:27:49.828Z","ask"
"1.356","1675.02","2024-05-27T19:27:49.828Z","ask"
"1.357","15.55","2024-05-27T19:27:49.828Z","ask"
"1.358","2431.28","2024-05-27T19:27:49.828Z","ask"
"1.36","6.05","2024-05-27T19:27:49.828Z","ask"
"1.361","525.49","2024-05-27T19:27:49.828Z","ask"
"1.362","0.88","2024-05-27T19:27:49.828Z","ask"
"1.363","27.01","2024-05-27T19:27:49.828Z","ask"
"1.364","2.38","2024-05-27T19:27:49.828Z","ask"
"1.365","61.32","2024-05-27T19:27:49.828Z","ask"
"1.367","367.99","2024-05-27T19:27:49.828Z","ask"
"1.368","753.7","2024-05-27T19:27:49.828Z","ask"
"1.369","75.43","2024-05-27T19:27:49.828Z","ask"
"1.37","58.8","2024-05-27T19:27:49.828Z","ask"
"1.371","10.75","2024-05-27T19:27:49.828Z","ask"
"1.372","19.94","2024-05-27T19:27:49.828Z","ask"
"1.373","11.82","2024-05-27T19:27:49.828Z","ask"
"1.375","77.87","2024-05-27T19:27:49.828Z","ask"
"1.376","23.12","2024-05-27T19:27:49.828Z","ask"
"1.378","0.89","2024-05-27T19:27:49.828Z","ask"
"1.379","18.97","2024-05-27T19:27:49.828Z","ask"
"1.38","3.14","2024-05-27T19:27:49.828Z","ask"
"1.381","747.22","2024-05-27T19:27:49.828Z","ask"
"1.382","7.54","2024-05-27T19:27:49.828Z","ask"
"1.383","17.28","2024-05-27T19:27:49.828Z","ask"
"1.384","52.02","2024-05-27T19:27:49.828Z","ask"
"1.385","11.6","2024-05-27T19:27:49.828Z","ask"
"1.386","50","2024-05-27T19:27:49.828Z","ask"
"1.387","21.89","2024-05-27T19:27:49.828Z","ask"
"1.388","0.09","2024-05-27T19:27:49.828Z","ask"
"1.39","30.82","2024-05-27T19:27:49.828Z","ask"
"1.392","18.2","2024-05-27T19:27:49.828Z","ask"
"1.394","21.03","2024-05-27T19:27:49.828Z","ask"