"price","volume","time","side","orderType"
"2.18200000","7.03000000","2024-06-22T14:21:39.830Z","sell","maker"
"2.19500000","2.32000000","2024-06-22T02:06:10.477Z","sell","maker"
"2.22600000","5.14000000","2024-06-22T00:44:47.239Z","sell","maker"
"2.23600000","8.05000000","2024-06-22T00:39:44.782Z","sell","maker"
"2.24800000","9.22000000","2024-06-21T22:41:23.799Z","sell","maker"
"2.23800000","30.91000000","2024-06-21T21:09:27.501Z","sell","maker"
"2.28100000","7.89000000","2024-06-21T17:23:53.486Z","sell","maker"
"2.32600000","7.89000000","2024-06-21T14:16:02.819Z","buy","taker"
"2.28100000","2.00000000","2024-06-21T07:52:26.832Z","sell","maker"
"2.28100000","7.89000000","2024-06-21T07:52:26.832Z","sell","maker"
"2.32600000","7.89000000","2024-06-21T05:38:47.336Z","buy","taker"
"2.31300000","13.29000000","2024-06-21T00:34:05.148Z","buy","taker"
"2.31400000","116.22000000","2024-06-21T00:34:05.148Z","buy","taker"
"2.28100000","7.89000000","2024-06-20T16:05:16.250Z","sell","maker"
"2.32600000","7.73000000","2024-06-20T12:59:27.216Z","sell","maker"
"2.33000000","120.00000000","2024-06-20T12:58:33.279Z","sell","maker"
"2.37200000","7.73000000","2024-06-20T07:18:06.060Z","buy","taker"
"2.32600000","7.89000000","2024-06-20T01:32:49.055Z","buy","taker"
"2.29500000","5.04000000","2024-06-19T17:21:33.939Z","buy","taker"
"2.28100000","8.05000000","2024-06-19T17:13:16.229Z","buy","taker"
"2.23600000","8.05000000","2024-06-19T14:29:19.892Z","sell","maker"
"2.28100000","8.05000000","2024-06-19T13:18:48.125Z","buy","taker"
"2.22600000","5.13000000","2024-06-19T10:21:41.247Z","sell","maker"
"2.20200000","1.19000000","2024-06-19T10:21:41.247Z","sell","maker"
"2.23600000","6.44000000","2024-06-19T09:21:50.945Z","sell","maker"
"2.23600000","1.61000000","2024-06-19T09:21:43.819Z","sell","maker"
"2.28100000","7.89000000","2024-06-19T07:12:18.976Z","sell","maker"
"2.32600000","7.89000000","2024-06-19T04:47:03.915Z","buy","taker"
"2.25400000","249.02000000","2024-06-19T03:59:00.721Z","buy","taker"
"2.28100000","7.89000000","2024-06-19T01:45:30.645Z","sell","maker"
"2.32600000","7.89000000","2024-06-19T01:20:05.529Z","buy","taker"
"2.29500000","5.03000000","2024-06-19T01:08:54.481Z","buy","taker"
"2.28100000","8.05000000","2024-06-19T01:05:20.248Z","buy","taker"
"2.23600000","6.98000000","2024-06-18T23:16:44.871Z","buy","taker"
"2.23600000","1.23000000","2024-06-18T22:08:06.503Z","buy","taker"
"2.19200000","8.37000000","2024-06-18T20:51:55.164Z","buy","taker"
"2.14900000","8.37000000","2024-06-18T19:03:08.577Z","sell","maker"
"2.16200000","0.60000000","2024-06-18T15:24:35.733Z","sell","maker"
"2.19200000","8.21000000","2024-06-18T15:18:36.569Z","sell","maker"
"2.23600000","8.21000000","2024-06-18T14:35:41.078Z","buy","taker"
"2.19200000","8.37000000","2024-06-18T14:19:11.279Z","buy","taker"
"2.14900000","8.37000000","2024-06-18T14:05:13.884Z","sell","maker"
"2.14900000","0.52000000","2024-06-18T14:05:13.884Z","sell","maker"
"2.16600000","39.87000000","2024-06-18T13:47:40.539Z","sell","maker"
"2.19200000","8.21000000","2024-06-18T13:04:41.297Z","sell","maker"
"2.23600000","8.05000000","2024-06-18T12:58:47.412Z","sell","maker"
"2.28100000","202.94000000","2024-06-18T12:58:45.270Z","sell","maker"
"2.23600000","8.21000000","2024-06-18T12:58:43.934Z","buy","taker"
"2.28100000","8.05000000","2024-06-18T12:58:43.934Z","buy","taker"
"2.16600000","5.32000000","2024-06-18T12:21:40.135Z","sell","maker"
"2.19200000","8.21000000","2024-06-18T11:37:03.034Z","sell","maker"
"2.25800000","20.00000000","2024-06-18T07:26:34.376Z","buy","taker"
"2.23600000","8.05000000","2024-06-18T05:49:20.744Z","sell","maker"
"2.28100000","7.89000000","2024-06-18T03:34:19.653Z","sell","maker"
"2.32600000","34.06000000","2024-06-18T03:34:16.220Z","sell","maker"
"2.28100000","8.05000000","2024-06-18T03:34:16.208Z","buy","taker"
"2.32600000","7.89000000","2024-06-18T03:34:16.208Z","buy","taker"
"2.21300000","44.11000000","2024-06-18T01:59:18.808Z","sell","maker"
"2.21300000","87.88000000","2024-06-18T01:59:18.808Z","sell","maker"
"2.21300000","44.55000000","2024-06-18T01:59:18.808Z","sell","maker"
"2.21300000","87.88000000","2024-06-18T01:59:03.998Z","buy","taker"
"2.23600000","10.84000000","2024-06-18T01:52:11.922Z","sell","maker"
"2.23600000","7.73000000","2024-06-18T01:52:09.701Z","buy","taker"
"2.23600000","0.64000000","2024-06-18T01:49:16.450Z","buy","taker"
"2.19200000","7.51000000","2024-06-18T01:47:15.423Z","buy","taker"
"2.19200000","0.86000000","2024-06-18T01:46:16.409Z","buy","taker"
"2.14900000","6.58000000","2024-06-18T01:44:24.780Z","sell","maker"
"2.14900000","5.61000000","2024-06-18T01:44:24.670Z","buy","taker"
"2.14900000","2.93000000","2024-06-18T01:44:22.894Z","buy","taker"
"2.10800000","336.90000000","2024-06-18T01:44:10.387Z","sell","maker"
"2.14900000","8.37000000","2024-06-18T01:44:10.100Z","sell","maker"
"2.12300000","3.54000000","2024-06-18T01:44:10.100Z","sell","maker"
"2.10700000","8.54000000","2024-06-18T01:44:10.100Z","sell","maker"
"2.23600000","52.73000000","2024-06-18T01:44:03.556Z","sell","maker"
"2.23600000","8.21000000","2024-06-18T01:44:03.547Z","buy","taker"
"2.14900000","8.37000000","2024-06-18T01:44:00.034Z","sell","maker"
"2.16300000","7.43000000","2024-06-18T01:43:54.506Z","sell","maker"
"2.19200000","8.21000000","2024-06-18T01:43:20.027Z","sell","maker"
"2.18800000","25.57000000","2024-06-18T01:43:20.027Z","sell","maker"
"2.18800000","7.67000000","2024-06-18T01:43:20.027Z","sell","maker"
"2.18700000","14.97000000","2024-06-18T01:43:20.027Z","sell","maker"
"2.23600000","76.47000000","2024-06-18T01:42:25.898Z","sell","maker"
"2.23600000","8.21000000","2024-06-18T01:42:25.790Z","buy","taker"
"2.20100000","2.47000000","2024-06-18T01:42:12.651Z","sell","maker"
"2.19200000","8.21000000","2024-06-18T01:42:12.651Z","sell","maker"
"2.20200000","7.42000000","2024-06-18T01:42:11.400Z","sell","maker"
"2.20300000","22.70000000","2024-06-18T01:42:10.429Z","sell","maker"
"2.23600000","8.05000000","2024-06-18T01:41:50.386Z","sell","maker"
"2.24000000","2.81000000","2024-06-18T01:41:50.145Z","sell","maker"
"2.23700000","31.29000000","2024-06-18T01:41:50.145Z","sell","maker"
"2.23700000","44.70000000","2024-06-18T01:41:50.145Z","sell","maker"
"2.23900000","9.38000000","2024-06-18T01:41:49.538Z","sell","maker"
"2.27600000","8.41000000","2024-06-18T01:41:42.532Z","sell","maker"
"2.29200000","2.16000000","2024-06-18T01:41:39.750Z","sell","maker"
"2.28100000","7.89000000","2024-06-18T01:41:39.750Z","sell","maker"
"2.29500000","2.83000000","2024-06-18T01:41:21.463Z","sell","maker"
"2.29400000","8.73000000","2024-06-18T01:41:21.463Z","sell","maker"
"2.32200000","8.67000000","2024-06-18T01:23:40.051Z","sell","maker"
"2.32600000","7.73000000","2024-06-18T01:23:37.729Z","sell","maker"
"2.32600000","70.00000000","2024-06-18T01:23:37.729Z","sell","maker"
"2.32800000","9.01000000","2024-06-18T01:23:37.088Z","sell","maker"
"2.37200000","7.58000000","2024-06-18T00:35:32.321Z","sell","maker"
"2.42000000","7.43000000","2024-06-17T23:45:06.620Z","sell","maker"
"2.46800000","7.29000000","2024-06-17T20:14:13.402Z","sell","maker"
"2.46800000","7.43000000","2024-06-17T18:06:20.955Z","buy","taker"
"2.47100000","2.70000000","2024-06-17T18:06:20.955Z","buy","taker"
"2.51700000","7.29000000","2024-06-17T18:06:20.955Z","buy","taker"
"2.51900000","403.61000000","2024-06-17T18:06:20.955Z","buy","taker"
"2.42000000","7.58000000","2024-06-17T16:43:27.628Z","buy","taker"
"2.33900000","8.56000000","2024-06-17T16:19:50.224Z","sell","maker"
"2.34900000","12.91000000","2024-06-17T16:19:38.637Z","sell","maker"
"2.37900000","1.89000000","2024-06-17T16:17:53.025Z","sell","maker"
"2.37200000","7.58000000","2024-06-17T16:17:53.025Z","sell","maker"
"2.46200000","1.66000000","2024-06-17T15:38:18.656Z","sell","maker"
"2.42000000","7.43000000","2024-06-17T15:38:18.656Z","sell","maker"
"2.46800000","7.29000000","2024-06-17T12:48:20.688Z","sell","maker"
"2.48000000","10.00000000","2024-06-17T12:29:34.465Z","sell","maker"
"2.56600000","1.13000000","2024-06-17T12:04:58.428Z","buy","taker"
"2.56700000","0.41000000","2024-06-17T10:08:16.996Z","sell","maker"
"2.54100000","1.46000000","2024-06-17T10:08:16.996Z","sell","maker"
"2.51700000","7.15000000","2024-06-17T10:08:16.996Z","sell","maker"
"2.57400000","21.05000000","2024-06-17T09:24:14.822Z","buy","taker"
"2.56700000","6.60000000","2024-06-17T09:21:42.857Z","sell","maker"
"2.57200000","5.27000000","2024-06-17T08:47:06.286Z","sell","maker"
"2.57200000","38.88000000","2024-06-17T08:47:06.286Z","sell","maker"
"2.57700000","32.26000000","2024-06-17T08:40:47.295Z","sell","maker"
"2.59600000","5.27000000","2024-06-17T08:34:44.217Z","sell","maker"
"2.61900000","6.87000000","2024-06-17T08:31:24.302Z","sell","maker"
"2.67100000","6.87000000","2024-06-17T07:32:30.962Z","buy","taker"
"2.61600000","1.29000000","2024-06-17T07:10:38.308Z","sell","maker"
"2.61500000","60.00000000","2024-06-17T07:10:38.308Z","sell","maker"
"2.61900000","5.80000000","2024-06-17T07:10:36.290Z","sell","maker"
"2.67000000","50.00000000","2024-06-17T06:00:19.777Z","sell","maker"
"2.71700000","3.12000000","2024-06-17T04:11:31.170Z","sell","maker"
"2.68700000","1.14000000","2024-06-17T04:11:31.170Z","sell","maker"
"2.67100000","6.73000000","2024-06-17T04:11:31.170Z","sell","maker"
"2.64500000","3.78000000","2024-06-17T04:11:31.170Z","sell","maker"
"2.61900000","1.07000000","2024-06-17T04:11:31.170Z","sell","maker"
"2.72400000","5.81000000","2024-06-17T04:05:43.494Z","sell","maker"
"2.80900000","11.38000000","2024-06-17T03:31:15.732Z","buy","taker"
"2.83300000","2.65000000","2024-06-17T03:28:38.133Z","buy","taker"
"2.83300000","1.22000000","2024-06-17T03:28:38.133Z","buy","taker"
"2.83300000","5.64000000","2024-06-17T03:09:04.178Z","buy","taker"
"2.75200000","9.96000000","2024-06-17T02:46:42.726Z","buy","taker"
"2.75300000","2.76000000","2024-06-17T02:16:19.315Z","sell","maker"
"2.75200000","215.82000000","2024-06-17T02:16:19.315Z","sell","maker"
"2.75300000","6.95000000","2024-06-17T02:16:01.878Z","sell","maker"
"2.77900000","2.87000000","2024-06-17T01:42:16.137Z","sell","maker"
"2.77800000","6.47000000","2024-06-17T01:42:16.137Z","sell","maker"
"2.75500000","1.02000000","2024-06-17T01:42:16.137Z","sell","maker"
"2.73600000","3.12000000","2024-06-17T01:42:16.137Z","sell","maker"
"2.72500000","3.12000000","2024-06-17T01:42:16.137Z","sell","maker"
"2.72400000","0.79000000","2024-06-17T01:42:16.137Z","sell","maker"
"2.82000000","0.90000000","2024-06-17T01:41:58.890Z","sell","maker"
"2.79000000","70.00000000","2024-06-17T01:41:58.890Z","sell","maker"
"2.83400000","6.35000000","2024-06-17T01:23:21.998Z","sell","maker"
"2.88200000","0.80000000","2024-06-17T01:16:29.042Z","sell","maker"
"2.84300000","2.87000000","2024-06-17T01:16:29.042Z","sell","maker"
"2.88400000","20.00000000","2024-06-17T01:02:11.181Z","sell","maker"
"2.88400000","13.00000000","2024-06-17T01:02:11.181Z","sell","maker"
"2.88600000","37.18000000","2024-06-17T00:45:32.648Z","buy","taker"
"2.88600000","0.80000000","2024-06-17T00:45:32.640Z","sell","maker"
"2.93900000","15.80000000","2024-06-17T00:28:53.390Z","sell","maker"
"2.93900000","12.00000000","2024-06-17T00:23:01.077Z","sell","maker"
"2.93900000","8.00000000","2024-06-17T00:22:58.982Z","buy","taker"
"2.90000000","21.14000000","2024-06-17T00:22:54.539Z","sell","maker"
"2.93900000","0.79000000","2024-06-17T00:21:44.613Z","buy","taker"
"2.89200000","2.84000000","2024-06-17T00:21:41.519Z","buy","taker"
"2.89800000","1.62000000","2024-06-17T00:21:41.519Z","buy","taker"
"2.89000000","5.55000000","2024-06-17T00:21:08.725Z","buy","taker"
"2.88400000","235.70000000","2024-06-17T00:20:27.789Z","buy","taker"
"2.88400000","7.47000000","2024-06-17T00:14:46.533Z","buy","taker"
"2.88000000","15.36000000","2024-06-17T00:12:58.453Z","sell","maker"
"2.88000000","100.00000000","2024-06-17T00:08:15.147Z","buy","taker"
"2.87900000","4.16000000","2024-06-16T23:58:33.746Z","buy","taker"
"2.87900000","15.89000000","2024-06-16T23:56:02.730Z","buy","taker"
"2.83300000","15.05000000","2024-06-16T23:54:44.138Z","buy","taker"
"2.83300000","0.82000000","2024-06-16T23:54:43.055Z","sell","maker"
"2.88400000","15.94000000","2024-06-16T23:31:28.940Z","sell","maker"
"2.86100000","2.83000000","2024-06-16T23:12:10.525Z","buy","taker"
"2.88400000","7.02000000","2024-06-16T23:12:10.525Z","buy","taker"
"2.88900000","0.80000000","2024-06-16T22:02:07.075Z","buy","taker"
"2.83400000","1.04000000","2024-06-16T22:02:02.362Z","buy","taker"
"2.87100000","0.82000000","2024-06-16T22:02:02.362Z","buy","taker"
"2.88900000","5.14000000","2024-06-16T22:02:02.362Z","buy","taker"
"2.83400000","0.82000000","2024-06-16T22:01:18.082Z","buy","taker"
"2.80100000","3.07000000","2024-06-16T22:01:14.971Z","buy","taker"
"2.81300000","3.07000000","2024-06-16T22:01:14.971Z","buy","taker"
"2.82100000","3.07000000","2024-06-16T22:01:14.971Z","buy","taker"
"2.83100000","3.57000000","2024-06-16T22:01:14.971Z","buy","taker"
"2.83400000","4.61000000","2024-06-16T22:01:14.971Z","buy","taker"
"2.82300000","14.14000000","2024-06-16T21:51:42.766Z","buy","taker"
"2.83000000","1.06000000","2024-06-16T21:03:55.532Z","buy","taker"
"2.77800000","6.60000000","2024-06-16T20:23:44.323Z","buy","taker"
"2.72400000","6.60000000","2024-06-16T19:36:17.234Z","sell","maker"
"2.70900000","1.03000000","2024-06-16T19:36:17.234Z","sell","maker"
"2.67900000","4.82000000","2024-06-16T19:36:17.234Z","sell","maker"
"2.67200000","10.27000000","2024-06-16T19:36:17.234Z","sell","maker"
"2.80900000","11.20000000","2024-06-16T18:05:07.136Z","buy","taker"
"2.81000000","12.78000000","2024-06-16T18:05:07.136Z","buy","taker"
"2.73200000","4.82000000","2024-06-16T17:48:36.725Z","sell","maker"
"2.76400000","4.85000000","2024-06-16T17:23:35.648Z","sell","maker"
"2.77300000","0.92000000","2024-06-16T17:23:09.174Z","sell","maker"
"2.76500000","4.82000000","2024-06-16T17:23:09.174Z","sell","maker"
"2.77400000","1.23000000","2024-06-16T17:22:07.313Z","sell","maker"
"2.77400000","4.89000000","2024-06-16T17:22:07.313Z","sell","maker"
"2.77400000","0.89000000","2024-06-16T17:22:07.313Z","sell","maker"
"2.82100000","0.88000000","2024-06-16T17:16:10.267Z","buy","taker"
"2.83400000","0.82000000","2024-06-16T17:09:51.805Z","sell","maker"
"2.77800000","6.47000000","2024-06-16T17:09:51.805Z","sell","maker"
"2.77800000","43.02000000","2024-06-16T17:09:51.805Z","sell","maker"
"2.89000000","0.80000000","2024-06-16T17:00:58.153Z","buy","taker"
"2.83300000","10.59000000","2024-06-16T17:00:54.970Z","buy","taker"
"2.83400000","6.47000000","2024-06-16T17:00:54.970Z","buy","taker"
"2.86800000","0.82000000","2024-06-16T17:00:54.970Z","buy","taker"
"2.88800000","42.27000000","2024-06-16T17:00:54.970Z","buy","taker"
"2.88900000","58.59000000","2024-06-16T17:00:54.970Z","buy","taker"
"2.83100000","0.82000000","2024-06-16T16:57:20.712Z","buy","taker"
"2.77800000","6.47000000","2024-06-16T16:56:49.607Z","sell","maker"
"2.83400000","6.35000000","2024-06-16T16:56:49.197Z","sell","maker"
"2.77800000","5.77000000","2024-06-16T16:56:44.648Z","buy","taker"
"2.78600000","1.68000000","2024-06-16T16:56:44.648Z","buy","taker"
"2.80500000","4.77000000","2024-06-16T16:56:44.648Z","buy","taker"
"2.83400000","6.47000000","2024-06-16T16:56:44.648Z","buy","taker"
"2.84900000","4.77000000","2024-06-16T16:56:44.648Z","buy","taker"
"2.88300000","4.77000000","2024-06-16T16:56:44.648Z","buy","taker"
"2.88400000","15.11000000","2024-06-16T16:56:44.648Z","buy","taker"
"2.88500000","68.35000000","2024-06-16T16:56:44.648Z","buy","taker"
"2.89000000","6.35000000","2024-06-16T16:56:44.648Z","buy","taker"
"2.93900000","1.19000000","2024-06-16T16:56:44.648Z","buy","taker"
"2.72400000","0.85000000","2024-06-16T16:31:15.495Z","sell","maker"
"2.68100000","7.16000000","2024-06-16T16:31:15.495Z","sell","maker"
"2.77800000","0.83000000","2024-06-16T16:31:12.377Z","buy","taker"
"2.74400000","1.43000000","2024-06-16T16:31:09.399Z","buy","taker"
"2.75500000","10.56000000","2024-06-16T16:31:09.399Z","buy","taker"
"2.77400000","4.77000000","2024-06-16T16:31:09.399Z","buy","taker"
"2.77700000","264.34000000","2024-06-16T16:31:09.399Z","buy","taker"
"2.74400000","1.03000000","2024-06-16T15:54:39.456Z","buy","taker"
"2.74400000","1.54000000","2024-06-16T15:54:38.875Z","buy","taker"
"2.72400000","6.73000000","2024-06-16T15:53:05.771Z","buy","taker"
"2.72300000","4.77000000","2024-06-16T15:52:46.593Z","buy","taker"
"2.67100000","6.87000000","2024-06-16T14:43:51.633Z","buy","taker"
"2.60200000","3.79000000","2024-06-16T13:21:35.255Z","sell","maker"
"2.59900000","6.07000000","2024-06-16T13:21:35.255Z","sell","maker"
"2.61900000","6.87000000","2024-06-16T13:19:17.687Z","sell","maker"
"2.59800000","25.67000000","2024-06-16T13:19:17.687Z","sell","maker"
"2.64400000","5.08000000","2024-06-16T11:21:39.647Z","sell","maker"
"2.67600000","5.17000000","2024-06-16T10:59:19.443Z","buy","taker"
"2.67100000","6.87000000","2024-06-16T10:59:17.082Z","buy","taker"
"2.65200000","5.17000000","2024-06-16T10:56:41.334Z","buy","taker"
"2.61900000","7.01000000","2024-06-16T10:42:13.243Z","buy","taker"
"2.56700000","7.01000000","2024-06-16T08:45:37.221Z","sell","maker"
"2.61900000","7.01000000","2024-06-16T06:50:06.635Z","buy","taker"
"2.56700000","6.29000000","2024-06-16T05:37:53.971Z","buy","taker"
"2.51700000","4.20000000","2024-06-16T05:31:34.204Z","buy","taker"
"2.45600000","7.65000000","2024-06-16T04:20:50.451Z","sell","maker"
"2.51300000","4.97000000","2024-06-16T03:37:33.685Z","buy","taker"
"2.51700000","3.09000000","2024-06-16T03:37:33.685Z","buy","taker"
"2.46800000","7.29000000","2024-06-16T03:35:38.291Z","sell","maker"
"2.56600000","2.92000000","2024-06-15T14:40:48.611Z","buy","taker"
"2.56700000","0.86000000","2024-06-15T14:40:48.611Z","buy","taker"
"2.51700000","7.15000000","2024-06-15T00:24:34.352Z","sell","maker"
"2.55400000","2.94000000","2024-06-15T00:24:31.772Z","buy","taker"
"2.55500000","8.31000000","2024-06-15T00:24:31.772Z","buy","taker"
"2.56700000","7.15000000","2024-06-15T00:24:31.772Z","buy","taker"
"2.59700000","33.19000000","2024-06-15T00:24:31.772Z","buy","taker"
"2.51700000","7.29000000","2024-06-14T21:31:28.800Z","buy","taker"
"2.47300000","3.54000000","2024-06-14T18:22:32.474Z","sell","maker"
"2.46800000","7.29000000","2024-06-14T18:22:32.474Z","sell","maker"
"2.46800000","1.82000000","2024-06-14T18:22:32.474Z","sell","maker"
"2.49700000","11.24000000","2024-06-14T16:09:30.621Z","sell","maker"
"2.49500000","4.00000000","2024-06-14T16:09:30.621Z","sell","maker"
"2.51700000","7.15000000","2024-06-14T16:08:31.733Z","sell","maker"
"2.51700000","8.34000000","2024-06-14T16:08:31.733Z","sell","maker"
"2.55400000","1.60000000","2024-06-14T16:08:24.155Z","sell","maker"
"2.52900000","1.95000000","2024-06-14T16:08:24.155Z","sell","maker"
"2.51900000","14.38000000","2024-06-14T16:08:24.155Z","sell","maker"
"2.51800000","27.80000000","2024-06-14T16:08:24.155Z","sell","maker"
"2.56700000","7.01000000","2024-06-14T16:08:06.407Z","sell","maker"
"2.57800000","5.55000000","2024-06-14T16:07:58.729Z","sell","maker"
"2.61500000","6.04000000","2024-06-14T14:32:35.307Z","sell","maker"
"2.61900000","6.87000000","2024-06-14T14:31:57.927Z","sell","maker"
"2.67100000","6.73000000","2024-06-14T14:20:33.026Z","sell","maker"
"2.72400000","6.73000000","2024-06-14T10:31:33.403Z","buy","taker"
"2.64400000","3.73000000","2024-06-14T09:21:42.949Z","sell","maker"
"2.67100000","7.53000000","2024-06-14T08:55:18.545Z","sell","maker"
"2.67100000","6.87000000","2024-06-14T08:54:26.423Z","buy","taker"
"2.61900000","6.87000000","2024-06-14T00:21:16.281Z","sell","maker"
"2.63600000","1.41000000","2024-06-14T00:14:59.170Z","sell","maker"
"2.63200000","9.88000000","2024-06-14T00:14:59.170Z","sell","maker"
"2.67100000","6.73000000","2024-06-13T20:32:37.137Z","sell","maker"
"2.72400000","6.73000000","2024-06-13T17:44:22.266Z","buy","taker"
"2.77300000","7.82000000","2024-06-13T17:44:22.266Z","buy","taker"
"2.77700000","26.71000000","2024-06-13T17:44:22.266Z","buy","taker"
"2.71600000","7.82000000","2024-06-13T16:05:25.092Z","buy","taker"
"2.67100000","6.73000000","2024-06-13T15:42:23.278Z","sell","maker"
"2.72400000","6.60000000","2024-06-13T14:12:27.220Z","sell","maker"
"2.77800000","6.60000000","2024-06-13T08:22:53.627Z","buy","taker"
"2.77200000","7.35000000","2024-06-13T05:13:38.864Z","buy","taker"
"2.72400000","6.73000000","2024-06-13T03:50:15.542Z","buy","taker"
"2.67100000","6.73000000","2024-06-13T03:20:32.575Z","sell","maker"
"2.67200000","5.21000000","2024-06-13T03:20:20.546Z","sell","maker"
"2.71400000","3.68000000","2024-06-13T03:03:17.027Z","sell","maker"
"2.71400000","1.25000000","2024-06-13T03:03:17.027Z","sell","maker"
"2.72400000","6.60000000","2024-06-13T03:02:29.913Z","sell","maker"
"2.72500000","6.60000000","2024-06-13T03:02:15.430Z","sell","maker"
"2.78800000","1.10000000","2024-06-13T02:41:57.399Z","sell","maker"
"2.77800000","6.47000000","2024-06-13T02:41:57.399Z","sell","maker"
"2.83400000","6.35000000","2024-06-13T01:58:36.711Z","sell","maker"
"2.83500000","6.98000000","2024-06-13T01:58:30.301Z","sell","maker"
"2.85200000","409.61000000","2024-06-13T01:49:48.325Z","sell","maker"
"2.86000000","8.41000000","2024-06-13T01:37:00.539Z","sell","maker"
"2.86000000","6.96000000","2024-06-13T01:37:00.539Z","sell","maker"
"2.85800000","8.15000000","2024-06-12T20:55:22.949Z","buy","taker"
"2.85800000","0.98000000","2024-06-12T20:55:22.942Z","sell","maker"
"2.92600000","0.87000000","2024-06-12T19:47:20.279Z","sell","maker"
"2.89000000","5.71000000","2024-06-12T19:47:20.279Z","sell","maker"
"2.94800000","6.10000000","2024-06-12T18:05:24.787Z","sell","maker"
"3.00700000","6.10000000","2024-06-12T18:01:01.676Z","buy","taker"
"3.00700000","6.01000000","2024-06-12T18:01:01.676Z","buy","taker"
"2.94800000","6.10000000","2024-06-12T18:00:25.743Z","sell","maker"
"2.99000000","0.77000000","2024-06-12T18:00:25.619Z","sell","maker"
"2.95100000","24.20000000","2024-06-12T18:00:25.619Z","sell","maker"
"2.95000000","7.26000000","2024-06-12T18:00:25.619Z","sell","maker"
"2.94900000","33.91000000","2024-06-12T18:00:25.619Z","sell","maker"
"3.04900000","0.76000000","2024-06-12T17:41:25.012Z","buy","taker"
"3.03200000","8.10000000","2024-06-12T16:04:08.394Z","buy","taker"
"3.01600000","1.08000000","2024-06-12T16:04:05.636Z","buy","taker"
"3.03100000","6.71000000","2024-06-12T16:04:05.636Z","buy","taker"
"2.95000000","32.83000000","2024-06-12T15:32:32.528Z","sell","maker"
"2.95000000","13.36000000","2024-06-12T15:32:32.528Z","sell","maker"
"3.01600000","0.47000000","2024-06-12T14:53:42.709Z","buy","taker"
"3.01100000","6.72000000","2024-06-12T14:51:33.212Z","buy","taker"
"3.00700000","3.66000000","2024-06-12T14:51:31.801Z","buy","taker"
"2.89000000","0.51000000","2024-06-12T13:31:28.237Z","sell","maker"
"2.94900000","0.78000000","2024-06-12T13:31:27.694Z","sell","maker"
"2.94800000","13.42000000","2024-06-12T13:31:27.694Z","sell","maker"
"3.00700000","0.77000000","2024-06-12T13:09:48.756Z","buy","taker"
"2.94800000","6.22000000","2024-06-12T12:33:59.783Z","buy","taker"
"2.93100000","6.30000000","2024-06-12T12:31:20.126Z","buy","taker"
"2.89000000","6.35000000","2024-06-12T12:30:23.781Z","buy","taker"
"2.83400000","6.35000000","2024-06-12T11:38:07.632Z","sell","maker"
"2.84400000","0.51000000","2024-06-12T10:21:41.986Z","sell","maker"
"2.89000000","5.84000000","2024-06-12T10:03:49.325Z","buy","taker"
"2.87500000","4.97000000","2024-06-12T07:19:59.363Z","buy","taker"
"2.83400000","6.47000000","2024-06-12T03:00:08.475Z","buy","taker"
"2.75400000","8.74000000","2024-06-12T01:40:18.648Z","sell","maker"
"2.76600000","5.38000000","2024-06-12T01:31:08.364Z","sell","maker"
"2.77800000","6.47000000","2024-06-12T01:25:27.308Z","sell","maker"
"2.82500000","95.00000000","2024-06-12T00:31:11.708Z","sell","maker"
"2.89000000","0.51000000","2024-06-11T23:25:12.477Z","buy","taker"
"2.82600000","5.97000000","2024-06-11T21:47:36.820Z","sell","maker"
"2.83400000","6.47000000","2024-06-11T18:03:10.588Z","buy","taker"
"2.77800000","6.47000000","2024-06-11T17:43:57.882Z","sell","maker"
"2.76600000","0.34000000","2024-06-11T17:43:57.882Z","sell","maker"
"2.81700000","6.37000000","2024-06-11T17:07:50.711Z","sell","maker"
"2.86600000","0.16000000","2024-06-11T15:41:00.983Z","sell","maker"
"2.83400000","6.35000000","2024-06-11T15:41:00.983Z","sell","maker"
"2.89000000","6.22000000","2024-06-11T15:33:15.448Z","sell","maker"
"3.00000000","3.50000000","2024-06-11T15:06:14.708Z","sell","maker"
"3.00000000","28.78000000","2024-06-11T14:52:12.331Z","sell","maker"
"2.94800000","6.22000000","2024-06-11T14:52:09.396Z","buy","taker"
"2.89000000","6.22000000","2024-06-11T13:40:24.326Z","sell","maker"
"3.00700000","1.67000000","2024-06-11T13:33:45.620Z","buy","taker"
"2.94800000","6.10000000","2024-06-11T13:21:21.916Z","sell","maker"
"3.00700000","6.10000000","2024-06-11T13:21:18.384Z","buy","taker"
"3.06700000","3.80000000","2024-06-11T13:21:18.384Z","buy","taker"
"2.94800000","6.10000000","2024-06-11T13:19:30.200Z","sell","maker"
"3.00700000","5.98000000","2024-06-11T13:18:24.950Z","sell","maker"
"2.94800000","6.22000000","2024-06-11T13:18:19.407Z","buy","taker"
"3.00700000","6.10000000","2024-06-11T13:18:19.407Z","buy","taker"
"3.06700000","5.98000000","2024-06-11T13:18:19.407Z","buy","taker"
"3.12700000","14.38000000","2024-06-11T13:18:19.407Z","buy","taker"
"2.89000000","6.22000000","2024-06-11T13:04:37.436Z","sell","maker"
"2.87800000","0.51000000","2024-06-11T13:04:37.436Z","sell","maker"
"2.86600000","7.62000000","2024-06-11T13:04:37.436Z","sell","maker"
"2.91000000","37.21000000","2024-06-11T13:04:16.138Z","buy","taker"
"2.92000000","30.46000000","2024-06-11T13:03:57.241Z","buy","taker"
"2.93900000","1.65000000","2024-06-11T13:03:57.128Z","sell","maker"
"2.93100000","5.11000000","2024-06-11T13:03:57.128Z","sell","maker"
"2.94800000","6.10000000","2024-06-11T13:02:04.022Z","sell","maker"
"2.96300000","6.42000000","2024-06-11T12:40:37.037Z","sell","maker"
"2.96700000","6.96000000","2024-06-11T12:40:31.808Z","sell","maker"
"2.99400000","1.41000000","2024-06-11T12:38:19.445Z","sell","maker"
"2.97800000","3.35000000","2024-06-11T12:38:19.445Z","sell","maker"
"3.00700000","3.81000000","2024-06-11T11:26:37.621Z","sell","maker"
"3.12800000","0.47000000","2024-06-11T11:05:57.850Z","buy","taker"
"3.00700000","1.73000000","2024-06-11T10:21:41.728Z","sell","maker"
"3.04200000","0.94000000","2024-06-11T09:21:43.624Z","sell","maker"
"3.00700000","0.44000000","2024-06-11T09:21:43.624Z","sell","maker"
"3.06700000","5.86000000","2024-06-11T06:30:37.502Z","sell","maker"
"3.12800000","24.80000000","2024-06-11T03:47:15.874Z","buy","taker"
"3.12800000","5.86000000","2024-06-11T03:47:15.874Z","buy","taker"
"3.06700000","5.98000000","2024-06-11T03:05:06.839Z","buy","taker"
"3.07700000","0.86000000","2024-06-11T02:26:20.980Z","sell","maker"
"3.03100000","1.29000000","2024-06-11T02:26:20.980Z","sell","maker"
"3.00700000","0.15000000","2024-06-11T02:26:20.980Z","sell","maker"
"2.99500000","6.42000000","2024-06-11T02:26:20.980Z","sell","maker"
"3.12700000","1.60000000","2024-06-11T02:04:24.783Z","buy","taker"
"3.00700000","5.83000000","2024-06-11T01:52:45.905Z","sell","maker"
"3.05900000","6.25000000","2024-06-11T01:52:41.228Z","sell","maker"
"3.11300000","0.79000000","2024-06-11T01:52:39.830Z","sell","maker"
"3.06800000","1.18000000","2024-06-11T01:52:39.830Z","sell","maker"
"3.06700000","5.86000000","2024-06-11T01:52:39.830Z","sell","maker"
"3.12800000","5.36000000","2024-06-10T20:50:18.592Z","sell","maker"
"3.19000000","5.64000000","2024-06-10T19:14:13.845Z","sell","maker"
"3.25400000","5.53000000","2024-06-10T19:14:13.485Z","sell","maker"
"3.25400000","0.53000000","2024-06-10T19:14:10.040Z","buy","taker"
"3.30900000","0.11000000","2024-06-10T19:14:10.040Z","buy","taker"
"3.31900000","5.53000000","2024-06-10T19:14:10.040Z","buy","taker"
"3.31900000","1.41000000","2024-06-10T19:14:10.040Z","buy","taker"
"3.36000000","51.79000000","2024-06-10T19:14:10.040Z","buy","taker"
"3.25400000","2.92000000","2024-06-10T19:09:05.886Z","buy","taker"
"3.25400000","1.46000000","2024-06-10T18:53:52.629Z","buy","taker"
"3.25400000","0.73000000","2024-06-10T18:37:38.798Z","buy","taker"
"3.24500000","0.71000000","2024-06-10T18:26:24.137Z","sell","maker"
"3.19000000","5.64000000","2024-06-10T18:26:24.137Z","sell","maker"
"3.30900000","0.70000000","2024-06-10T18:00:29.570Z","buy","taker"
"3.30900000","0.73000000","2024-06-10T17:59:21.428Z","buy","taker"
"3.25400000","5.64000000","2024-06-10T17:37:38.460Z","buy","taker"
"3.12800000","0.39000000","2024-06-10T13:08:24.900Z","sell","maker"
"3.19000000","5.64000000","2024-06-10T12:28:25.074Z","sell","maker"
"3.25400000","4.10000000","2024-06-10T10:50:06.169Z","buy","taker"
"3.14200000","5.63000000","2024-06-10T09:06:15.641Z","sell","maker"
"3.15700000","3.16000000","2024-06-10T08:47:59.873Z","sell","maker"
"3.14800000","0.73000000","2024-06-10T08:47:59.873Z","sell","maker"
"3.25400000","1.54000000","2024-06-10T08:06:24.542Z","buy","taker"
"3.19000000","27.07000000","2024-06-10T08:02:39.018Z","sell","maker"
"3.19000000","5.64000000","2024-06-10T08:02:11.251Z","sell","maker"
"3.25400000","5.53000000","2024-06-10T08:02:10.893Z","sell","maker"
"3.25400000","5.64000000","2024-06-10T08:02:06.584Z","buy","taker"
"3.31900000","5.53000000","2024-06-10T08:02:06.584Z","buy","taker"
"3.38100000","2.99000000","2024-06-10T08:02:06.584Z","buy","taker"
"3.38400000","19.74000000","2024-06-10T08:02:06.584Z","buy","taker"
"3.18400000","0.66000000","2024-06-10T08:01:21.070Z","sell","maker"
"3.17400000","3.32000000","2024-06-10T08:01:21.070Z","sell","maker"
"3.19000000","5.64000000","2024-06-10T07:59:12.983Z","sell","maker"
"3.21800000","15.00000000","2024-06-10T07:50:23.999Z","sell","maker"
"3.21800000","5.09000000","2024-06-10T07:46:18.124Z","sell","maker"
"3.23600000","0.87000000","2024-06-10T07:46:11.469Z","sell","maker"
"3.21900000","0.61000000","2024-06-10T07:46:11.469Z","sell","maker"
"3.21900000","31.07000000","2024-06-10T07:46:11.469Z","sell","maker"
"3.25400000","5.53000000","2024-06-10T07:39:38.985Z","sell","maker"
"3.31200000","0.77000000","2024-06-10T07:31:11.182Z","sell","maker"
"3.28700000","4.62000000","2024-06-10T07:31:11.182Z","sell","maker"
"3.31900000","5.42000000","2024-06-10T07:06:59.988Z","sell","maker"
"3.35000000","4.20000000","2024-06-10T07:04:39.012Z","sell","maker"
"3.37100000","10.26000000","2024-06-10T06:31:11.363Z","sell","maker"
"3.38500000","0.68000000","2024-06-10T04:11:35.746Z","sell","maker"
"3.38500000","5.31000000","2024-06-10T04:11:35.746Z","sell","maker"
"3.40700000","3.82000000","2024-06-10T03:26:07.451Z","sell","maker"
"3.45700000","7.25000000","2024-06-10T01:52:13.410Z","buy","taker"
"3.45700000","2.90000000","2024-06-10T01:51:52.345Z","buy","taker"
"3.45300000","19.89000000","2024-06-10T01:51:48.043Z","buy","taker"
"3.45200000","4.64000000","2024-06-10T01:51:26.379Z","buy","taker"
"3.45200000","0.67000000","2024-06-10T01:51:24.017Z","buy","taker"
"3.43900000","2.94000000","2024-06-10T01:50:17.872Z","buy","taker"
"3.35400000","2.28000000","2024-06-09T23:48:46.781Z","sell","maker"
"3.38500000","5.42000000","2024-06-09T22:13:12.668Z","buy","taker"
"3.31900000","5.53000000","2024-06-09T19:24:17.208Z","buy","taker"
"3.23000000","2.27000000","2024-06-09T19:07:53.032Z","sell","maker"
"3.30000000","8.01000000","2024-06-09T18:51:58.620Z","sell","maker"
"3.25500000","15.00000000","2024-06-09T18:38:09.424Z","sell","maker"
"3.26600000","0.87000000","2024-06-09T18:36:18.479Z","sell","maker"
"3.25400000","5.53000000","2024-06-09T18:36:18.479Z","sell","maker"
"3.25400000","0.56000000","2024-06-09T18:36:18.479Z","sell","maker"
"3.24000000","8.27000000","2024-06-09T18:36:18.479Z","sell","maker"
"3.21500000","64.77000000","2024-06-09T18:36:18.479Z","sell","maker"
"3.29200000","0.85000000","2024-06-09T18:26:13.584Z","sell","maker"
"3.26600000","4.15000000","2024-06-09T18:26:13.584Z","sell","maker"
"3.31900000","5.42000000","2024-06-09T17:35:13.604Z","sell","maker"
"3.36900000","0.76000000","2024-06-09T16:36:15.837Z","sell","maker"
"3.33600000","4.55000000","2024-06-09T16:36:15.837Z","sell","maker"
"3.37000000","9.39000000","2024-06-09T16:13:29.441Z","sell","maker"
"3.38500000","5.31000000","2024-06-09T14:44:33.437Z","sell","maker"
"3.38600000","9.39000000","2024-06-09T14:44:22.293Z","sell","maker"
"3.40000000","4.13000000","2024-06-09T14:26:37.937Z","sell","maker"
"3.44300000","0.67000000","2024-06-09T14:11:30.250Z","sell","maker"
"3.40700000","2.88000000","2024-06-09T14:11:30.250Z","sell","maker"
"3.45800000","3.76000000","2024-06-09T13:20:13.673Z","sell","maker"
"3.51100000","0.66000000","2024-06-09T12:43:06.134Z","buy","taker"
"3.50000000","0.67000000","2024-06-09T12:43:01.995Z","buy","taker"
"3.51100000","2.19000000","2024-06-09T12:43:01.995Z","buy","taker"
"3.48600000","19.71000000","2024-06-09T12:42:58.292Z","buy","taker"
"3.47300000","9.29000000","2024-06-09T12:20:03.154Z","buy","taker"
"3.45500000","8.62000000","2024-06-09T10:07:04.334Z","buy","taker"
"3.45500000","0.67000000","2024-06-09T10:06:42.161Z","buy","taker"
"3.42300000","2.12000000","2024-06-09T10:06:39.154Z","buy","taker"
"3.45200000","5.31000000","2024-06-09T10:06:39.154Z","buy","taker"
"3.37800000","1.03000000","2024-06-09T09:21:42.716Z","sell","maker"
"3.38500000","5.42000000","2024-06-09T06:19:09.511Z","buy","taker"
"3.31200000","0.77000000","2024-06-09T06:15:50.185Z","sell","maker"
"3.27600000","17.15000000","2024-06-09T06:15:50.185Z","sell","maker"
"3.31900000","5.42000000","2024-06-09T05:13:26.381Z","sell","maker"
"3.38500000","5.42000000","2024-06-09T04:20:44.241Z","buy","taker"
"3.31900000","5.42000000","2024-06-09T02:31:11.584Z","sell","maker"
"3.38500000","0.68000000","2024-06-09T02:11:07.511Z","sell","maker"
"3.38500000","5.31000000","2024-06-09T02:11:07.511Z","sell","maker"
"3.45200000","4.64000000","2024-06-09T01:58:15.972Z","buy","taker"
"3.48500000","9.71000000","2024-06-09T01:58:15.972Z","buy","taker"