"price","volume","time","side","orderType"
"1.05300000","18.00000000","2023-06-24T18:21:36.602Z","buy","taker"
"1.06600000","11.46000000","2023-06-24T18:21:36.602Z","buy","taker"
"1.08700000","16.69000000","2023-06-24T18:21:36.602Z","buy","taker"
"1.10700000","16.69000000","2023-06-24T18:21:36.602Z","buy","taker"
"1.12000000","16.69000000","2023-06-24T18:21:36.602Z","buy","taker"
"1.13300000","20.47000000","2023-06-24T18:21:36.602Z","buy","taker"
"1.00000000","9.72000000","2023-06-24T15:25:41.946Z","buy","taker"
"1.00000000","2.00000000","2023-06-24T15:25:41.946Z","buy","taker"
"1.06600000","6.54000000","2023-06-24T08:11:47.874Z","buy","taker"
"0.92000000","33.72000000","2023-06-23T01:07:45.089Z","sell","maker"
"0.95400000","14.74000000","2023-06-22T23:59:56.156Z","sell","maker"
"0.82000000","78.76000000","2023-06-22T23:59:56.156Z","sell","maker"
"0.80300000","37.19000000","2023-06-22T23:59:56.156Z","sell","maker"
"0.76000000","84.97000000","2023-06-22T23:59:56.156Z","sell","maker"
"0.65600000","304.88000000","2023-06-22T23:59:56.156Z","sell","maker"
"0.64000000","107.43000000","2023-06-22T23:59:56.156Z","sell","maker"
"0.95400000","247.31000000","2023-06-22T23:36:19.368Z","sell","maker"
"0.96700000","3.15000000","2023-06-22T17:50:44.807Z","sell","maker"
"0.96200000","1.62000000","2023-06-22T00:15:58.517Z","buy","taker"
"0.91300000","5.24000000","2023-06-21T23:35:46.793Z","sell","maker"
"0.96700000","31.02000000","2023-06-21T23:35:42.889Z","sell","maker"
"1.00000000","1.11000000","2023-06-21T23:28:48.674Z","buy","taker"
"0.98400000","1.53000000","2023-06-21T23:22:55.295Z","sell","maker"
"0.94800000","845.43000000","2023-06-21T03:01:02.133Z","buy","taker"
"0.94800000","10.61000000","2023-06-21T03:00:58.964Z","buy","taker"
"0.94800000","4.55000000","2023-06-21T03:00:58.740Z","buy","taker"
"0.94800000","22.04000000","2023-06-21T03:00:58.707Z","buy","taker"
"0.94800000","10.53000000","2023-06-21T03:00:58.677Z","buy","taker"
"0.94800000","2.00000000","2023-06-21T03:00:58.662Z","buy","taker"
"0.94800000","76.06000000","2023-06-21T03:00:58.662Z","buy","taker"
"0.94800000","2.00000000","2023-06-21T03:00:58.662Z","buy","taker"
"0.94800000","2.00000000","2023-06-21T03:00:58.662Z","buy","taker"
"0.96100000","31.88000000","2023-06-21T03:00:58.657Z","sell","maker"
"0.94800000","10.55000000","2023-06-20T19:04:13.800Z","sell","maker"
"0.92700000","10.06000000","2023-06-20T18:29:40.699Z","sell","maker"
"0.95000000","1454.02000000","2023-06-20T18:26:19.871Z","buy","taker"
"0.95000000","2.01000000","2023-06-20T18:26:19.871Z","buy","taker"
"0.95000000","2.00000000","2023-06-20T18:26:19.871Z","buy","taker"
"0.94300000","1.26000000","2023-06-20T15:09:55.243Z","buy","taker"
"0.92000000","39.13000000","2023-06-19T19:57:15.209Z","sell","maker"
"0.92100000","32.57000000","2023-06-19T19:57:15.208Z","sell","maker"
"0.93500000","23.67000000","2023-06-19T18:05:11.225Z","buy","taker"
"0.93500000","11.76000000","2023-06-19T14:55:16.093Z","buy","taker"
"0.93500000","27.01000000","2023-06-19T13:34:35.234Z","buy","taker"
"0.93500000","2.00000000","2023-06-19T12:43:44.255Z","buy","taker"
"0.93500000","14.54000000","2023-06-19T12:43:44.255Z","buy","taker"
"0.93500000","1.15000000","2023-06-19T07:46:07.570Z","sell","maker"
"0.93200000","1.42000000","2023-06-19T05:59:31.830Z","sell","maker"
"0.98600000","1.15000000","2023-06-18T14:17:13.612Z","sell","maker"
"0.92900000","334.47000000","2023-06-17T12:58:01.455Z","buy","taker"
"0.92900000","19.37000000","2023-06-17T09:34:43.681Z","buy","taker"
"1.12000000","2.07000000","2023-06-17T08:18:12.980Z","buy","taker"
"1.18300000","23.29000000","2023-06-17T08:18:12.980Z","buy","taker"
"0.94700000","10.55000000","2023-06-17T06:08:59.307Z","sell","maker"
"0.93000000","89.38000000","2023-06-17T05:51:18.526Z","buy","taker"
"0.94700000","2691.49000000","2023-06-17T05:51:18.526Z","buy","taker"
"0.92000000","1.01000000","2023-06-16T18:05:45.057Z","sell","maker"
"0.92000000","10.95000000","2023-06-16T17:48:09.225Z","sell","maker"
"0.92000000","2.00000000","2023-06-15T21:28:29.579Z","sell","maker"
"0.91800000","2.20000000","2023-06-15T21:27:18.381Z","sell","maker"
"0.93000000","1.31000000","2023-06-15T20:29:44.833Z","buy","taker"
"0.93000000","3.00000000","2023-06-15T19:09:21.350Z","buy","taker"
"0.93000000","3.85000000","2023-06-15T19:02:10.980Z","buy","taker"
"0.93000000","2.08000000","2023-06-15T19:02:00.911Z","buy","taker"
"0.92900000","6.20000000","2023-06-15T19:02:00.836Z","buy","taker"
"0.85300000","15.42000000","2023-06-15T13:43:08.444Z","sell","maker"
"0.85200000","6.20000000","2023-06-15T13:43:08.444Z","sell","maker"
"0.92300000","2.69000000","2023-06-15T13:41:09.930Z","buy","taker"
"0.92300000","2.57000000","2023-06-15T13:41:09.930Z","buy","taker"
"0.92300000","2.51000000","2023-06-15T13:41:09.930Z","buy","taker"
"0.93000000","13.90000000","2023-06-15T13:41:09.930Z","buy","taker"
"0.84600000","29.21000000","2023-06-14T22:47:05.449Z","sell","maker"
"0.87200000","0.68000000","2023-06-14T22:40:23.780Z","sell","maker"
"0.84500000","39.94000000","2023-06-14T22:40:23.780Z","sell","maker"
"0.84400000","1.80000000","2023-06-14T22:40:23.780Z","sell","maker"
"0.87200000","114.00000000","2023-06-14T22:39:55.892Z","sell","maker"
"0.90300000","5.42000000","2023-06-14T21:25:34.283Z","buy","taker"
"0.91900000","11.17000000","2023-06-14T20:50:34.352Z","buy","taker"
"0.93000000","11.03000000","2023-06-14T20:06:11.806Z","buy","taker"
"0.93000000","5.57000000","2023-06-14T16:38:52.025Z","buy","taker"
"0.93000000","5.34000000","2023-06-14T12:15:34.661Z","buy","taker"
"0.93000000","10.47000000","2023-06-14T12:15:34.508Z","buy","taker"
"0.93000000","75.36000000","2023-06-14T12:15:33.719Z","buy","taker"
"0.93000000","33.08000000","2023-06-14T03:04:05.561Z","buy","taker"
"0.92000000","0.18000000","2023-06-14T03:04:02.202Z","buy","taker"
"0.93000000","68.63000000","2023-06-14T03:04:02.202Z","buy","taker"
"0.90000000","28.29000000","2023-06-14T03:03:22.676Z","buy","taker"
"0.90000000","19.74000000","2023-06-14T03:03:12.825Z","sell","maker"
"0.90000000","44.07000000","2023-06-14T03:03:12.825Z","sell","maker"
"0.90000000","9.04000000","2023-06-14T03:03:12.825Z","sell","maker"
"0.90000000","9.97000000","2023-06-14T03:03:12.825Z","sell","maker"
"0.92000000","39.67000000","2023-06-14T03:02:56.817Z","buy","taker"
"0.92000000","68.85000000","2023-06-14T03:02:56.400Z","buy","taker"
"0.88000000","2.65000000","2023-06-14T03:02:48.025Z","buy","taker"
"0.90000000","111.11000000","2023-06-14T03:02:48.025Z","buy","taker"
"0.90100000","110.99000000","2023-06-14T03:02:30.172Z","sell","maker"
"0.90000000","100.89000000","2023-06-14T02:57:07.187Z","buy","taker"
"0.90000000","2.22000000","2023-06-14T02:57:05.803Z","buy","taker"
"0.90000000","8.00000000","2023-06-14T02:57:01.938Z","buy","taker"
"0.92900000","24.26000000","2023-06-14T02:55:08.516Z","sell","maker"
"0.92800000","107.76000000","2023-06-14T02:55:08.516Z","sell","maker"
"0.90000000","3.64000000","2023-06-14T02:55:08.516Z","sell","maker"
"0.66000000","79.20000000","2023-06-14T02:55:08.516Z","sell","maker"
"0.65000000","75.00000000","2023-06-14T02:55:08.516Z","sell","maker"
"0.64000000","125.64000000","2023-06-14T02:55:08.516Z","sell","maker"
"0.57600000","29.51000000","2023-06-14T02:55:08.516Z","sell","maker"
"0.57500000","550.08000000","2023-06-14T02:55:08.516Z","sell","maker"
"0.57000000","6.00000000","2023-06-14T02:55:08.516Z","sell","maker"
"0.56000000","89.29000000","2023-06-14T02:55:08.516Z","sell","maker"
"0.47000000","106.38000000","2023-06-14T02:55:08.516Z","sell","maker"
"0.40000000","125.00000000","2023-06-14T02:55:08.516Z","sell","maker"
"0.40000000","10.00000000","2023-06-14T02:55:08.516Z","sell","maker"
"0.33300000","750.00000000","2023-06-14T02:55:08.516Z","sell","maker"
"0.33000000","151.52000000","2023-06-14T02:55:08.516Z","sell","maker"
"0.30000000","20.00000000","2023-06-14T02:55:08.516Z","sell","maker"
"0.27000000","185.19000000","2023-06-14T02:55:08.516Z","sell","maker"
"0.25100000","46.53000000","2023-06-14T02:55:08.516Z","sell","maker"
"0.94000000","973.65000000","2023-06-14T01:43:12.915Z","buy","taker"
"0.94000000","690.42000000","2023-06-14T01:33:42.349Z","buy","taker"
"0.94000000","6500.00000000","2023-06-14T01:22:25.833Z","buy","taker"
"0.94000000","3191.48000000","2023-06-14T01:17:19.063Z","buy","taker"
"0.94700000","18.35000000","2023-06-13T14:24:59.362Z","sell","maker"
"0.96700000","0.01000000","2023-06-13T13:51:03.288Z","buy","taker"
"0.96700000","2.45000000","2023-06-13T13:51:03.288Z","buy","taker"
"0.96700000","8.02000000","2023-06-13T13:51:03.064Z","buy","taker"
"0.94600000","148.00000000","2023-06-13T07:24:00.272Z","sell","maker"
"0.94800000","15.10000000","2023-06-13T07:23:15.054Z","sell","maker"
"0.94800000","94.95000000","2023-06-13T07:23:15.054Z","sell","maker"
"0.94500000","39.95000000","2023-06-13T07:23:15.054Z","sell","maker"
"0.94800000","52.85000000","2023-06-13T07:22:27.258Z","sell","maker"
"0.94800000","10.12000000","2023-06-13T07:22:27.258Z","sell","maker"
"0.94800000","76.77000000","2023-06-13T07:22:27.258Z","sell","maker"
"0.94800000","128.32000000","2023-06-13T07:22:27.258Z","sell","maker"
"0.94800000","128.32000000","2023-06-13T07:22:27.258Z","sell","maker"
"0.94800000","103.62000000","2023-06-13T07:22:27.258Z","sell","maker"
"0.94500000","10.00000000","2023-06-13T06:08:53.472Z","buy","taker"
"0.94400000","10.37000000","2023-06-13T06:08:50.125Z","sell","maker"
"0.94400000","63.00000000","2023-06-13T06:08:48.609Z","buy","taker"
"0.94400000","88.15000000","2023-06-13T06:08:48.443Z","buy","taker"
"0.94400000","30.78000000","2023-06-13T06:08:33.292Z","buy","taker"
"0.94400000","128.58000000","2023-06-13T06:08:33.099Z","buy","taker"
"0.94400000","128.58000000","2023-06-13T06:08:28.047Z","buy","taker"
"0.94400000","50.54000000","2023-06-13T06:08:24.131Z","buy","taker"
"0.94400000","81.10000000","2023-06-13T06:08:23.938Z","buy","taker"
"0.94400000","1.86000000","2023-06-13T06:08:15.496Z","buy","taker"
"0.94400000","4.00000000","2023-06-13T06:08:15.320Z","buy","taker"
"0.94400000","175.24000000","2023-06-13T06:08:15.320Z","buy","taker"
"0.94400000","2.00000000","2023-06-13T06:08:15.320Z","buy","taker"
"0.94400000","4.00000000","2023-06-13T06:08:15.320Z","buy","taker"
"0.94800000","183.99000000","2023-06-13T06:08:15.315Z","sell","maker"
"0.94400000","57.18000000","2023-06-13T06:08:15.315Z","sell","maker"
"0.94400000","26.13000000","2023-06-13T06:00:28.966Z","sell","maker"
"0.94900000","45.73000000","2023-06-13T02:43:11.513Z","buy","taker"
"0.94900000","10.61000000","2023-06-13T02:43:01.274Z","buy","taker"
"0.94900000","2.00000000","2023-06-13T02:43:01.212Z","buy","taker"
"0.94900000","6.22000000","2023-06-13T02:43:01.212Z","buy","taker"
"0.94900000","26.18000000","2023-06-13T02:43:01.212Z","buy","taker"
"0.94900000","69.83000000","2023-06-13T00:24:10.306Z","buy","taker"
"0.95200000","10.50000000","2023-06-13T00:24:02.259Z","sell","maker"
"0.94900000","10.54000000","2023-06-13T00:04:13.492Z","sell","maker"
"0.94900000","3.85000000","2023-06-13T00:04:13.492Z","sell","maker"
"0.94800000","10.55000000","2023-06-12T23:58:45.262Z","sell","maker"
"0.94800000","121.36000000","2023-06-12T23:58:45.262Z","sell","maker"
"0.94800000","46.82000000","2023-06-12T23:58:45.262Z","sell","maker"
"0.95600000","10.46000000","2023-06-12T23:45:11.479Z","sell","maker"
"0.93100000","92.36000000","2023-06-12T23:45:11.479Z","sell","maker"
"0.92400000","110.52000000","2023-06-12T23:45:11.479Z","sell","maker"
"0.92400000","28.00000000","2023-06-12T23:45:11.479Z","sell","maker"
"1.18300000","26.28000000","2023-06-12T21:09:48.348Z","buy","taker"
"0.94600000","3.98000000","2023-06-12T16:02:14.998Z","buy","taker"
"1.18700000","0.01000000","2023-06-12T16:02:14.998Z","buy","taker"
"0.93700000","18.26000000","2023-06-12T15:17:25.294Z","buy","taker"
"0.93700000","68.52000000","2023-06-12T15:17:25.101Z","buy","taker"
"0.93700000","16.36000000","2023-06-12T13:38:07.817Z","buy","taker"
"0.93700000","15.76000000","2023-06-12T11:05:23.671Z","buy","taker"
"0.93700000","16.03000000","2023-06-12T11:05:23.479Z","buy","taker"
"0.93700000","22.42000000","2023-06-12T11:05:23.309Z","buy","taker"
"0.92600000","40.09000000","2023-06-12T09:35:48.274Z","buy","taker"
"0.92600000","1.30000000","2023-06-12T09:35:37.141Z","buy","taker"
"0.92600000","9.58000000","2023-06-12T03:23:36.197Z","buy","taker"
"0.94500000","7.47000000","2023-06-12T02:16:39.620Z","buy","taker"
"0.91800000","10.89000000","2023-06-11T23:22:02.853Z","sell","maker"
"0.91800000","9.11000000","2023-06-11T23:22:02.853Z","sell","maker"
"0.91200000","11.17000000","2023-06-11T21:34:24.150Z","sell","maker"
"0.91200000","17.57000000","2023-06-11T21:34:24.150Z","sell","maker"
"0.91200000","6.26000000","2023-06-11T21:34:24.150Z","sell","maker"
"0.91100000","1.82000000","2023-06-11T21:34:24.150Z","sell","maker"
"0.90300000","7.28000000","2023-06-11T21:34:24.150Z","sell","maker"
"0.90000000","11.36000000","2023-06-11T21:34:24.150Z","sell","maker"
"0.93000000","113.18000000","2023-06-11T20:19:04.636Z","buy","taker"
"0.93000000","37.50000000","2023-06-11T20:19:00.375Z","buy","taker"
"0.93000000","37.20000000","2023-06-11T20:18:38.430Z","buy","taker"
"0.93000000","13.07000000","2023-06-11T20:18:27.690Z","buy","taker"
"0.94500000","98.44000000","2023-06-11T19:42:19.401Z","buy","taker"
"0.90700000","11.03000000","2023-06-11T19:15:47.254Z","sell","maker"
"0.90700000","6.87000000","2023-06-11T19:15:47.254Z","sell","maker"
"0.90400000","10.35000000","2023-06-11T19:15:47.254Z","sell","maker"
"0.90400000","11.04000000","2023-06-11T19:15:47.254Z","sell","maker"
"0.90400000","7.98000000","2023-06-11T19:15:47.254Z","sell","maker"
"0.90300000","11.36000000","2023-06-11T19:15:47.254Z","sell","maker"
"0.90300000","3.10000000","2023-06-11T19:15:47.254Z","sell","maker"
"0.90000000","33.06000000","2023-06-11T16:23:50.794Z","buy","taker"
"0.90000000","29.45000000","2023-06-11T16:23:37.497Z","buy","taker"
"0.90000000","10.89000000","2023-06-11T16:23:27.112Z","buy","taker"
"0.90000000","10.74000000","2023-06-11T16:23:27.109Z","buy","taker"
"0.94900000","4.45000000","2023-06-11T16:05:50.214Z","buy","taker"
"0.58500000","15.76000000","2023-06-11T15:36:21.195Z","sell","maker"
"0.58500000","17.20000000","2023-06-11T15:36:21.195Z","sell","maker"
"0.58500000","15.66000000","2023-06-11T15:36:21.195Z","sell","maker"
"0.58500000","15.78000000","2023-06-11T15:36:21.195Z","sell","maker"
"0.58500000","15.60000000","2023-06-11T15:36:21.195Z","sell","maker"
"0.51600000","19.38000000","2023-06-11T15:13:13.755Z","sell","maker"
"0.51500000","2064.41000000","2023-06-11T15:13:13.755Z","sell","maker"
"0.84000000","90.13000000","2023-06-11T15:11:44.139Z","buy","taker"
"0.90000000","20.85000000","2023-06-11T15:11:35.572Z","sell","maker"
"0.90000000","24.23000000","2023-06-11T15:11:35.572Z","sell","maker"
"0.90000000","27.97000000","2023-06-11T15:11:34.361Z","buy","taker"
"0.90000000","57.07000000","2023-06-11T15:11:30.890Z","buy","taker"
"0.90000000","3.35000000","2023-06-11T15:11:19.753Z","buy","taker"
"0.90000000","14.52000000","2023-06-11T15:11:19.338Z","buy","taker"
"0.90000000","8.20000000","2023-06-11T15:11:19.338Z","buy","taker"
"1.00000000","6.03000000","2023-06-11T15:10:58.686Z","buy","taker"
"1.00000000","9.83000000","2023-06-11T15:10:57.678Z","buy","taker"
"1.03400000","9.72000000","2023-06-11T15:10:45.142Z","buy","taker"
"1.10300000","0.89000000","2023-06-11T15:10:45.138Z","sell","maker"
"1.10300000","36.04000000","2023-06-11T15:10:43.503Z","sell","maker"
"1.10300000","18.01000000","2023-06-11T15:10:43.462Z","sell","maker"
"1.10300000","18.01000000","2023-06-11T15:10:43.462Z","sell","maker"
"1.10300000","18.01000000","2023-06-11T15:10:43.462Z","sell","maker"
"1.10300000","8.00000000","2023-06-11T15:10:43.462Z","sell","maker"
"1.13700000","0.74000000","2023-06-11T15:10:41.859Z","sell","maker"
"1.13700000","9.48000000","2023-06-11T15:10:38.738Z","sell","maker"
"1.13700000","13.31000000","2023-06-11T15:10:38.683Z","sell","maker"
"1.13700000","6.87000000","2023-06-11T15:10:38.667Z","sell","maker"
"1.13700000","9.03000000","2023-06-11T15:10:38.183Z","sell","maker"
"1.13700000","10.08000000","2023-06-11T15:10:38.179Z","sell","maker"
"1.13700000","10.48000000","2023-06-11T15:10:38.173Z","sell","maker"
"1.13700000","10.48000000","2023-06-11T15:10:38.173Z","sell","maker"
"1.13700000","10.48000000","2023-06-11T15:10:38.173Z","sell","maker"
"1.13700000","10.48000000","2023-06-11T15:10:38.173Z","sell","maker"
"1.17000000","18.73000000","2023-06-11T15:10:37.058Z","sell","maker"
"1.17000000","18.73000000","2023-06-11T15:10:37.058Z","sell","maker"
"1.17000000","18.73000000","2023-06-11T15:10:37.058Z","sell","maker"
"1.17000000","8.00000000","2023-06-11T15:10:37.058Z","sell","maker"
"1.17000000","20.43000000","2023-06-11T15:10:37.058Z","sell","maker"
"0.94900000","47.42000000","2023-06-11T15:10:36.286Z","buy","taker"
"0.95000000","99.85000000","2023-06-11T15:10:36.286Z","buy","taker"
"0.95800000","10.03000000","2023-06-11T15:10:36.286Z","buy","taker"
"0.95900000","10.03000000","2023-06-11T15:10:36.286Z","buy","taker"
"0.96200000","10.03000000","2023-06-11T15:10:36.286Z","buy","taker"
"0.96500000","10.03000000","2023-06-11T15:10:36.286Z","buy","taker"
"0.96600000","10.03000000","2023-06-11T15:10:36.286Z","buy","taker"
"0.97500000","7.66000000","2023-06-11T15:10:36.286Z","buy","taker"
"0.98200000","50.92000000","2023-06-11T15:10:36.286Z","buy","taker"
"0.98700000","10.53000000","2023-06-11T15:10:36.286Z","buy","taker"
"0.98900000","14.30000000","2023-06-11T15:10:36.286Z","buy","taker"
"1.00600000","10.53000000","2023-06-11T15:10:36.286Z","buy","taker"
"1.02600000","10.53000000","2023-06-11T15:10:36.286Z","buy","taker"
"1.03500000","156.08000000","2023-06-11T15:10:36.286Z","buy","taker"
"1.03600000","269.53000000","2023-06-11T15:10:36.286Z","buy","taker"
"1.03700000","10.53000000","2023-06-11T15:10:36.286Z","buy","taker"
"1.11300000","48.05000000","2023-06-11T15:10:36.286Z","buy","taker"
"1.40400000","227.06000000","2023-06-11T15:10:36.286Z","buy","taker"
"0.94500000","26.46000000","2023-06-11T15:05:06.872Z","sell","maker"
"0.94300000","2.21000000","2023-06-11T15:05:06.872Z","sell","maker"
"0.83500000","83.92000000","2023-06-11T15:05:06.872Z","sell","maker"
"0.82100000","100.00000000","2023-06-11T15:05:06.872Z","sell","maker"
"0.82100000","10.35000000","2023-06-11T15:05:06.872Z","sell","maker"
"0.56000000","89.29000000","2023-06-11T15:05:06.872Z","sell","maker"
"0.50000000","100.00000000","2023-06-11T15:05:06.872Z","sell","maker"
"0.47000000","106.38000000","2023-06-11T15:05:06.872Z","sell","maker"
"0.46000000","101.00000000","2023-06-11T15:05:06.872Z","sell","maker"
"0.34600000","29.33000000","2023-06-11T15:05:06.872Z","sell","maker"
"0.34100000","32.26000000","2023-06-11T15:05:06.872Z","sell","maker"
"0.33000000","75.00000000","2023-06-11T15:05:06.872Z","sell","maker"
"0.33000000","151.52000000","2023-06-11T15:05:06.872Z","sell","maker"
"0.30000000","16.67000000","2023-06-11T15:05:06.872Z","sell","maker"
"0.29000000","206.90000000","2023-06-11T15:05:06.872Z","sell","maker"
"0.28500000","176.04000000","2023-06-11T15:05:06.872Z","sell","maker"
"0.24200000","61.98000000","2023-06-11T15:05:06.872Z","sell","maker"
"0.24000000","1232.58000000","2023-06-11T15:05:06.872Z","sell","maker"
"0.96700000","14.63000000","2023-06-11T07:44:10.820Z","buy","taker"
"0.96900000","25.80000000","2023-06-11T07:41:16.868Z","buy","taker"
"0.90300000","2.68000000","2023-06-11T06:34:12.435Z","sell","maker"
"0.90300000","22.09000000","2023-06-11T06:34:12.435Z","sell","maker"
"0.90200000","10.36000000","2023-06-11T06:34:12.435Z","sell","maker"
"0.90000000","25.00000000","2023-06-11T06:34:12.435Z","sell","maker"
"0.83500000","736.67000000","2023-06-11T06:34:12.435Z","sell","maker"
"0.97700000","6.95000000","2023-06-11T05:03:18.959Z","buy","taker"
"0.97500000","9.86000000","2023-06-11T02:19:19.705Z","buy","taker"
"0.97500000","14.54000000","2023-06-11T02:19:19.705Z","buy","taker"
"0.96300000","5.60000000","2023-06-11T02:00:36.624Z","buy","taker"
"0.97200000","45.00000000","2023-06-11T00:07:00.856Z","buy","taker"
"0.94500000","3.50000000","2023-06-10T22:19:23.317Z","buy","taker"
"0.95000000","40.00000000","2023-06-10T20:20:12.189Z","sell","maker"
"0.95000000","3.77000000","2023-06-10T20:20:12.189Z","sell","maker"
"1.05000000","9.60000000","2023-06-10T18:35:24.779Z","buy","taker"
"1.05200000","6.15000000","2023-06-10T18:28:53.208Z","sell","maker"
"1.06000000","232.47000000","2023-06-10T18:28:50.586Z","sell","maker"
"1.06000000","519.39000000","2023-06-10T18:28:20.938Z","sell","maker"
"1.06000000","98.28000000","2023-06-10T18:22:11.183Z","sell","maker"
"1.06000000","17.05000000","2023-06-10T18:22:11.181Z","sell","maker"
"1.06000000","17.05000000","2023-06-10T18:22:11.181Z","sell","maker"
"1.04700000","15.33000000","2023-06-10T18:22:11.177Z","buy","taker"
"1.04800000","28.65000000","2023-06-10T18:22:11.177Z","buy","taker"
"1.05100000","15.17000000","2023-06-10T18:22:11.177Z","buy","taker"
"0.88600000","27.99000000","2023-06-10T17:12:14.844Z","sell","maker"
"0.88900000","8.57000000","2023-06-10T16:40:20.424Z","sell","maker"
"0.88300000","25.47000000","2023-06-10T16:40:20.424Z","sell","maker"
"0.97500000","10.25000000","2023-06-10T12:55:32.492Z","buy","taker"
"0.88600000","5.26000000","2023-06-10T12:43:59.891Z","sell","maker"
"1.02200000","9.78000000","2023-06-10T11:35:33.025Z","buy","taker"
"0.88400000","15.08000000","2023-06-10T11:07:30.075Z","sell","maker"
"0.88300000","53.17000000","2023-06-10T11:07:30.075Z","sell","maker"
"1.04700000","20.10000000","2023-06-10T06:22:26.900Z","buy","taker"
"1.05100000","13.27000000","2023-06-10T06:22:26.900Z","buy","taker"
"0.88300000","10.46000000","2023-06-10T05:59:31.670Z","sell","maker"
"0.88400000","10.11000000","2023-06-10T05:51:41.522Z","sell","maker"
"0.88400000","29.20000000","2023-06-10T05:51:41.522Z","sell","maker"
"0.88300000","19.69000000","2023-06-10T05:51:41.522Z","sell","maker"
"0.89900000","41.37000000","2023-06-10T05:48:39.820Z","sell","maker"
"0.88400000","24.13000000","2023-06-10T05:48:39.820Z","sell","maker"
"0.88300000","34.81000000","2023-06-10T05:48:39.820Z","sell","maker"
"0.95400000","117.52000000","2023-06-10T04:25:00.103Z","buy","taker"
"0.95400000","274.50000000","2023-06-10T04:25:00.103Z","buy","taker"
"0.95500000","430.24000000","2023-06-10T04:25:00.103Z","buy","taker"
"0.97300000","10.34000000","2023-06-10T04:24:16.255Z","buy","taker"
"0.97900000","44.89000000","2023-06-10T04:24:03.353Z","buy","taker"
"0.98500000","10.21000000","2023-06-10T04:23:54.518Z","buy","taker"
"0.98900000","10.12000000","2023-06-10T04:23:50.183Z","buy","taker"
"0.98900000","15.53000000","2023-06-10T04:23:50.134Z","buy","taker"
"0.98900000","38.08000000","2023-06-10T04:23:50.131Z","buy","taker"
"1.00000000","56.00000000","2023-06-10T04:23:50.126Z","sell","maker"
"1.00000000","225.50000000","2023-06-10T04:23:43.834Z","sell","maker"
"1.00000000","49.00000000","2023-06-10T04:23:43.834Z","sell","maker"
"1.00000000","274.50000000","2023-06-10T04:23:35.070Z","sell","maker"
"1.00600000","5.75000000","2023-06-10T04:23:25.112Z","sell","maker"
"1.00600000","2.06000000","2023-06-10T04:23:11.988Z","sell","maker"
"1.00600000","2.08000000","2023-06-10T04:23:10.114Z","buy","taker"
"1.00600000","9.96000000","2023-06-10T04:23:10.112Z","buy","taker"
"1.01300000","252.58000000","2023-06-10T04:23:10.109Z","sell","maker"
"1.01200000","9.88000000","2023-06-10T04:23:10.109Z","sell","maker"
"1.01300000","274.50000000","2023-06-10T04:22:59.755Z","sell","maker"
"1.01300000","274.50000000","2023-06-10T04:22:52.413Z","sell","maker"
"1.02200000","9.83000000","2023-06-10T04:22:20.616Z","buy","taker"
"1.02400000","26.78000000","2023-06-10T04:22:17.448Z","buy","taker"
"1.02600000","9.74000000","2023-06-10T04:22:16.115Z","sell","maker"
"1.03400000","24.07000000","2023-06-10T04:21:55.764Z","sell","maker"
"1.03500000","9.72000000","2023-06-10T04:21:47.347Z","buy","taker"
"1.03500000","9.66000000","2023-06-10T04:21:47.319Z","sell","maker"
"1.05900000","5.25000000","2023-06-10T03:20:18.018Z","buy","taker"
"1.04800000","9.60000000","2023-06-10T02:54:38.465Z","buy","taker"
"1.06100000","30.00000000","2023-06-10T02:19:39.390Z","buy","taker"
"1.06200000","2.06000000","2023-06-10T02:11:03.391Z","buy","taker"
"1.06000000","10.00000000","2023-06-10T02:01:54.156Z","buy","taker"
"1.06100000","117.52000000","2023-06-10T02:00:59.762Z","buy","taker"
"1.06200000","274.50000000","2023-06-10T02:00:59.762Z","buy","taker"
"1.06300000","440.98000000","2023-06-10T02:00:59.762Z","buy","taker"
"1.06200000","477.51000000","2023-06-10T02:00:48.976Z","buy","taker"
"1.06200000","274.50000000","2023-06-10T02:00:48.976Z","buy","taker"
"1.06200000","47.99000000","2023-06-10T02:00:48.976Z","buy","taker"
"1.05900000","117.52000000","2023-06-10T01:50:25.821Z","buy","taker"
"1.05900000","274.50000000","2023-06-10T01:50:25.821Z","buy","taker"
"1.06000000","407.98000000","2023-06-10T01:50:25.821Z","buy","taker"
"1.05900000","117.52000000","2023-06-10T01:50:17.094Z","buy","taker"
"1.05900000","274.50000000","2023-06-10T01:50:17.094Z","buy","taker"
"1.06000000","477.51000000","2023-06-10T01:50:17.094Z","buy","taker"
"1.06200000","130.47000000","2023-06-10T01:50:17.094Z","buy","taker"
"1.06000000","41.72000000","2023-06-10T01:50:13.744Z","sell","maker"
"1.06000000","19.81000000","2023-06-10T01:50:13.744Z","sell","maker"
"1.06400000","274.50000000","2023-06-10T01:50:06.262Z","buy","taker"
"1.06500000","34.91000000","2023-06-10T01:50:06.262Z","buy","taker"
"1.06700000","477.51000000","2023-06-10T01:50:06.262Z","buy","taker"
"1.06700000","117.52000000","2023-06-10T01:50:06.262Z","buy","taker"
"1.06900000","95.56000000","2023-06-10T01:50:06.262Z","buy","taker"
"1.06000000","35.38000000","2023-06-10T01:50:02.469Z","sell","maker"
"1.06200000","9.47000000","2023-06-10T01:48:56.024Z","buy","taker"
"1.07000000","198.72000000","2023-06-10T01:34:49.037Z","sell","maker"
"1.07000000","274.50000000","2023-06-10T01:34:40.035Z","sell","maker"
"1.07000000","274.50000000","2023-06-10T01:34:28.037Z","sell","maker"
"1.07700000","9.35000000","2023-06-10T01:01:04.578Z","buy","taker"
"1.07000000","9.35000000","2023-06-10T00:15:56.592Z","sell","maker"
"1.07000000","9.72000000","2023-06-10T00:15:56.592Z","sell","maker"
"1.07000000","8.89000000","2023-06-10T00:15:56.591Z","sell","maker"
"1.07000000","9.35000000","2023-06-10T00:15:55.369Z","sell","maker"
"1.07000000","9.47000000","2023-06-10T00:15:55.368Z","sell","maker"
"1.07000000","9.47000000","2023-06-10T00:15:55.367Z","sell","maker"
"1.09500000","0.91000000","2023-06-10T00:15:21.480Z","buy","taker"
"1.07000000","32.90000000","2023-06-10T00:02:32.229Z","sell","maker"
"1.09800000","1.83000000","2023-06-09T23:52:03.986Z","buy","taker"
"1.07000000","164.01000000","2023-06-09T23:22:45.621Z","sell","maker"
"1.07000000","121.77000000","2023-06-09T22:55:51.367Z","sell","maker"
"1.07000000","15.46000000","2023-06-09T22:50:00.177Z","sell","maker"
"1.06500000","49.64000000","2023-06-09T22:12:30.162Z","sell","maker"
"1.06500000","77.00000000","2023-06-09T22:08:18.228Z","sell","maker"
"1.06000000","60.00000000","2023-06-09T20:03:47.308Z","sell","maker"
"1.06000000","21.10000000","2023-06-09T19:54:15.059Z","sell","maker"
"1.06000000","30.48000000","2023-06-09T19:25:31.660Z","sell","maker"
"1.07000000","66.00000000","2023-06-09T14:09:26.491Z","sell","maker"
"1.08500000","118.04000000","2023-06-09T07:49:28.197Z","buy","taker"
"1.08500000","284.36000000","2023-06-09T07:49:28.197Z","buy","taker"
"1.08600000","455.01000000","2023-06-09T07:49:28.197Z","buy","taker"
"1.08600000","455.01000000","2023-06-09T07:49:28.197Z","buy","taker"
"1.08300000","118.04000000","2023-06-09T07:48:57.787Z","buy","taker"
"1.08300000","284.36000000","2023-06-09T07:48:57.787Z","buy","taker"
"1.08400000","52.61000000","2023-06-09T07:48:57.787Z","buy","taker"
"1.08100000","118.04000000","2023-06-09T07:48:51.725Z","buy","taker"
"1.08100000","284.36000000","2023-06-09T07:48:51.725Z","buy","taker"
"1.08200000","52.61000000","2023-06-09T07:48:51.725Z","buy","taker"
"1.07900000","118.04000000","2023-06-09T07:48:47.818Z","buy","taker"
"1.07900000","284.36000000","2023-06-09T07:48:47.818Z","buy","taker"
"1.08000000","286.08000000","2023-06-09T07:48:47.818Z","buy","taker"
"1.07700000","5.24000000","2023-06-09T07:37:13.042Z","sell","maker"
"1.07700000","9.15000000","2023-06-09T07:31:30.911Z","buy","taker"
"1.08200000","9.15000000","2023-06-09T07:08:11.887Z","sell","maker"
"1.09000000","9.00000000","2023-06-09T07:07:36.660Z","sell","maker"
"1.09000000","118.04000000","2023-06-09T07:07:36.660Z","sell","maker"
"1.08900000","284.36000000","2023-06-09T07:07:36.660Z","sell","maker"
"1.08900000","438.60000000","2023-06-09T07:07:36.660Z","sell","maker"
"1.09500000","8.38000000","2023-06-09T07:07:28.800Z","buy","taker"
"1.09600000","22.81000000","2023-06-09T07:07:13.251Z","sell","maker"
"1.10100000","168.79000000","2023-06-09T07:03:49.202Z","sell","maker"
"1.10100000","284.36000000","2023-06-09T07:03:43.201Z","sell","maker"
"1.10100000","284.36000000","2023-06-09T07:03:34.201Z","sell","maker"
"1.10200000","9.07000000","2023-06-09T07:02:04.187Z","sell","maker"
"1.10700000","9.00000000","2023-06-09T06:28:18.573Z","sell","maker"
"1.11300000","118.04000000","2023-06-09T05:29:22.393Z","sell","maker"
"1.11300000","284.36000000","2023-06-09T05:29:22.393Z","sell","maker"
"1.11200000","244.88000000","2023-06-09T05:29:22.393Z","sell","maker"
"1.11500000","9.01000000","2023-06-09T04:49:22.410Z","buy","taker"
"1.10700000","118.04000000","2023-06-09T04:28:41.469Z","sell","maker"
"1.10600000","209.46000000","2023-06-09T04:28:41.469Z","sell","maker"
"1.10300000","1813.23000000","2023-06-09T04:19:37.163Z","buy","taker"
"1.11800000","118.04000000","2023-06-09T04:19:35.810Z","sell","maker"
"1.11800000","284.36000000","2023-06-09T04:19:35.810Z","sell","maker"
"1.11700000","455.01000000","2023-06-09T04:19:35.810Z","sell","maker"
"1.11600000","455.01000000","2023-06-09T04:19:35.810Z","sell","maker"
"1.11100000","1158.91000000","2023-06-09T04:19:35.810Z","sell","maker"
"1.10600000","688.48000000","2023-06-09T04:19:35.810Z","sell","maker"
"1.10300000","24.36000000","2023-06-09T03:10:58.983Z","sell","maker"
"1.10500000","106.17000000","2023-06-09T03:03:56.830Z","sell","maker"
"1.10300000","143.04000000","2023-06-09T03:00:19.589Z","sell","maker"
"1.10900000","49.44000000","2023-06-09T02:56:10.343Z","sell","maker"
"1.10900000","9.01000000","2023-06-09T02:41:00.500Z","sell","maker"
"1.11100000","26.58000000","2023-06-09T02:40:04.009Z","sell","maker"
"1.12700000","12.35000000","2023-06-09T00:56:55.621Z","buy","taker"
"1.12700000","17.77000000","2023-06-09T00:56:55.393Z","buy","taker"
"1.13100000","25.81000000","2023-06-09T00:31:17.727Z","buy","taker"
"1.13100000","6.66000000","2023-06-09T00:30:21.446Z","buy","taker"
"1.13100000","8.77000000","2023-06-09T00:30:21.244Z","buy","taker"
"1.13200000","9.72000000","2023-06-09T00:30:11.336Z","sell","maker"
"1.14200000","455.01000000","2023-06-08T21:00:45.845Z","sell","maker"
"1.14200000","118.04000000","2023-06-08T21:00:45.845Z","sell","maker"
"1.14200000","49.16000000","2023-06-08T21:00:45.845Z","sell","maker"
"1.13800000","2.34000000","2023-06-08T17:20:47.712Z","buy","taker"
"1.15000000","1.10000000","2023-06-08T16:23:44.768Z","sell","maker"
"1.14800000","12.22000000","2023-06-08T15:56:53.437Z","sell","maker"
"1.14800000","17.48000000","2023-06-08T15:56:53.211Z","sell","maker"
"1.13300000","17.66000000","2023-06-08T14:32:03.027Z","buy","taker"
"1.13200000","97.46000000","2023-06-08T14:13:29.670Z","sell","maker"
"1.12000000","9.94000000","2023-06-08T10:44:55.343Z","sell","maker"
"1.11400000","23.08000000","2023-06-08T07:33:11.494Z","buy","taker"
"1.10500000","61.30000000","2023-06-08T06:09:56.192Z","sell","maker"
"1.11000000","9.00000000","2023-06-08T05:51:50.234Z","sell","maker"
"1.11300000","4.51000000","2023-06-08T05:05:42.198Z","sell","maker"
"1.11400000","31.42000000","2023-06-08T04:59:13.887Z","buy","taker"
"1.11400000","0.96000000","2023-06-08T04:59:12.965Z","buy","taker"
"1.11400000","269.29000000","2023-06-08T03:29:12.313Z","sell","maker"
"1.11500000","2.52000000","2023-06-08T03:28:32.912Z","sell","maker"
"1.11500000","2.48000000","2023-06-08T03:03:38.811Z","sell","maker"
"1.11500000","6.44000000","2023-06-08T03:03:38.811Z","sell","maker"
"1.13200000","0.56000000","2023-06-08T02:48:44.346Z","sell","maker"
"1.13200000","8.06000000","2023-06-08T02:39:24.339Z","sell","maker"
"1.14500000","15.01000000","2023-06-08T00:43:10.890Z","buy","taker"
"1.14500000","10.41000000","2023-06-08T00:43:10.888Z","buy","taker"
"1.15000000","8.62000000","2023-06-07T23:31:52.506Z","sell","maker"
"1.13900000","29.12000000","2023-06-07T23:14:36.214Z","sell","maker"
"1.16400000","17.72000000","2023-06-07T23:03:23.737Z","buy","taker"
"1.11600000","0.61000000","2023-06-07T23:02:54.862Z","sell","maker"
"1.11500000","6.11000000","2023-06-07T23:02:54.862Z","sell","maker"
"1.12100000","9.18000000","2023-06-07T23:02:54.851Z","buy","taker"
"1.12100000","9.18000000","2023-06-07T23:02:54.851Z","buy","taker"
"1.12100000","9.18000000","2023-06-07T23:02:54.851Z","buy","taker"
"1.12100000","8.27000000","2023-06-07T23:02:54.851Z","buy","taker"
"1.11600000","8.35000000","2023-06-07T23:02:23.935Z","sell","maker"
"1.12100000","8.71000000","2023-06-07T23:02:23.922Z","buy","taker"
"1.12100000","7.47000000","2023-06-07T23:02:23.922Z","buy","taker"
"1.12100000","8.71000000","2023-06-07T23:02:23.921Z","buy","taker"
"1.12100000","8.71000000","2023-06-07T23:02:23.921Z","buy","taker"
"1.12100000","2.17000000","2023-06-07T23:02:21.583Z","buy","taker"
"1.12100000","2.17000000","2023-06-07T23:02:21.583Z","buy","taker"
"1.12100000","2.17000000","2023-06-07T23:02:21.582Z","buy","taker"
"1.12100000","2.17000000","2023-06-07T23:02:21.582Z","buy","taker"
"1.12200000","8.91000000","2023-06-07T23:02:21.578Z","sell","maker"
"1.20200000","30.12000000","2023-06-07T23:02:09.590Z","sell","maker"
"1.20200000","30.12000000","2023-06-07T23:02:09.590Z","sell","maker"
"1.20200000","9.04000000","2023-06-07T23:02:09.590Z","sell","maker"
"1.20200000","17.96000000","2023-06-07T23:02:09.586Z","buy","taker"
"1.14000000","25.00000000","2023-06-07T22:59:43.690Z","buy","taker"
"1.14100000","8.56000000","2023-06-07T22:55:06.331Z","sell","maker"