"price","volume","time","side","orderType"
"7.97000000","0.26000000","2024-06-11T22:27:13.121Z","buy","taker"
"7.99000000","6.26000000","2024-06-11T21:03:38.033Z","buy","taker"
"8.00000000","232.31000000","2024-06-11T21:03:38.033Z","buy","taker"
"7.99000000","1.38000000","2024-06-11T18:44:06.720Z","sell","maker"
"7.98000000","16.48000000","2024-06-11T18:36:49.850Z","buy","taker"
"7.99000000","43.52000000","2024-06-11T18:36:49.850Z","buy","taker"
"7.76000000","17.37000000","2024-06-11T17:22:45.754Z","sell","maker"
"7.80000000","3.45000000","2024-06-11T15:41:46.525Z","buy","taker"
"7.80000000","34.73000000","2024-06-11T15:40:59.096Z","sell","maker"
"7.80000000","16.55000000","2024-06-11T15:40:59.096Z","sell","maker"
"8.00000000","2.18000000","2024-06-11T15:27:39.942Z","buy","taker"
"7.94000000","9.63000000","2024-06-11T15:21:38.383Z","sell","maker"
"7.96000000","1.01000000","2024-06-11T13:48:01.830Z","buy","taker"
"7.90000000","18.04000000","2024-06-11T13:38:56.660Z","buy","taker"
"7.97000000","269.46000000","2024-06-11T13:38:55.657Z","sell","maker"
"7.89000000","67.98000000","2024-06-11T13:38:55.657Z","sell","maker"
"7.88000000","5.64000000","2024-06-11T13:38:55.657Z","sell","maker"
"7.88000000","12.19000000","2024-06-11T13:38:55.657Z","sell","maker"
"7.85000000","1.86000000","2024-06-11T13:38:55.657Z","sell","maker"
"7.82000000","18.04000000","2024-06-11T13:38:55.657Z","sell","maker"
"8.16000000","367.17000000","2024-06-11T13:37:55.000Z","sell","maker"
"8.16000000","0.47000000","2024-06-11T13:37:34.762Z","sell","maker"
"8.16000000","12.72000000","2024-06-11T08:00:17.302Z","buy","taker"
"8.19000000","1.22000000","2024-06-11T07:00:14.670Z","buy","taker"
"8.00000000","2.06000000","2024-06-11T06:57:00.925Z","sell","maker"
"8.00000000","12.50000000","2024-06-11T06:57:00.925Z","sell","maker"
"7.97000000","16.91000000","2024-06-11T06:57:00.925Z","sell","maker"
"8.00000000","0.50000000","2024-06-11T06:57:00.053Z","sell","maker"
"8.00000000","0.56000000","2024-06-11T06:56:27.181Z","sell","maker"
"8.15000000","0.18000000","2024-06-11T04:48:27.795Z","buy","taker"
"8.08000000","3.44000000","2024-06-11T04:33:31.357Z","sell","maker"
"8.08000000","0.51000000","2024-06-11T04:33:28.720Z","sell","maker"
"8.08000000","0.51000000","2024-06-11T04:26:33.914Z","sell","maker"
"8.08000000","0.16000000","2024-06-11T04:26:32.574Z","sell","maker"
"8.08000000","0.37000000","2024-06-11T04:26:31.640Z","sell","maker"
"8.08000000","0.51000000","2024-06-11T04:26:30.932Z","sell","maker"
"8.15000000","14.31000000","2024-06-11T03:39:05.448Z","sell","maker"
"8.15000000","0.52000000","2024-06-11T03:38:45.352Z","sell","maker"
"8.15000000","0.52000000","2024-06-11T03:38:30.648Z","sell","maker"
"8.20000000","15.35000000","2024-06-11T03:03:48.857Z","buy","taker"
"8.22000000","15.10000000","2024-06-11T03:03:48.857Z","buy","taker"
"8.19000000","0.18000000","2024-06-11T02:34:57.058Z","buy","taker"
"8.15000000","0.27000000","2024-06-11T02:18:17.539Z","sell","maker"
"8.15000000","0.54000000","2024-06-11T02:18:17.001Z","sell","maker"
"8.15000000","0.54000000","2024-06-11T02:15:55.068Z","sell","maker"
"8.15000000","32.56000000","2024-06-11T01:54:22.449Z","buy","taker"
"8.15000000","43.11000000","2024-06-11T01:53:04.548Z","sell","maker"
"8.15000000","0.47000000","2024-06-11T01:53:03.754Z","sell","maker"
"8.15000000","33.98000000","2024-06-11T01:53:03.110Z","sell","maker"
"8.15000000","0.55000000","2024-06-11T01:53:02.897Z","sell","maker"
"8.15000000","9.97000000","2024-06-11T01:53:01.210Z","sell","maker"
"8.15000000","13.91000000","2024-06-11T01:53:01.210Z","sell","maker"
"8.18000000","7.30000000","2024-06-11T01:52:59.598Z","sell","maker"
"8.15000000","5.38000000","2024-06-11T01:52:59.598Z","sell","maker"
"8.18000000","8.86000000","2024-06-11T01:52:58.180Z","sell","maker"
"8.20000000","7.98000000","2024-06-11T01:52:56.608Z","sell","maker"
"8.18000000","0.32000000","2024-06-11T01:52:56.608Z","sell","maker"
"8.22000000","0.87000000","2024-06-11T01:52:54.530Z","sell","maker"
"8.20000000","7.28000000","2024-06-11T01:52:54.530Z","sell","maker"
"8.25000000","14.61000000","2024-06-11T01:52:52.642Z","sell","maker"
"8.22000000","0.59000000","2024-06-11T01:52:52.642Z","sell","maker"
"8.25000000","0.55000000","2024-06-11T01:52:36.796Z","sell","maker"
"8.31000000","1.32000000","2024-06-11T01:34:39.142Z","buy","taker"
"8.31000000","2.43000000","2024-06-11T01:33:24.569Z","buy","taker"
"8.26000000","41.00000000","2024-06-11T00:21:31.433Z","sell","maker"
"8.27000000","30.21000000","2024-06-10T22:34:27.522Z","sell","maker"
"8.27000000","28.00000000","2024-06-10T22:34:06.941Z","sell","maker"
"8.34000000","0.28000000","2024-06-10T20:12:14.187Z","buy","taker"
"8.30000000","14.11000000","2024-06-10T20:12:04.360Z","sell","maker"
"8.30000000","0.48000000","2024-06-10T20:11:44.163Z","sell","maker"
"8.30000000","0.48000000","2024-06-10T20:11:20.760Z","sell","maker"
"8.35000000","14.49000000","2024-06-10T19:56:38.667Z","sell","maker"
"8.35000000","0.49000000","2024-06-10T19:56:18.518Z","sell","maker"
"8.40000000","12.69000000","2024-06-10T19:07:19.889Z","sell","maker"
"8.40000000","0.50000000","2024-06-10T19:07:15.623Z","sell","maker"
"8.40000000","0.50000000","2024-06-10T19:07:06.719Z","sell","maker"
"8.40000000","0.50000000","2024-06-10T18:35:30.469Z","sell","maker"
"8.49000000","0.28000000","2024-06-10T18:19:13.475Z","buy","taker"
"8.45000000","13.05000000","2024-06-10T16:25:54.705Z","sell","maker"
"8.45000000","0.52000000","2024-06-10T16:25:51.645Z","sell","maker"
"8.45000000","0.52000000","2024-06-10T16:25:31.295Z","sell","maker"
"8.45000000","0.20000000","2024-06-10T16:14:55.805Z","sell","maker"
"8.45000000","0.52000000","2024-06-10T16:14:48.304Z","sell","maker"
"8.50000000","13.43000000","2024-06-10T15:19:11.102Z","buy","taker"
"8.40000000","0.50000000","2024-06-10T14:15:56.776Z","sell","maker"
"8.40000000","0.20000000","2024-06-10T14:15:40.782Z","sell","maker"
"8.45000000","14.89000000","2024-06-10T14:04:44.952Z","buy","taker"
"8.44000000","0.37000000","2024-06-10T13:43:20.290Z","sell","maker"
"8.44000000","0.49000000","2024-06-10T13:42:19.922Z","sell","maker"
"8.44000000","0.32000000","2024-06-10T13:42:19.914Z","buy","taker"
"8.40000000","14.98000000","2024-06-10T13:36:28.715Z","buy","taker"
"8.35000000","3.12000000","2024-06-10T13:05:32.616Z","sell","maker"
"8.35000000","5.93000000","2024-06-10T13:05:32.516Z","sell","maker"
"8.35000000","5.93000000","2024-06-10T13:05:25.193Z","sell","maker"
"8.39000000","1.31000000","2024-06-10T12:46:34.880Z","buy","taker"
"8.40000000","2.87000000","2024-06-10T12:34:34.401Z","sell","maker"
"8.40000000","12.02000000","2024-06-10T12:34:33.140Z","sell","maker"
"8.49000000","19.23000000","2024-06-10T11:42:38.883Z","buy","taker"
"8.50000000","1.38000000","2024-06-10T11:42:38.883Z","buy","taker"
"8.45000000","14.89000000","2024-06-10T09:47:11.547Z","buy","taker"
"8.36000000","51.07000000","2024-06-10T09:21:39.596Z","sell","maker"
"8.40000000","14.98000000","2024-06-10T09:11:52.491Z","buy","taker"
"8.35000000","15.07000000","2024-06-10T08:19:38.178Z","buy","taker"
"8.30000000","15.16000000","2024-06-10T08:14:35.613Z","buy","taker"
"8.25000000","13.84000000","2024-06-10T07:57:21.249Z","sell","maker"
"8.25000000","0.44000000","2024-06-10T07:57:01.085Z","sell","maker"
"8.25000000","0.44000000","2024-06-10T07:56:44.257Z","sell","maker"
"8.25000000","0.44000000","2024-06-10T07:54:46.964Z","sell","maker"
"8.28000000","3.61000000","2024-06-10T07:47:55.561Z","sell","maker"
"8.28000000","0.44000000","2024-06-10T07:47:35.458Z","sell","maker"
"8.28000000","0.44000000","2024-06-10T07:47:22.435Z","sell","maker"
"8.28000000","0.44000000","2024-06-10T07:47:08.815Z","sell","maker"
"8.28000000","0.44000000","2024-06-10T07:45:37.939Z","sell","maker"
"8.30000000","1.02000000","2024-06-10T07:38:42.829Z","sell","maker"
"8.30000000","1.67000000","2024-06-10T07:38:42.829Z","sell","maker"
"8.30000000","0.45000000","2024-06-10T07:38:22.764Z","sell","maker"
"8.30000000","14.61000000","2024-06-10T07:10:34.364Z","sell","maker"
"8.30000000","0.46000000","2024-06-10T07:10:29.517Z","sell","maker"
"8.35000000","14.50000000","2024-06-10T07:05:05.461Z","sell","maker"
"8.35000000","0.48000000","2024-06-10T07:04:04.948Z","sell","maker"
"8.40000000","14.40000000","2024-06-10T05:47:43.123Z","sell","maker"
"8.40000000","0.60000000","2024-06-10T05:47:43.123Z","sell","maker"
"8.40000000","0.49000000","2024-06-10T05:47:22.979Z","sell","maker"
"8.45000000","13.81000000","2024-06-10T04:12:58.247Z","sell","maker"
"8.45000000","0.50000000","2024-06-10T04:12:38.102Z","sell","maker"
"8.45000000","0.50000000","2024-06-10T04:12:17.344Z","sell","maker"
"8.50000000","1.76000000","2024-06-10T03:46:37.525Z","sell","maker"
"8.50000000","0.50000000","2024-06-10T03:46:17.373Z","sell","maker"
"8.53000000","144.35000000","2024-06-10T03:27:32.574Z","buy","taker"
"8.52000000","3.05000000","2024-06-10T03:14:46.298Z","buy","taker"
"8.52000000","17.52000000","2024-06-10T01:28:14.143Z","sell","maker"
"8.56000000","31.59000000","2024-06-10T01:25:44.323Z","buy","taker"
"8.56000000","10.83000000","2024-06-10T01:25:12.442Z","buy","taker"
"8.55000000","14.30000000","2024-06-10T00:49:22.389Z","sell","maker"
"8.55000000","0.33000000","2024-06-10T00:49:15.030Z","sell","maker"
"8.57000000","1.21000000","2024-06-10T00:21:24.534Z","sell","maker"
"8.60000000","14.63000000","2024-06-09T23:55:01.887Z","buy","taker"
"8.61000000","1.57000000","2024-06-09T23:55:01.887Z","buy","taker"
"8.57000000","13.72000000","2024-06-09T23:17:09.982Z","buy","taker"
"8.54000000","90.67000000","2024-06-09T22:56:48.356Z","sell","maker"
"8.53000000","1.17000000","2024-06-09T21:21:40.429Z","sell","maker"
"8.53000000","1.17000000","2024-06-09T21:20:17.034Z","sell","maker"
"8.56000000","5.26000000","2024-06-09T21:17:54.624Z","buy","taker"
"8.50000000","10.64000000","2024-06-09T20:46:36.078Z","sell","maker"
"8.50000000","1.82000000","2024-06-09T20:45:08.807Z","sell","maker"
"8.52000000","196.68000000","2024-06-09T20:42:54.895Z","buy","taker"
"8.54000000","77.35000000","2024-06-09T20:23:11.882Z","buy","taker"
"8.54000000","100.58000000","2024-06-09T20:22:16.047Z","buy","taker"
"8.53000000","58.47000000","2024-06-09T19:51:44.825Z","buy","taker"
"8.57000000","174.82000000","2024-06-09T19:49:06.129Z","buy","taker"
"8.58000000","44.60000000","2024-06-09T19:45:45.982Z","buy","taker"
"8.55000000","14.27000000","2024-06-09T19:44:51.427Z","sell","maker"
"8.55000000","0.36000000","2024-06-09T19:44:31.274Z","sell","maker"
"8.59000000","44.55000000","2024-06-09T19:34:34.540Z","buy","taker"
"8.60000000","44.50000000","2024-06-09T19:33:40.528Z","buy","taker"
"8.60000000","11.56000000","2024-06-09T19:31:05.521Z","sell","maker"
"8.60000000","0.45000000","2024-06-09T19:30:45.425Z","sell","maker"
"8.60000000","0.45000000","2024-06-09T19:27:23.783Z","sell","maker"
"8.60000000","0.45000000","2024-06-09T19:27:10.337Z","sell","maker"
"8.60000000","1.64000000","2024-06-09T19:21:45.794Z","sell","maker"
"8.59000000","51.40000000","2024-06-09T19:19:56.949Z","sell","maker"
"8.60000000","51.61000000","2024-06-09T19:15:02.545Z","buy","taker"
"8.59000000","1.44000000","2024-06-09T19:14:23.020Z","buy","taker"
"8.61000000","85.58000000","2024-06-09T19:14:23.020Z","buy","taker"
"8.55000000","5.36000000","2024-06-09T19:06:06.711Z","buy","taker"
"8.50000000","14.72000000","2024-06-09T18:53:14.477Z","buy","taker"
"8.45000000","59.44000000","2024-06-09T16:51:07.479Z","sell","maker"
"8.45000000","0.56000000","2024-06-09T16:50:47.330Z","sell","maker"
"8.49000000","57.42000000","2024-06-09T16:40:45.131Z","buy","taker"
"8.45000000","16.48000000","2024-06-09T14:18:28.236Z","buy","taker"
"8.45000000","14.81000000","2024-06-09T14:18:28.236Z","buy","taker"
"8.43000000","1.44000000","2024-06-09T14:09:21.632Z","buy","taker"
"8.42000000","12.57000000","2024-06-09T14:08:41.336Z","buy","taker"
"8.40000000","14.04000000","2024-06-09T12:51:18.514Z","buy","taker"
"8.40000000","0.85000000","2024-06-09T12:50:58.369Z","buy","taker"
"8.35000000","14.98000000","2024-06-09T12:40:41.817Z","buy","taker"
"8.34000000","5.49000000","2024-06-09T12:39:47.172Z","buy","taker"
"8.30000000","4.94000000","2024-06-09T10:13:50.319Z","buy","taker"
"8.30000000","10.13000000","2024-06-09T10:13:30.167Z","buy","taker"
"8.25000000","6.49000000","2024-06-09T09:21:38.603Z","sell","maker"
"8.25000000","15.16000000","2024-06-09T06:52:26.165Z","buy","taker"
"8.20000000","15.35000000","2024-06-09T06:06:41.994Z","buy","taker"
"8.15000000","15.45000000","2024-06-09T05:25:36.422Z","buy","taker"
"8.10000000","14.47000000","2024-06-09T05:08:00.187Z","sell","maker"
"8.10000000","0.49000000","2024-06-09T05:07:55.937Z","sell","maker"
"8.10000000","0.49000000","2024-06-09T05:07:26.995Z","sell","maker"
"8.15000000","15.45000000","2024-06-09T04:22:19.777Z","buy","taker"
"8.05000000","0.48000000","2024-06-09T03:25:33.398Z","sell","maker"
"8.05000000","0.48000000","2024-06-09T03:25:18.481Z","sell","maker"
"8.13000000","3.00000000","2024-06-09T03:22:19.683Z","buy","taker"
"8.10000000","12.51000000","2024-06-09T02:25:37.021Z","sell","maker"
"8.10000000","0.49000000","2024-06-09T02:25:16.875Z","sell","maker"
"8.10000000","0.49000000","2024-06-09T02:24:16.339Z","sell","maker"
"8.10000000","0.49000000","2024-06-09T02:24:09.802Z","sell","maker"
"8.10000000","0.49000000","2024-06-09T02:22:39.571Z","sell","maker"
"8.10000000","0.49000000","2024-06-09T02:22:26.809Z","sell","maker"
"8.10000000","0.49000000","2024-06-09T02:21:57.674Z","sell","maker"
"8.15000000","14.23000000","2024-06-09T01:33:50.092Z","buy","taker"
"8.15000000","1.22000000","2024-06-09T00:28:07.184Z","buy","taker"
"8.10000000","14.94000000","2024-06-08T21:09:35.477Z","sell","maker"
"8.10000000","12.34000000","2024-06-08T21:09:35.477Z","sell","maker"
"8.10000000","0.51000000","2024-06-08T21:09:15.328Z","sell","maker"
"8.13000000","22.72000000","2024-06-08T20:51:35.882Z","buy","taker"
"8.19000000","19.40000000","2024-06-08T20:46:50.731Z","buy","taker"
"8.17000000","24.06000000","2024-06-08T20:45:11.145Z","buy","taker"
"8.17000000","1.41000000","2024-06-08T20:19:38.859Z","buy","taker"
"8.16000000","12.65000000","2024-06-08T19:00:11.013Z","buy","taker"
"8.15000000","15.45000000","2024-06-08T18:07:50.064Z","buy","taker"
"8.05000000","0.57000000","2024-06-08T17:35:11.824Z","sell","maker"
"8.05000000","0.29000000","2024-06-08T17:34:55.186Z","sell","maker"
"8.05000000","0.31000000","2024-06-08T17:34:35.617Z","sell","maker"
"8.10000000","14.20000000","2024-06-08T17:03:04.649Z","sell","maker"
"8.10000000","0.58000000","2024-06-08T17:02:57.693Z","sell","maker"
"8.10000000","0.19000000","2024-06-08T17:02:31.045Z","sell","maker"
"8.10000000","0.48000000","2024-06-08T17:02:14.769Z","sell","maker"
"8.15000000","5.23000000","2024-06-08T16:16:24.518Z","sell","maker"
"8.15000000","2.21000000","2024-06-08T16:16:14.380Z","sell","maker"
"8.15000000","0.58000000","2024-06-08T16:16:11.097Z","sell","maker"
"8.15000000","0.58000000","2024-06-08T16:16:04.355Z","sell","maker"
"8.15000000","0.24000000","2024-06-08T16:15:43.952Z","sell","maker"
"8.15000000","0.61000000","2024-06-08T16:15:34.187Z","sell","maker"
"8.15000000","0.58000000","2024-06-08T16:15:24.161Z","sell","maker"
"8.15000000","1.52000000","2024-06-08T16:15:24.119Z","sell","maker"
"8.15000000","3.80000000","2024-06-08T16:15:13.133Z","sell","maker"
"8.18000000","6.19000000","2024-06-08T16:11:43.059Z","buy","taker"
"8.19000000","6.00000000","2024-06-08T16:11:43.059Z","buy","taker"
"8.19000000","9.78000000","2024-06-08T16:06:20.766Z","buy","taker"
"8.20000000","14.49000000","2024-06-08T16:06:20.766Z","buy","taker"
"8.24000000","1.83000000","2024-06-08T15:00:21.842Z","buy","taker"
"8.20000000","15.26000000","2024-06-08T14:49:57.599Z","buy","taker"
"8.11000000","12.63000000","2024-06-08T13:58:12.586Z","sell","maker"
"8.15000000","15.35000000","2024-06-08T13:45:07.486Z","buy","taker"
"8.15000000","9.24000000","2024-06-08T13:45:07.486Z","buy","taker"
"8.10000000","16.98000000","2024-06-08T13:41:58.893Z","buy","taker"
"8.03000000","13.17000000","2024-06-08T13:41:56.716Z","sell","maker"
"8.08000000","2.57000000","2024-06-08T13:17:03.101Z","sell","maker"
"8.08000000","0.59000000","2024-06-08T13:14:30.279Z","sell","maker"
"8.08000000","0.59000000","2024-06-08T13:12:05.901Z","sell","maker"
"8.08000000","0.59000000","2024-06-08T13:11:59.024Z","sell","maker"
"8.08000000","0.18000000","2024-06-08T13:09:38.203Z","sell","maker"
"8.08000000","0.18000000","2024-06-08T13:09:38.162Z","sell","maker"
"8.08000000","0.18000000","2024-06-08T13:09:37.149Z","sell","maker"
"8.08000000","0.18000000","2024-06-08T13:09:34.655Z","sell","maker"
"8.08000000","0.44000000","2024-06-08T13:09:29.558Z","sell","maker"
"8.10000000","0.02000000","2024-06-08T13:07:54.505Z","sell","maker"
"8.10000000","0.59000000","2024-06-08T13:07:46.580Z","sell","maker"
"8.18000000","15.15000000","2024-06-08T11:54:08.168Z","sell","maker"
"8.18000000","0.38000000","2024-06-08T11:54:04.146Z","sell","maker"
"8.18000000","0.95000000","2024-06-08T11:53:56.577Z","sell","maker"
"8.20000000","0.10000000","2024-06-08T11:53:20.661Z","sell","maker"
"8.20000000","1.50000000","2024-06-08T11:51:44.653Z","sell","maker"
"8.28000000","1.85000000","2024-06-08T11:33:13.971Z","sell","maker"
"8.28000000","3.52000000","2024-06-08T11:33:13.963Z","sell","maker"
"8.29000000","3.71000000","2024-06-08T11:21:39.318Z","sell","maker"
"8.37000000","0.60000000","2024-06-08T11:09:31.467Z","sell","maker"
"8.47000000","50.00000000","2024-06-08T09:31:59.893Z","buy","taker"
"8.54000000","2.15000000","2024-06-08T07:27:24.906Z","buy","taker"
"8.48000000","2.35000000","2024-06-08T06:21:24.702Z","buy","taker"
"8.50000000","0.81000000","2024-06-08T04:49:46.885Z","sell","maker"
"8.50000000","0.96000000","2024-06-08T04:49:26.746Z","sell","maker"
"8.50000000","0.66000000","2024-06-08T04:49:26.731Z","sell","maker"
"8.50000000","0.96000000","2024-06-08T04:49:23.462Z","sell","maker"
"8.50000000","2.39000000","2024-06-08T04:49:18.412Z","sell","maker"
"8.50000000","5.98000000","2024-06-08T04:49:10.056Z","sell","maker"
"8.53000000","2.14000000","2024-06-08T02:58:09.921Z","buy","taker"
"8.60000000","23.23000000","2024-06-07T21:28:47.785Z","buy","taker"
"8.49000000","162.09000000","2024-06-07T20:37:43.262Z","sell","maker"
"8.54000000","3.86000000","2024-06-07T19:46:33.934Z","buy","taker"
"8.55000000","5.37000000","2024-06-07T19:38:49.113Z","buy","taker"
"8.54000000","1.56000000","2024-06-07T19:38:43.372Z","buy","taker"
"8.47000000","18.95000000","2024-06-07T19:18:30.303Z","buy","taker"
"8.48000000","11.79000000","2024-06-07T18:59:26.555Z","buy","taker"
"8.36000000","27.76000000","2024-06-07T18:45:52.350Z","sell","maker"
"8.45000000","16.48000000","2024-06-07T18:29:23.303Z","buy","taker"
"8.35000000","0.22000000","2024-06-07T18:22:09.034Z","buy","taker"
"8.34000000","5.49000000","2024-06-07T18:22:00.839Z","buy","taker"
"8.32000000","2.13000000","2024-06-07T18:21:50.563Z","buy","taker"
"8.30000000","2.57000000","2024-06-07T18:21:36.148Z","buy","taker"
"8.28000000","1.26000000","2024-06-07T18:21:26.000Z","buy","taker"
"8.19000000","1.03000000","2024-06-07T18:19:42.131Z","sell","maker"
"8.19000000","1.47000000","2024-06-07T18:19:30.134Z","sell","maker"
"8.08000000","4.46000000","2024-06-07T18:16:07.037Z","sell","maker"
"8.08000000","0.52000000","2024-06-07T18:16:06.473Z","sell","maker"
"8.08000000","0.52000000","2024-06-07T18:16:01.837Z","sell","maker"
"8.09000000","0.16000000","2024-06-07T18:15:13.800Z","sell","maker"
"8.09000000","0.39000000","2024-06-07T18:15:12.916Z","sell","maker"
"8.09000000","0.52000000","2024-06-07T18:15:12.194Z","sell","maker"
"8.09000000","0.40000000","2024-06-07T18:15:03.122Z","sell","maker"
"8.20000000","0.21000000","2024-06-07T18:14:33.115Z","sell","maker"
"8.20000000","1.07000000","2024-06-07T18:14:20.747Z","sell","maker"
"8.20000000","1.07000000","2024-06-07T18:14:16.892Z","sell","maker"
"8.36000000","1.90000000","2024-06-07T18:12:09.974Z","buy","taker"
"8.37000000","7.06000000","2024-06-07T18:12:09.974Z","buy","taker"
"8.36000000","1.68000000","2024-06-07T18:08:33.770Z","sell","maker"
"8.34000000","5.49000000","2024-06-07T18:07:15.593Z","buy","taker"
"8.26000000","1.19000000","2024-06-07T18:05:30.542Z","buy","taker"
"8.26000000","5.22000000","2024-06-07T18:05:30.542Z","buy","taker"
"8.01000000","0.50000000","2024-06-07T18:05:16.702Z","sell","maker"
"8.01000000","0.53000000","2024-06-07T18:05:15.763Z","sell","maker"
"8.62000000","15.64000000","2024-06-07T18:05:00.060Z","sell","maker"
"8.50000000","2.94000000","2024-06-07T18:05:00.060Z","sell","maker"
"8.50000000","25.88000000","2024-06-07T18:05:00.060Z","sell","maker"
"8.49000000","5.24000000","2024-06-07T18:05:00.060Z","sell","maker"
"8.49000000","0.17000000","2024-06-07T18:05:00.060Z","sell","maker"
"8.40000000","16.05000000","2024-06-07T18:05:00.060Z","sell","maker"
"8.28000000","5.37000000","2024-06-07T18:05:00.060Z","sell","maker"
"8.24000000","8.79000000","2024-06-07T18:05:00.060Z","sell","maker"
"8.23000000","25.00000000","2024-06-07T18:05:00.060Z","sell","maker"
"8.18000000","16.48000000","2024-06-07T18:05:00.060Z","sell","maker"
"8.08000000","5.50000000","2024-06-07T18:05:00.060Z","sell","maker"
"8.68000000","0.14000000","2024-06-07T18:04:02.199Z","sell","maker"
"8.68000000","0.64000000","2024-06-07T18:04:01.623Z","sell","maker"
"8.68000000","0.64000000","2024-06-07T18:04:00.325Z","sell","maker"
"8.70000000","0.48000000","2024-06-07T18:03:05.746Z","sell","maker"
"8.70000000","0.43000000","2024-06-07T18:03:04.104Z","sell","maker"
"8.70000000","0.51000000","2024-06-07T18:03:03.564Z","sell","maker"
"8.70000000","0.44000000","2024-06-07T18:03:02.896Z","sell","maker"
"8.70000000","0.65000000","2024-06-07T18:03:02.237Z","sell","maker"
"8.70000000","0.65000000","2024-06-07T18:02:12.949Z","sell","maker"
"8.70000000","0.42000000","2024-06-07T18:02:07.683Z","sell","maker"