"price","volume","time","side","orderType"
"9.57000000","60.97000000","2024-05-27T19:12:31.408Z","sell","maker"
"9.56000000","0.69400000","2024-05-27T19:12:17.104Z","sell","maker"
"9.56000000","104.60200000","2024-05-27T19:12:13.976Z","buy","maker"
"9.56000000","104.60200000","2024-05-27T19:12:13.976Z","buy","maker"
"9.57000000","104.49300000","2024-05-27T19:11:22.220Z","buy","maker"
"9.57000000","0.69400000","2024-05-27T19:11:22.220Z","buy","maker"
"9.57000000","104.49300000","2024-05-27T19:11:22.220Z","buy","maker"
"9.57000000","104.53200000","2024-05-27T19:11:10.882Z","sell","maker"
"9.57000000","104.53200000","2024-05-27T19:11:10.182Z","sell","maker"
"9.57000000","103.48100000","2024-05-27T19:11:09.914Z","sell","maker"
"9.57000000","1.03500000","2024-05-27T19:11:07.021Z","sell","maker"
"9.56000000","0.71500000","2024-05-27T19:10:38.619Z","sell","maker"
"9.57000000","34.78200000","2024-05-27T19:10:35.554Z","buy","maker"
"9.57000000","19.57300000","2024-05-27T19:10:35.554Z","buy","maker"
"9.58000000","0.69500000","2024-05-27T19:09:54.163Z","buy","maker"
"9.58000000","104.38400000","2024-05-27T19:09:54.163Z","buy","maker"
"9.58000000","2.74800000","2024-05-27T19:09:36.810Z","sell","maker"
"9.58000000","104.38400000","2024-05-27T19:09:36.810Z","sell","maker"
"9.58000000","104.38400000","2024-05-27T19:09:36.810Z","sell","maker"
"9.58000000","104.38400000","2024-05-27T19:09:34.795Z","buy","maker"
"9.58000000","0.69200000","2024-05-27T19:09:34.795Z","buy","maker"
"9.58000000","104.38400000","2024-05-27T19:09:34.656Z","buy","maker"
"9.58000000","104.38400000","2024-05-27T19:09:34.656Z","buy","maker"
"9.58000000","0.69200000","2024-05-27T19:09:34.656Z","buy","maker"
"9.58000000","104.38400000","2024-05-27T19:09:34.247Z","buy","maker"
"9.58000000","0.69200000","2024-05-27T19:09:34.247Z","buy","maker"
"9.58000000","260.96000000","2024-05-27T19:09:34.230Z","buy","maker"
"9.58000000","104.38400000","2024-05-27T19:09:34.230Z","buy","maker"
"9.58000000","104.38400000","2024-05-27T19:09:34.230Z","buy","maker"
"9.58000000","0.69200000","2024-05-27T19:09:34.230Z","buy","maker"
"9.58000000","260.96000000","2024-05-27T19:08:43.876Z","sell","maker"
"9.58000000","104.38400000","2024-05-27T19:08:43.876Z","sell","maker"
"9.58000000","104.38400000","2024-05-27T19:08:43.876Z","sell","maker"
"9.58000000","241.09300000","2024-05-27T19:08:43.876Z","sell","maker"
"9.58000000","0.72300000","2024-05-27T19:08:43.876Z","sell","maker"
"9.58000000","0.72300000","2024-05-27T19:08:12.694Z","buy","maker"
"9.58000000","0.72300000","2024-05-27T19:08:08.963Z","sell","maker"
"9.58000000","104.38400000","2024-05-27T19:07:00.402Z","buy","maker"
"9.58000000","104.38400000","2024-05-27T19:07:00.316Z","buy","maker"
"9.58000000","102.10700000","2024-05-27T19:07:00.316Z","buy","maker"
"9.58000000","2.27700000","2024-05-27T19:06:58.563Z","buy","maker"
"9.58000000","0.72300000","2024-05-27T19:06:58.563Z","buy","maker"
"9.57000000","11.55100000","2024-05-27T19:05:40.256Z","buy","maker"
"9.57000000","0.69700000","2024-05-27T19:05:15.762Z","sell","maker"
"9.57000000","104.49300000","2024-05-27T19:05:15.762Z","sell","maker"
"9.57000000","104.49300000","2024-05-27T19:05:15.762Z","sell","maker"
"9.57000000","87.00000000","2024-05-27T19:05:07.658Z","buy","maker"
"9.57000000","0.68300000","2024-05-27T19:05:07.658Z","buy","maker"
"9.57000000","2.12800000","2024-05-27T19:03:47.463Z","sell","maker"
"9.57000000","104.49300000","2024-05-27T19:03:47.463Z","sell","maker"
"9.58000000","0.71600000","2024-05-27T19:03:16.767Z","buy","maker"
"9.58000000","104.38400000","2024-05-27T19:03:16.753Z","buy","maker"
"9.58000000","0.71600000","2024-05-27T19:03:16.753Z","buy","maker"
"9.58000000","104.38400000","2024-05-27T19:03:15.615Z","buy","maker"
"9.58000000","104.38400000","2024-05-27T19:03:15.615Z","buy","maker"
"9.58000000","0.71000000","2024-05-27T19:03:15.615Z","buy","maker"
"9.58000000","0.71000000","2024-05-27T19:03:12.212Z","sell","maker"
"9.58000000","104.38400000","2024-05-27T19:02:50.188Z","buy","maker"
"9.58000000","104.38400000","2024-05-27T19:02:50.188Z","buy","maker"
"9.58000000","0.71000000","2024-05-27T19:02:50.188Z","buy","maker"
"9.57000000","104.52900000","2024-05-27T19:02:34.075Z","sell","maker"
"9.56000000","0.72400000","2024-05-27T19:02:23.548Z","sell","maker"
"9.56000000","104.60200000","2024-05-27T19:02:23.548Z","sell","maker"
"9.56000000","0.71700000","2024-05-27T19:02:19.951Z","buy","maker"
"9.56000000","19.69000000","2024-05-27T19:02:09.848Z","buy","maker"
"9.56000000","88.45300000","2024-05-27T19:02:09.848Z","buy","maker"
"9.56000000","88.45300000","2024-05-27T19:02:08.814Z","sell","maker"
"9.56000000","16.14900000","2024-05-27T19:02:08.812Z","sell","maker"
"9.56000000","104.60200000","2024-05-27T19:02:08.812Z","sell","maker"
"9.56000000","104.60200000","2024-05-27T19:01:40.905Z","sell","maker"
"9.56000000","89.40200000","2024-05-27T19:01:40.898Z","sell","maker"
"9.56000000","8.91600000","2024-05-27T19:01:40.898Z","sell","maker"
"9.56000000","1.44400000","2024-05-27T19:01:40.898Z","sell","maker"
"9.56000000","1.27300000","2024-05-27T19:01:34.197Z","buy","maker"
"9.56000000","1.46000000","2024-05-27T19:01:34.197Z","buy","maker"
"9.57000000","261.16400000","2024-05-27T19:01:33.603Z","buy","maker"
"9.57000000","104.44200000","2024-05-27T19:01:33.603Z","buy","maker"
"9.57000000","104.42900000","2024-05-27T19:01:33.603Z","buy","maker"
"9.57000000","36.14500000","2024-05-27T19:01:33.603Z","buy","maker"
"9.57000000","20.35600000","2024-05-27T19:01:33.603Z","buy","maker"
"9.58000000","0.72300000","2024-05-27T19:01:14.049Z","buy","maker"
"9.58000000","0.72100000","2024-05-27T19:01:14.034Z","buy","maker"
"9.58000000","104.38400000","2024-05-27T19:01:06.145Z","sell","maker"
"9.58000000","104.38400000","2024-05-27T19:01:05.840Z","sell","maker"
"9.58000000","104.38400000","2024-05-27T19:01:05.275Z","sell","maker"
"9.58000000","104.38400000","2024-05-27T19:01:05.261Z","sell","maker"
"9.58000000","26.90300000","2024-05-27T19:01:05.255Z","sell","maker"
"9.58000000","9.99000000","2024-05-27T19:01:04.442Z","sell","maker"
"9.58000000","18.77700000","2024-05-27T19:01:04.438Z","sell","maker"
"9.58000000","2.08000000","2024-05-27T19:01:04.435Z","sell","maker"
"9.58000000","1.42000000","2024-05-27T19:00:49.160Z","sell","maker"
"9.58000000","0.71300000","2024-05-27T19:00:13.031Z","buy","maker"
"9.58000000","104.38400000","2024-05-27T19:00:13.013Z","buy","maker"
"9.58000000","0.71300000","2024-05-27T19:00:13.013Z","buy","maker"
"9.58000000","104.38400000","2024-05-27T19:00:13.013Z","buy","maker"
"9.58000000","104.43900000","2024-05-27T19:00:11.575Z","sell","maker"
"9.58000000","104.42600000","2024-05-27T19:00:11.575Z","sell","maker"
"9.57000000","0.80200000","2024-05-27T18:59:32.315Z","sell","maker"
"9.57000000","104.49300000","2024-05-27T18:59:32.315Z","sell","maker"
"9.57000000","49.08500000","2024-05-27T18:59:32.315Z","sell","maker"
"9.57000000","55.40800000","2024-05-27T18:59:32.314Z","sell","maker"
"9.57000000","0.67200000","2024-05-27T18:59:31.184Z","buy","maker"
"9.58000000","0.54600000","2024-05-27T18:57:52.505Z","sell","maker"
"9.57000000","6.67800000","2024-05-27T18:57:26.975Z","buy","maker"
"9.57000000","0.52700000","2024-05-27T18:57:26.975Z","buy","maker"
"9.58000000","260.96000000","2024-05-27T18:57:24.808Z","buy","maker"
"9.58000000","104.38400000","2024-05-27T18:57:24.808Z","buy","maker"
"9.58000000","92.54900000","2024-05-27T18:57:24.808Z","buy","maker"
"9.58000000","11.83500000","2024-05-27T18:57:23.887Z","buy","maker"
"9.58000000","0.67800000","2024-05-27T18:57:23.887Z","buy","maker"
"9.58000000","104.38400000","2024-05-27T18:54:42.207Z","sell","maker"
"9.58000000","104.38400000","2024-05-27T18:54:42.207Z","sell","maker"
"9.58000000","0.68600000","2024-05-27T18:54:42.207Z","sell","maker"
"9.58000000","0.67200000","2024-05-27T18:53:25.310Z","buy","maker"
"9.58000000","104.38400000","2024-05-27T18:52:50.200Z","sell","maker"
"9.58000000","33.84500000","2024-05-27T18:52:50.200Z","sell","maker"
"9.58000000","70.53900000","2024-05-27T18:52:50.200Z","sell","maker"
"9.58000000","71.19100000","2024-05-27T18:52:49.900Z","sell","maker"
"9.58000000","33.19300000","2024-05-27T18:52:49.893Z","sell","maker"
"9.58000000","104.38400000","2024-05-27T18:52:49.893Z","sell","maker"
"9.58000000","260.96000000","2024-05-27T18:52:49.584Z","sell","maker"
"9.58000000","104.38400000","2024-05-27T18:52:49.584Z","sell","maker"
"9.58000000","65.75700000","2024-05-27T18:52:49.584Z","sell","maker"
"9.58000000","38.62700000","2024-05-27T18:52:49.545Z","sell","maker"
"9.58000000","2.01500000","2024-05-27T18:52:49.545Z","sell","maker"
"9.58000000","260.76400000","2024-05-27T18:52:36.120Z","buy","maker"
"9.58000000","58.58100000","2024-05-27T18:52:36.120Z","buy","maker"
"9.58000000","45.75800000","2024-05-27T18:52:36.120Z","buy","maker"
"9.58000000","104.32700000","2024-05-27T18:52:36.120Z","buy","maker"
"9.58000000","67.40000000","2024-05-27T18:52:36.120Z","buy","maker"
"9.58000000","278.99100000","2024-05-27T18:52:36.120Z","buy","maker"
"9.58000000","342.26600000","2024-05-27T18:52:36.113Z","buy","maker"
"9.58000000","25.69100000","2024-05-27T18:52:36.113Z","buy","maker"
"9.58000000","45.66700000","2024-05-27T18:52:36.113Z","buy","maker"
"9.58000000","46.48300000","2024-05-27T18:52:36.113Z","buy","maker"
"9.58000000","1.74400000","2024-05-27T18:52:36.113Z","buy","maker"
"9.59000000","0.67600000","2024-05-27T18:51:37.865Z","buy","maker"
"9.59000000","0.67600000","2024-05-27T18:51:37.850Z","buy","maker"
"9.59000000","104.27500000","2024-05-27T18:51:37.839Z","buy","maker"
"9.59000000","104.27500000","2024-05-27T18:51:37.839Z","buy","maker"
"9.59000000","0.67000000","2024-05-27T18:51:37.839Z","buy","maker"
"9.59000000","1.33300000","2024-05-27T18:50:23.053Z","sell","maker"
"9.59000000","104.27500000","2024-05-27T18:50:23.053Z","sell","maker"
"9.59000000","0.67000000","2024-05-27T18:50:19.353Z","buy","maker"
"9.59000000","0.67000000","2024-05-27T18:50:19.341Z","buy","maker"
"9.59000000","21.33500000","2024-05-27T18:50:19.341Z","buy","maker"
"9.59000000","37.85000000","2024-05-27T18:50:19.341Z","buy","maker"
"9.60000000","260.41600000","2024-05-27T18:50:01.470Z","sell","maker"
"9.60000000","104.16600000","2024-05-27T18:50:01.470Z","sell","maker"
"9.60000000","104.16600000","2024-05-27T18:50:01.470Z","sell","maker"
"9.60000000","0.67700000","2024-05-27T18:50:01.470Z","sell","maker"
"9.60000000","96.62400000","2024-05-27T18:49:43.368Z","sell","maker"
"9.60000000","114.53700000","2024-05-27T18:49:05.026Z","buy","maker"
"9.60000000","0.67700000","2024-05-27T18:49:05.026Z","buy","maker"
"9.61000000","0.00100000","2024-05-27T18:48:44.958Z","sell","maker"
"9.61000000","0.41100000","2024-05-27T18:48:44.929Z","sell","maker"
"9.61000000","0.00100000","2024-05-27T18:48:14.767Z","sell","maker"
"9.61000000","0.51400000","2024-05-27T18:48:14.740Z","sell","maker"
"9.60000000","104.22100000","2024-05-27T18:48:01.692Z","sell","maker"
"9.60000000","104.22100000","2024-05-27T18:48:01.435Z","sell","maker"
"9.60000000","104.22100000","2024-05-27T18:48:01.416Z","sell","maker"
"9.60000000","104.22100000","2024-05-27T18:48:01.416Z","sell","maker"
"9.60000000","3.71400000","2024-05-27T18:47:33.729Z","sell","maker"
"9.60000000","0.21100000","2024-05-27T18:47:19.224Z","sell","maker"
"9.59000000","104.27500000","2024-05-27T18:47:14.657Z","sell","maker"
"9.59000000","0.67000000","2024-05-27T18:47:14.657Z","sell","maker"
"9.59000000","104.27500000","2024-05-27T18:47:14.657Z","sell","maker"
"9.59000000","10.80600000","2024-05-27T18:47:13.555Z","buy","maker"
"9.59000000","32.86100000","2024-05-27T18:47:13.553Z","buy","maker"
"9.59000000","32.86100000","2024-05-27T18:47:13.549Z","buy","maker"
"9.59000000","10.80600000","2024-05-27T18:47:13.549Z","buy","maker"
"9.59000000","60.60800000","2024-05-27T18:47:13.545Z","buy","maker"
"9.59000000","104.27500000","2024-05-27T18:47:13.545Z","buy","maker"
"9.59000000","100.00000000","2024-05-27T18:47:13.545Z","buy","maker"
"9.60000000","104.16600000","2024-05-27T18:47:06.453Z","sell","maker"
"9.60000000","104.16600000","2024-05-27T18:47:06.453Z","sell","maker"
"9.60000000","0.66300000","2024-05-27T18:47:05.969Z","buy","maker"
"9.61000000","0.68900000","2024-05-27T18:46:32.271Z","sell","maker"
"9.61000000","1.38400000","2024-05-27T18:46:32.271Z","sell","maker"
"9.61000000","19.58400000","2024-05-27T18:45:38.204Z","buy","maker"
"9.61000000","260.14500000","2024-05-27T18:45:38.204Z","buy","maker"
"9.61000000","104.05800000","2024-05-27T18:45:38.204Z","buy","maker"
"9.61000000","104.05800000","2024-05-27T18:45:38.204Z","buy","maker"
"9.61000000","251.39600000","2024-05-27T18:45:38.204Z","buy","maker"
"9.61000000","100.00000000","2024-05-27T18:45:38.204Z","buy","maker"
"9.62000000","0.69500000","2024-05-27T18:44:23.415Z","buy","maker"
"9.62000000","68.14200000","2024-05-27T18:44:23.403Z","buy","maker"
"9.62000000","191.73300000","2024-05-27T18:44:23.402Z","buy","maker"
"9.62000000","103.95000000","2024-05-27T18:44:23.402Z","buy","maker"
"9.62000000","103.95000000","2024-05-27T18:44:23.402Z","buy","maker"
"9.62000000","0.69500000","2024-05-27T18:44:23.402Z","buy","maker"
"9.62000000","259.87500000","2024-05-27T18:43:41.512Z","sell","maker"
"9.62000000","0.70100000","2024-05-27T18:43:41.512Z","sell","maker"
"9.62000000","103.95000000","2024-05-27T18:43:41.512Z","sell","maker"
"9.62000000","103.95000000","2024-05-27T18:43:41.512Z","sell","maker"
"9.62000000","103.95000000","2024-05-27T18:43:37.503Z","buy","maker"
"9.62000000","103.95000000","2024-05-27T18:43:37.503Z","buy","maker"
"9.62000000","0.70200000","2024-05-27T18:43:37.503Z","buy","maker"
"9.62000000","103.95000000","2024-05-27T18:40:16.252Z","sell","maker"
"9.62000000","103.95000000","2024-05-27T18:40:16.224Z","sell","maker"
"9.62000000","103.95000000","2024-05-27T18:40:16.224Z","sell","maker"
"9.62000000","22.49200000","2024-05-27T18:40:15.141Z","sell","maker"
"9.62000000","103.95000000","2024-05-27T18:40:15.141Z","sell","maker"
"9.62000000","103.95000000","2024-05-27T18:40:15.141Z","sell","maker"
"9.62000000","0.63700000","2024-05-27T18:40:15.141Z","sell","maker"
"9.62000000","259.87500000","2024-05-27T18:40:05.992Z","buy","maker"
"9.62000000","103.95000000","2024-05-27T18:40:05.992Z","buy","maker"
"9.62000000","103.95000000","2024-05-27T18:40:05.992Z","buy","maker"
"9.62000000","35.93000000","2024-05-27T18:40:05.992Z","buy","maker"
"9.62000000","20.27300000","2024-05-27T18:40:05.992Z","buy","maker"
"9.63000000","0.30400000","2024-05-27T18:39:52.227Z","sell","maker"
"9.63000000","0.20300000","2024-05-27T18:39:36.363Z","sell","maker"
"9.62000000","1.69100000","2024-05-27T18:39:20.433Z","buy","maker"
"9.62000000","1.95700000","2024-05-27T18:39:02.201Z","buy","maker"
"9.62000000","0.63700000","2024-05-27T18:39:02.201Z","buy","maker"
"9.62000000","0.66800000","2024-05-27T18:37:03.073Z","sell","maker"
"9.62000000","103.95000000","2024-05-27T18:37:03.073Z","sell","maker"
"9.63000000","0.66800000","2024-05-27T18:35:34.953Z","buy","maker"
"9.63000000","103.84200000","2024-05-27T18:35:34.953Z","buy","maker"
"9.63000000","103.84200000","2024-05-27T18:35:34.953Z","buy","maker"
"9.63000000","103.84200000","2024-05-27T18:35:24.909Z","sell","maker"
"9.63000000","103.84200000","2024-05-27T18:35:24.909Z","sell","maker"
"9.63000000","0.68000000","2024-05-27T18:35:24.909Z","sell","maker"
"9.63000000","103.84200000","2024-05-27T18:34:33.337Z","buy","maker"
"9.63000000","103.84200000","2024-05-27T18:34:17.376Z","buy","maker"
"9.63000000","90.61200000","2024-05-27T18:34:17.376Z","buy","maker"
"9.63000000","1.73100000","2024-05-27T18:34:14.707Z","buy","maker"
"9.63000000","11.49900000","2024-05-27T18:34:14.701Z","buy","maker"
"9.63000000","11.49900000","2024-05-27T18:34:14.697Z","buy","maker"
"9.63000000","11.49900000","2024-05-27T18:34:14.697Z","buy","maker"
"9.63000000","11.49900000","2024-05-27T18:34:14.689Z","buy","maker"
"9.63000000","11.49900000","2024-05-27T18:34:14.687Z","buy","maker"
"9.63000000","11.49900000","2024-05-27T18:34:14.686Z","buy","maker"
"9.63000000","11.49900000","2024-05-27T18:34:14.676Z","buy","maker"
"9.63000000","11.49900000","2024-05-27T18:34:14.671Z","buy","maker"
"9.63000000","11.49900000","2024-05-27T18:34:14.664Z","buy","maker"
"9.63000000","11.49900000","2024-05-27T18:34:14.664Z","buy","maker"
"9.63000000","11.49900000","2024-05-27T18:34:12.464Z","buy","maker"
"9.63000000","11.49900000","2024-05-27T18:34:12.463Z","buy","maker"
"9.63000000","11.49900000","2024-05-27T18:34:12.201Z","buy","maker"
"9.63000000","11.49900000","2024-05-27T18:34:12.197Z","buy","maker"
"9.63000000","11.49900000","2024-05-27T18:34:12.191Z","buy","maker"
"9.63000000","11.49900000","2024-05-27T18:34:12.186Z","buy","maker"
"9.63000000","11.49900000","2024-05-27T18:34:12.180Z","buy","maker"
"9.63000000","10.82000000","2024-05-27T18:34:12.170Z","buy","maker"
"9.63000000","0.67900000","2024-05-27T18:34:12.170Z","buy","maker"
"9.63000000","103.90300000","2024-05-27T18:34:10.368Z","sell","maker"
"9.63000000","103.89100000","2024-05-27T18:34:10.368Z","sell","maker"
"9.62000000","104.01600000","2024-05-27T18:34:00.255Z","sell","maker"
"9.62000000","104.00400000","2024-05-27T18:34:00.255Z","sell","maker"
"9.62000000","3.10100000","2024-05-27T18:33:22.695Z","sell","maker"
"9.61000000","0.69300000","2024-05-27T18:32:53.806Z","sell","maker"
"9.61000000","99.24700000","2024-05-27T18:32:25.442Z","buy","maker"
"9.61000000","4.81100000","2024-05-27T18:32:25.422Z","buy","maker"
"9.61000000","104.05800000","2024-05-27T18:32:24.026Z","buy","maker"
"9.61000000","104.05800000","2024-05-27T18:32:24.026Z","buy","maker"
"9.61000000","0.68000000","2024-05-27T18:32:24.026Z","buy","maker"
"9.61000000","2.05000000","2024-05-27T18:32:08.099Z","sell","maker"
"9.61000000","0.68600000","2024-05-27T18:31:51.157Z","buy","maker"
"9.61000000","0.68600000","2024-05-27T18:31:50.595Z","buy","maker"
"9.61000000","10.80600000","2024-05-27T18:31:50.586Z","buy","maker"
"9.61000000","10.11400000","2024-05-27T18:31:50.583Z","buy","maker"
"9.61000000","0.69200000","2024-05-27T18:31:50.583Z","buy","maker"
"9.61000000","104.05800000","2024-05-27T18:31:28.555Z","sell","maker"
"9.61000000","104.05800000","2024-05-27T18:31:28.555Z","sell","maker"
"9.61000000","27.11300000","2024-05-27T18:31:28.555Z","sell","maker"
"9.61000000","0.67600000","2024-05-27T18:31:28.555Z","sell","maker"
"9.60000000","0.10400000","2024-05-27T18:31:28.266Z","buy","maker"
"9.61000000","33.91200000","2024-05-27T18:30:15.939Z","buy","maker"
"9.61000000","19.12200000","2024-05-27T18:30:15.939Z","buy","maker"
"9.61000000","62.95200000","2024-05-27T18:30:15.939Z","buy","maker"
"9.61000000","11.00000000","2024-05-27T18:30:15.897Z","buy","maker"
"9.61000000","28.99900000","2024-05-27T18:30:15.889Z","buy","maker"
"9.61000000","1.10700000","2024-05-27T18:30:15.841Z","buy","maker"
"9.61000000","104.05800000","2024-05-27T18:30:15.841Z","buy","maker"
"9.61000000","104.05800000","2024-05-27T18:29:35.166Z","buy","maker"
"9.61000000","104.05800000","2024-05-27T18:29:35.166Z","buy","maker"
"9.61000000","15.74800000","2024-05-27T18:29:23.093Z","buy","maker"
"9.61000000","24.03200000","2024-05-27T18:29:23.044Z","buy","maker"
"9.60000000","556.35000000","2024-05-27T18:29:22.798Z","buy","maker"
"9.60000000","621.25700000","2024-05-27T18:29:22.798Z","buy","maker"
"9.60000000","46.48300000","2024-05-27T18:29:22.798Z","buy","maker"
"9.60000000","26.03300000","2024-05-27T18:29:22.798Z","buy","maker"
"9.60000000","122.93400000","2024-05-27T18:29:22.798Z","buy","maker"
"9.60000000","30.47100000","2024-05-27T18:29:22.798Z","buy","maker"
"9.60000000","71.92900000","2024-05-27T18:29:22.798Z","buy","maker"
"9.60000000","81.85600000","2024-05-27T18:29:22.798Z","buy","maker"
"9.60000000","100.00000000","2024-05-27T18:29:22.798Z","buy","maker"
"9.61000000","104.05800000","2024-05-27T18:29:22.798Z","buy","maker"
"9.61000000","2.77400000","2024-05-27T18:29:22.798Z","buy","maker"
"9.61000000","104.05800000","2024-05-27T18:29:22.798Z","buy","maker"
"9.62000000","15.41800000","2024-05-27T18:28:50.403Z","sell","maker"
"9.62000000","46.48300000","2024-05-27T18:28:50.403Z","sell","maker"
"9.62000000","56.19900000","2024-05-27T18:28:50.403Z","sell","maker"
"9.61000000","104.05100000","2024-05-27T18:28:02.804Z","buy","maker"
"9.61000000","104.05800000","2024-05-27T18:28:02.804Z","buy","maker"
"9.61000000","0.67600000","2024-05-27T18:28:02.804Z","buy","maker"
"9.61000000","104.05800000","2024-05-27T18:27:43.433Z","sell","maker"
"9.61000000","0.66900000","2024-05-27T18:27:43.433Z","sell","maker"
"9.61000000","104.05800000","2024-05-27T18:27:43.433Z","sell","maker"
"9.61000000","68.59200000","2024-05-27T18:27:36.759Z","buy","maker"
"9.61000000","104.05800000","2024-05-27T18:27:36.748Z","buy","maker"
"9.61000000","104.05800000","2024-05-27T18:27:36.748Z","buy","maker"
"9.61000000","104.05800000","2024-05-27T18:26:38.671Z","buy","maker"
"9.61000000","83.24700000","2024-05-27T18:26:38.671Z","buy","maker"
"9.61000000","10.20900000","2024-05-27T18:26:34.097Z","buy","maker"
"9.61000000","10.60200000","2024-05-27T18:26:34.097Z","buy","maker"
"9.61000000","104.05800000","2024-05-27T18:26:17.664Z","buy","maker"
"9.61000000","83.06000000","2024-05-27T18:26:17.664Z","buy","maker"
"9.61000000","20.99800000","2024-05-27T18:26:15.031Z","buy","maker"
"9.61000000","260.14500000","2024-05-27T18:25:59.056Z","buy","maker"
"9.61000000","104.05800000","2024-05-27T18:25:59.056Z","buy","maker"
"9.61000000","104.05800000","2024-05-27T18:25:59.056Z","buy","maker"
"9.61000000","0.66900000","2024-05-27T18:25:59.056Z","buy","maker"
"9.61000000","260.14500000","2024-05-27T18:25:33.236Z","sell","maker"
"9.61000000","104.05800000","2024-05-27T18:25:33.236Z","sell","maker"
"9.61000000","104.05800000","2024-05-27T18:25:33.236Z","sell","maker"
"9.61000000","46.48300000","2024-05-27T18:25:33.236Z","sell","maker"
"9.61000000","0.67000000","2024-05-27T18:25:33.236Z","sell","maker"
"9.61000000","0.66300000","2024-05-27T18:25:15.675Z","buy","maker"
"9.61000000","104.05800000","2024-05-27T18:25:13.078Z","sell","maker"
"9.61000000","104.05800000","2024-05-27T18:25:13.078Z","sell","maker"
"9.61000000","1.29700000","2024-05-27T18:25:13.078Z","sell","maker"
"9.61000000","0.64200000","2024-05-27T18:24:10.131Z","buy","maker"
"9.62000000","2.12600000","2024-05-27T18:23:32.626Z","buy","maker"
"9.62000000","0.64800000","2024-05-27T18:23:32.626Z","buy","maker"
"9.62000000","103.95000000","2024-05-27T18:23:32.615Z","buy","maker"
"9.62000000","103.95000000","2024-05-27T18:23:32.615Z","buy","maker"
"9.62000000","0.64900000","2024-05-27T18:23:32.615Z","buy","maker"
"9.62000000","1.29100000","2024-05-27T18:23:15.873Z","sell","maker"
"9.62000000","103.95000000","2024-05-27T18:23:15.873Z","sell","maker"
"9.62000000","103.95000000","2024-05-27T18:23:15.873Z","sell","maker"
"9.62000000","0.64700000","2024-05-27T18:22:59.330Z","buy","maker"
"9.62000000","26.56100000","2024-05-27T18:22:59.259Z","buy","maker"
"9.62000000","0.65100000","2024-05-27T18:22:59.259Z","buy","maker"
"9.61000000","0.68700000","2024-05-27T18:21:15.633Z","sell","maker"
"9.61000000","30.64700000","2024-05-27T18:20:29.720Z","buy","maker"
"9.61000000","17.27600000","2024-05-27T18:20:29.720Z","buy","maker"
"9.61000000","0.68000000","2024-05-27T18:20:29.720Z","buy","maker"
"9.61000000","151.08400000","2024-05-27T18:20:29.720Z","buy","maker"
"9.61000000","108.96900000","2024-05-27T18:20:29.712Z","buy","maker"
"9.61000000","103.99700000","2024-05-27T18:20:29.712Z","buy","maker"
"9.61000000","103.98500000","2024-05-27T18:20:29.712Z","buy","maker"
"9.62000000","1.34600000","2024-05-27T18:19:46.454Z","sell","maker"
"9.62000000","0.67300000","2024-05-27T18:19:25.569Z","buy","maker"
"9.62000000","259.87500000","2024-05-27T18:19:25.551Z","buy","maker"
"9.62000000","103.95000000","2024-05-27T18:19:25.551Z","buy","maker"
"9.62000000","103.95000000","2024-05-27T18:19:25.551Z","buy","maker"
"9.62000000","0.67300000","2024-05-27T18:19:25.551Z","buy","maker"
"9.62000000","103.95000000","2024-05-27T18:19:08.989Z","sell","maker"
"9.62000000","103.95000000","2024-05-27T18:19:08.989Z","sell","maker"
"9.62000000","46.48300000","2024-05-27T18:19:08.989Z","sell","maker"
"9.62000000","56.19900000","2024-05-27T18:19:08.989Z","sell","maker"
"9.62000000","25.99400000","2024-05-27T18:19:08.989Z","sell","maker"
"9.62000000","130.50900000","2024-05-27T18:19:08.989Z","sell","maker"
"9.61000000","1.33700000","2024-05-27T18:18:18.882Z","sell","maker"
"9.61000000","104.05800000","2024-05-27T18:18:15.074Z","buy","maker"
"9.61000000","0.67400000","2024-05-27T18:18:15.071Z","buy","maker"
"9.61000000","36.83200000","2024-05-27T18:18:15.069Z","buy","maker"
"9.61000000","36.83200000","2024-05-27T18:18:15.067Z","buy","maker"
"9.61000000","63.54500000","2024-05-27T18:18:15.066Z","buy","maker"
"9.61000000","104.05800000","2024-05-27T18:18:15.066Z","buy","maker"
"9.61000000","67.89600000","2024-05-27T18:18:15.066Z","buy","maker"
"9.61000000","36.16200000","2024-05-27T18:18:15.065Z","buy","maker"
"9.61000000","0.67000000","2024-05-27T18:18:15.065Z","buy","maker"
"9.61000000","181.27000000","2024-05-27T18:18:03.975Z","sell","maker"
"9.61000000","116.46500000","2024-05-27T18:18:03.961Z","sell","maker"
"9.61000000","507.43500000","2024-05-27T18:18:03.955Z","sell","maker"
"9.61000000","0.67400000","2024-05-27T18:18:03.955Z","sell","maker"
"9.61000000","259.97500000","2024-05-27T18:17:59.124Z","buy","maker"
"9.61000000","104.02200000","2024-05-27T18:17:59.124Z","buy","maker"
"9.61000000","78.64900000","2024-05-27T18:17:59.124Z","buy","maker"
"9.61000000","25.35900000","2024-05-27T18:17:55.003Z","buy","maker"
"9.61000000","0.66700000","2024-05-27T18:17:55.003Z","buy","maker"
"9.62000000","1.59400000","2024-05-27T18:17:49.477Z","sell","maker"
"9.62000000","26.20000000","2024-05-27T18:17:28.079Z","sell","maker"
"9.62000000","27.50000000","2024-05-27T18:17:28.077Z","sell","maker"
"9.62000000","100.00000000","2024-05-27T18:17:27.916Z","sell","maker"
"9.62000000","30.00000000","2024-05-27T18:17:27.898Z","sell","maker"
"9.62000000","100.00000000","2024-05-27T18:17:27.898Z","sell","maker"
"9.62000000","100.00000000","2024-05-27T18:17:27.829Z","sell","maker"
"9.62000000","82.50400000","2024-05-27T18:17:27.829Z","sell","maker"
"9.62000000","183.51600000","2024-05-27T18:17:27.825Z","sell","maker"
"9.62000000","336.75200000","2024-05-27T18:17:27.825Z","sell","maker"
"9.62000000","151.91700000","2024-05-27T18:17:27.825Z","sell","maker"
"9.62000000","690.33900000","2024-05-27T18:17:27.825Z","sell","maker"
"9.62000000","84.50600000","2024-05-27T18:17:27.824Z","sell","maker"
"9.62000000","520.12300000","2024-05-27T18:17:27.824Z","sell","maker"
"9.62000000","520.14000000","2024-05-27T18:17:27.824Z","sell","maker"
"9.62000000","520.00400000","2024-05-27T18:17:27.824Z","sell","maker"
"9.62000000","26.48200000","2024-05-27T18:17:27.824Z","sell","maker"
"9.62000000","621.25700000","2024-05-27T18:17:27.824Z","sell","maker"
"9.62000000","77.90200000","2024-05-27T18:17:27.824Z","sell","maker"
"9.62000000","73.50000000","2024-05-27T18:17:27.824Z","sell","maker"
"9.62000000","94.37300000","2024-05-27T18:17:27.824Z","sell","maker"
"9.62000000","64.52800000","2024-05-27T18:17:27.824Z","sell","maker"
"9.62000000","30.00000000","2024-05-27T18:17:27.824Z","sell","maker"
"9.62000000","27.11300000","2024-05-27T18:17:27.824Z","sell","maker"
"9.62000000","100.00000000","2024-05-27T18:17:27.824Z","sell","maker"
"9.61000000","26.02600000","2024-05-27T18:17:27.823Z","sell","maker"
"9.61000000","100.00000000","2024-05-27T18:17:27.822Z","sell","maker"
"9.61000000","100.00000000","2024-05-27T18:17:27.817Z","sell","maker"
"9.61000000","260.14500000","2024-05-27T18:17:27.817Z","sell","maker"
"9.61000000","104.05800000","2024-05-27T18:17:27.817Z","sell","maker"
"9.61000000","101.45600000","2024-05-27T18:17:27.817Z","sell","maker"
"9.61000000","2.60200000","2024-05-27T18:17:21.252Z","sell","maker"
"9.61000000","51.43100000","2024-05-27T18:16:45.906Z","sell","maker"
"9.61000000","1.31900000","2024-05-27T18:16:45.906Z","sell","maker"
"9.61000000","44.16800000","2024-05-27T18:16:30.729Z","buy","maker"
"9.61000000","59.89000000","2024-05-27T18:16:30.729Z","buy","maker"
"9.61000000","104.05800000","2024-05-27T18:16:29.916Z","buy","maker"
"9.61000000","104.05800000","2024-05-27T18:16:29.916Z","buy","maker"
"9.61000000","46.48300000","2024-05-27T18:16:29.916Z","buy","maker"
"9.61000000","104.01600000","2024-05-27T18:16:10.457Z","buy","maker"
"9.61000000","0.57200000","2024-05-27T18:16:07.195Z","buy","maker"
"9.62000000","103.95000000","2024-05-27T18:15:56.137Z","buy","maker"
"9.62000000","103.95000000","2024-05-27T18:15:56.034Z","buy","maker"
"9.62000000","103.95000000","2024-05-27T18:15:56.034Z","buy","maker"
"9.62000000","103.95000000","2024-05-27T18:15:55.465Z","buy","maker"
"9.62000000","0.66300000","2024-05-27T18:15:55.465Z","buy","maker"
"9.62000000","103.95000000","2024-05-27T18:15:55.409Z","buy","maker"
"9.62000000","103.95000000","2024-05-27T18:15:55.409Z","buy","maker"
"9.62000000","0.66300000","2024-05-27T18:15:55.409Z","buy","maker"
"9.61000000","145.37100000","2024-05-27T18:15:34.291Z","sell","maker"
"9.61000000","114.84400000","2024-05-27T18:15:34.290Z","sell","maker"
"9.61000000","104.12100000","2024-05-27T18:15:34.290Z","sell","maker"
"9.61000000","104.10700000","2024-05-27T18:15:34.290Z","sell","maker"
"9.60000000","260.41600000","2024-05-27T18:15:25.771Z","sell","maker"
"9.60000000","104.16600000","2024-05-27T18:15:25.771Z","sell","maker"
"9.60000000","104.16600000","2024-05-27T18:15:25.771Z","sell","maker"
"9.60000000","0.67200000","2024-05-27T18:15:25.771Z","sell","maker"
"9.60000000","96.00400000","2024-05-27T18:15:14.144Z","buy","maker"
"9.60000000","8.16200000","2024-05-27T18:15:14.142Z","buy","maker"
"9.60000000","44.77500000","2024-05-27T18:15:14.142Z","buy","maker"
"9.60000000","52.93700000","2024-05-27T18:15:14.141Z","buy","maker"
"9.60000000","6.45400000","2024-05-27T18:15:14.140Z","buy","maker"
"9.60000000","46.48300000","2024-05-27T18:15:14.140Z","buy","maker"
"9.60000000","104.16600000","2024-05-27T18:15:09.387Z","buy","maker"
"9.60000000","104.16600000","2024-05-27T18:15:08.174Z","buy","maker"
"9.60000000","104.16600000","2024-05-27T18:14:45.178Z","buy","maker"
"9.60000000","104.16600000","2024-05-27T18:14:45.178Z","buy","maker"
"9.60000000","34.96500000","2024-05-27T18:14:00.412Z","buy","maker"
"9.60000000","83.24700000","2024-05-27T18:14:00.412Z","buy","maker"
"9.60000000","9.19000000","2024-05-27T18:14:00.412Z","buy","maker"
"9.60000000","34.53500000","2024-05-27T18:13:51.149Z","buy","maker"
"9.60000000","3.63300000","2024-05-27T18:13:51.149Z","buy","maker"
"9.60000000","26.12900000","2024-05-27T18:13:30.591Z","buy","maker"
"9.60000000","32.11100000","2024-05-27T18:13:30.591Z","buy","maker"
"9.60000000","18.09600000","2024-05-27T18:13:30.591Z","buy","maker"
"9.61000000","104.05800000","2024-05-27T18:13:04.273Z","buy","maker"
"9.61000000","104.05800000","2024-05-27T18:13:04.145Z","buy","maker"
"9.61000000","104.05800000","2024-05-27T18:13:04.145Z","buy","maker"
"9.61000000","46.48300000","2024-05-27T18:13:04.145Z","buy","maker"
"9.62000000","103.95000000","2024-05-27T18:12:44.555Z","buy","maker"
"9.62000000","103.95000000","2024-05-27T18:12:44.541Z","buy","maker"
"9.62000000","103.95000000","2024-05-27T18:12:44.541Z","buy","maker"
"9.62000000","0.66500000","2024-05-27T18:12:42.412Z","buy","maker"
"9.62000000","103.95000000","2024-05-27T18:12:42.412Z","buy","maker"
"9.62000000","103.95000000","2024-05-27T18:12:42.412Z","buy","maker"
"9.62000000","46.48300000","2024-05-27T18:12:42.412Z","buy","maker"
"9.62000000","103.95000000","2024-05-27T18:12:40.631Z","sell","maker"
"9.61000000","104.05800000","2024-05-27T18:12:21.446Z","sell","maker"
"9.61000000","104.05800000","2024-05-27T18:12:19.349Z","sell","maker"
"9.61000000","260.14500000","2024-05-27T18:12:19.330Z","sell","maker"
"9.61000000","104.05800000","2024-05-27T18:12:19.330Z","sell","maker"
"9.61000000","104.05800000","2024-05-27T18:12:19.330Z","sell","maker"
"9.61000000","1.29300000","2024-05-27T18:12:19.330Z","sell","maker"
"9.61000000","0.64600000","2024-05-27T18:11:08.754Z","buy","maker"
"9.61000000","104.05800000","2024-05-27T18:11:08.743Z","buy","maker"
"9.61000000","104.05800000","2024-05-27T18:11:08.743Z","buy","maker"
"9.61000000","0.65100000","2024-05-27T18:11:08.743Z","buy","maker"
"9.61000000","38.86300000","2024-05-27T18:10:18.177Z","sell","maker"
"9.61000000","65.19500000","2024-05-27T18:10:18.175Z","sell","maker"
"9.61000000","104.05800000","2024-05-27T18:10:18.175Z","sell","maker"
"9.61000000","260.14500000","2024-05-27T18:09:07.448Z","sell","maker"
"9.61000000","104.11800000","2024-05-27T18:09:07.448Z","sell","maker"
"9.61000000","28.28100000","2024-05-27T18:09:07.448Z","sell","maker"
"9.61000000","75.82400000","2024-05-27T18:09:07.445Z","sell","maker"
"9.60000000","104.16600000","2024-05-27T18:08:10.575Z","sell","maker"
"9.60000000","104.16600000","2024-05-27T18:08:10.575Z","sell","maker"
"9.60000000","0.93500000","2024-05-27T18:08:10.575Z","sell","maker"
"9.60000000","0.98400000","2024-05-27T18:07:18.830Z","sell","maker"
"9.60000000","0.11500000","2024-05-27T18:07:16.394Z","buy","maker"
"9.60000000","91.11300000","2024-05-27T18:07:16.381Z","buy","maker"
"9.60000000","46.48300000","2024-05-27T18:07:16.381Z","buy","maker"
"9.60000000","86.31300000","2024-05-27T18:07:16.381Z","buy","maker"
"9.60000000","94.10800000","2024-05-27T18:07:16.381Z","buy","maker"
"9.60000000","0.10700000","2024-05-27T18:07:16.381Z","buy","maker"
"9.60000000","10.02900000","2024-05-27T18:06:27.385Z","buy","maker"
"9.60000000","20.38100000","2024-05-27T18:05:50.166Z","buy","maker"
"9.61000000","0.70000000","2024-05-27T18:05:43.049Z","buy","maker"
"9.62000000","0.04100000","2024-05-27T18:03:55.562Z","sell","maker"
"9.62000000","97.75000000","2024-05-27T18:03:55.537Z","sell","maker"
"9.62000000","2.20800000","2024-05-27T18:03:55.537Z","sell","maker"
"9.61000000","1.44500000","2024-05-27T18:03:50.712Z","buy","maker"
"9.62000000","103.93000000","2024-05-27T18:02:47.467Z","buy","maker"
"9.62000000","103.91600000","2024-05-27T18:02:47.467Z","buy","maker"
"9.62000000","34.65300000","2024-05-27T18:02:47.467Z","buy","maker"
"9.62000000","19.56100000","2024-05-27T18:02:47.467Z","buy","maker"
"9.63000000","0.74200000","2024-05-27T18:02:39.705Z","buy","maker"
"9.63000000","103.84200000","2024-05-27T18:02:39.615Z","buy","maker"
"9.63000000","0.74200000","2024-05-27T18:02:39.615Z","buy","maker"
"9.63000000","20.75900000","2024-05-27T18:02:39.530Z","buy","maker"
"9.63000000","0.73900000","2024-05-27T18:02:39.530Z","buy","maker"
"9.63000000","103.84200000","2024-05-27T18:02:39.530Z","buy","maker"
"9.63000000","103.84200000","2024-05-27T18:02:39.530Z","buy","maker"
"9.63000000","81.30000000","2024-05-27T18:02:39.530Z","buy","maker"
"9.63000000","46.48300000","2024-05-27T18:02:39.530Z","buy","maker"
"9.63000000","56.19900000","2024-05-27T18:02:39.530Z","buy","maker"
"9.64000000","0.04000000","2024-05-27T18:02:12.939Z","sell","maker"
"9.64000000","52.68500000","2024-05-27T18:02:12.907Z","sell","maker"
"9.64000000","46.48300000","2024-05-27T18:02:12.907Z","sell","maker"
"9.64000000","0.79200000","2024-05-27T18:02:12.907Z","sell","maker"
"9.63000000","1.29500000","2024-05-27T18:01:36.757Z","buy","maker"
"9.63000000","0.79100000","2024-05-27T18:01:36.757Z","buy","maker"
"9.63000000","0.82600000","2024-05-27T18:00:26.745Z","sell","maker"
"9.63000000","103.84200000","2024-05-27T18:00:26.745Z","sell","maker"
"9.63000000","103.84200000","2024-05-27T18:00:26.745Z","sell","maker"
"9.63000000","0.82400000","2024-05-27T18:00:24.890Z","buy","maker"
"9.63000000","103.84200000","2024-05-27T18:00:11.393Z","sell","maker"
"9.63000000","103.84200000","2024-05-27T18:00:11.393Z","sell","maker"
"9.63000000","1.07000000","2024-05-27T18:00:11.393Z","sell","maker"
"9.63000000","79.88700000","2024-05-27T17:59:42.949Z","buy","maker"
"9.63000000","23.90800000","2024-05-27T17:59:36.076Z","buy","maker"
"9.63000000","75.99600000","2024-05-27T17:59:05.525Z","buy","maker"
"9.63000000","103.79500000","2024-05-27T17:59:05.525Z","buy","maker"
"9.63000000","62.02000000","2024-05-27T17:59:05.525Z","buy","maker"
"9.63000000","41.76300000","2024-05-27T17:59:05.525Z","buy","maker"
"9.63000000","259.40100000","2024-05-27T17:59:05.525Z","buy","maker"
"9.63000000","299.91100000","2024-05-27T17:59:05.525Z","buy","maker"
"9.63000000","218.90300000","2024-05-27T17:59:05.524Z","buy","maker"
"9.63000000","85.11500000","2024-05-27T17:59:05.524Z","buy","maker"
"9.63000000","18.71000000","2024-05-27T17:59:05.524Z","buy","maker"
"9.63000000","57.03800000","2024-05-27T17:59:05.524Z","buy","maker"
"9.63000000","40.57200000","2024-05-27T17:59:05.524Z","buy","maker"
"9.63000000","202.30600000","2024-05-27T17:59:05.522Z","buy","maker"
"9.63000000","378.37900000","2024-05-27T17:59:05.521Z","buy","maker"
"9.63000000","503.57700000","2024-05-27T17:59:05.521Z","buy","maker"
"9.63000000","423.18500000","2024-05-27T17:59:05.521Z","buy","maker"
"9.63000000","100.00000000","2024-05-27T17:59:05.521Z","buy","maker"
"9.63000000","25.40100000","2024-05-27T17:59:05.521Z","buy","maker"
"9.64000000","0.11700000","2024-05-27T17:58:58.019Z","buy","maker"
"9.64000000","103.73400000","2024-05-27T17:58:58.007Z","buy","maker"
"9.64000000","103.73400000","2024-05-27T17:58:58.007Z","buy","maker"
"9.64000000","0.11800000","2024-05-27T17:58:58.007Z","buy","maker"
"9.64000000","3.69400000","2024-05-27T17:58:26.997Z","buy","maker"
"9.64000000","0.83700000","2024-05-27T17:58:26.997Z","buy","maker"
"9.64000000","34.96900000","2024-05-27T17:57:58.973Z","sell","maker"
"9.64000000","103.73400000","2024-05-27T17:57:58.973Z","sell","maker"
"9.64000000","103.73400000","2024-05-27T17:57:03.772Z","sell","maker"
"9.64000000","0.82000000","2024-05-27T17:57:03.772Z","sell","maker"
"9.64000000","103.73400000","2024-05-27T17:57:03.772Z","sell","maker"
"9.64000000","0.82000000","2024-05-27T17:57:00.783Z","buy","maker"
"9.65000000","103.62600000","2024-05-27T17:54:35.608Z","sell","maker"
"9.65000000","103.62600000","2024-05-27T17:54:35.608Z","sell","maker"
"9.65000000","0.85100000","2024-05-27T17:53:14.273Z","sell","maker"
"9.64000000","20.92600000","2024-05-27T17:53:07.554Z","buy","maker"
"9.64000000","0.85100000","2024-05-27T17:53:07.554Z","buy","maker"
"9.64000000","103.73400000","2024-05-27T17:52:30.237Z","sell","maker"
"9.64000000","103.73400000","2024-05-27T17:52:13.039Z","sell","maker"
"9.64000000","103.73400000","2024-05-27T17:52:13.016Z","sell","maker"
"9.64000000","103.73400000","2024-05-27T17:52:13.016Z","sell","maker"
"9.64000000","50.95300000","2024-05-27T17:51:49.632Z","sell","maker"
"9.64000000","43.31500000","2024-05-27T17:51:39.194Z","sell","maker"
"9.64000000","103.73400000","2024-05-27T17:51:39.111Z","sell","maker"
"9.64000000","103.73400000","2024-05-27T17:51:39.111Z","sell","maker"
"9.64000000","0.85700000","2024-05-27T17:51:39.111Z","sell","maker"
"9.64000000","0.84900000","2024-05-27T17:51:27.975Z","buy","maker"
"9.64000000","1.02800000","2024-05-27T17:51:17.784Z","buy","maker"
"9.64000000","103.73400000","2024-05-27T17:51:15.433Z","sell","maker"
"9.64000000","103.73400000","2024-05-27T17:51:15.415Z","sell","maker"
"9.64000000","103.73400000","2024-05-27T17:51:15.415Z","sell","maker"
"9.64000000","103.73400000","2024-05-27T17:51:14.408Z","sell","maker"
"9.64000000","103.73400000","2024-05-27T17:51:14.408Z","sell","maker"
"9.64000000","1.65200000","2024-05-27T17:51:14.408Z","sell","maker"
"9.64000000","57.98000000","2024-05-27T17:51:00.755Z","buy","maker"
"9.65000000","0.83000000","2024-05-27T17:50:07.835Z","buy","maker"
"9.65000000","251.39600000","2024-05-27T17:50:07.828Z","buy","maker"
"9.65000000","20.05100000","2024-05-27T17:50:07.828Z","buy","maker"
"9.65000000","35.47500000","2024-05-27T17:50:07.828Z","buy","maker"
"9.65000000","103.62600000","2024-05-27T17:50:07.828Z","buy","maker"
"9.65000000","103.62600000","2024-05-27T17:50:07.828Z","buy","maker"
"9.65000000","0.83000000","2024-05-27T17:50:07.828Z","buy","maker"
"9.66000000","9.86500000","2024-05-27T17:49:31.327Z","sell","maker"
"9.65000000","0.85700000","2024-05-27T17:49:29.204Z","sell","maker"
"9.65000000","103.62600000","2024-05-27T17:49:29.204Z","sell","maker"
"9.65000000","103.62600000","2024-05-27T17:49:29.204Z","sell","maker"
"9.66000000","0.83200000","2024-05-27T17:49:14.817Z","buy","maker"
"9.67000000","56.71700000","2024-05-27T17:49:12.388Z","buy","maker"
"9.67000000","103.41200000","2024-05-27T17:49:12.383Z","sell","maker"
"9.67000000","46.69500000","2024-05-27T17:49:12.377Z","sell","maker"
"9.67000000","3.30500000","2024-05-27T17:49:12.377Z","sell","maker"
"9.67000000","0.83200000","2024-05-27T17:48:57.140Z","buy","maker"
"9.67000000","0.83200000","2024-05-27T17:48:57.115Z","buy","maker"
"9.67000000","103.41200000","2024-05-27T17:48:57.088Z","buy","maker"
"9.67000000","0.83300000","2024-05-27T17:48:57.088Z","buy","maker"
"9.67000000","103.41200000","2024-05-27T17:48:57.088Z","buy","maker"
"9.67000000","0.83300000","2024-05-27T17:48:56.800Z","buy","maker"
"9.67000000","258.53100000","2024-05-27T17:48:56.800Z","buy","maker"
"9.67000000","103.41200000","2024-05-27T17:48:56.800Z","buy","maker"
"9.67000000","103.41200000","2024-05-27T17:48:56.800Z","buy","maker"
"9.66000000","30.82500000","2024-05-27T17:48:30.721Z","sell","maker"
"9.66000000","72.78300000","2024-05-27T17:48:30.720Z","sell","maker"
"9.66000000","46.48300000","2024-05-27T17:48:30.720Z","sell","maker"
"9.64000000","103.73400000","2024-05-27T17:48:04.881Z","sell","maker"
"9.64000000","103.73400000","2024-05-27T17:48:04.881Z","sell","maker"
"9.64000000","103.73400000","2024-05-27T17:48:04.586Z","sell","maker"
"9.63000000","0.21100000","2024-05-27T17:48:04.513Z","buy","maker"
"9.64000000","63.02300000","2024-05-27T17:48:04.513Z","sell","maker"
"9.64000000","103.73400000","2024-05-27T17:48:04.513Z","sell","maker"
"9.64000000","103.73400000","2024-05-27T17:48:04.513Z","sell","maker"
"9.64000000","0.87100000","2024-05-27T17:48:04.513Z","sell","maker"
"9.65000000","0.86300000","2024-05-27T17:47:35.540Z","buy","maker"
"9.65000000","103.62600000","2024-05-27T17:47:30.413Z","sell","maker"
"9.65000000","1.67000000","2024-05-27T17:47:30.413Z","sell","maker"
"9.65000000","103.62600000","2024-05-27T17:47:30.413Z","sell","maker"
"9.65000000","103.62600000","2024-05-27T17:47:25.695Z","buy","maker"
"9.66000000","0.83800000","2024-05-27T17:46:49.404Z","buy","maker"
"9.66000000","0.84000000","2024-05-27T17:46:49.393Z","buy","maker"
"9.66000000","103.51900000","2024-05-27T17:46:49.393Z","buy","maker"
"9.66000000","0.83700000","2024-05-27T17:46:36.755Z","sell","maker"
"9.66000000","103.51900000","2024-05-27T17:46:36.755Z","sell","maker"
"9.66000000","103.51900000","2024-05-27T17:46:36.755Z","sell","maker"
"9.66000000","0.83700000","2024-05-27T17:46:17.383Z","buy","maker"
"9.66000000","103.45900000","2024-05-27T17:46:17.383Z","buy","maker"
"9.66000000","103.44600000","2024-05-27T17:46:17.383Z","buy","maker"
"9.66000000","258.55500000","2024-05-27T17:46:17.383Z","buy","maker"
"9.67000000","103.41200000","2024-05-27T17:45:40.703Z","sell","maker"
"9.67000000","0.85900000","2024-05-27T17:45:40.703Z","sell","maker"
"9.67000000","103.41200000","2024-05-27T17:45:40.703Z","sell","maker"
"9.67000000","182.93600000","2024-05-27T17:45:28.725Z","buy","maker"
"9.67000000","77.20100000","2024-05-27T17:45:28.725Z","buy","maker"
"9.67000000","181.33000000","2024-05-27T17:45:28.725Z","buy","maker"
"9.67000000","103.41200000","2024-05-27T17:45:28.725Z","buy","maker"
"9.67000000","103.41200000","2024-05-27T17:45:28.725Z","buy","maker"
"9.67000000","0.85900000","2024-05-27T17:45:28.725Z","buy","maker"
"9.65000000","0.86100000","2024-05-27T17:44:05.122Z","sell","maker"
"9.64000000","14.18200000","2024-05-27T17:43:44.246Z","buy","maker"
"9.64000000","0.84400000","2024-05-27T17:43:44.246Z","buy","maker"
"9.65000000","59.78700000","2024-05-27T17:43:34.919Z","sell","maker"
"9.65000000","46.48300000","2024-05-27T17:43:34.919Z","sell","maker"
"9.65000000","0.50500000","2024-05-27T17:41:55.152Z","sell","maker"
"9.64000000","2.57100000","2024-05-27T17:41:40.347Z","sell","maker"
"9.64000000","19.46000000","2024-05-27T17:41:40.347Z","sell","maker"
"9.64000000","84.27400000","2024-05-27T17:41:40.346Z","sell","maker"
"9.64000000","103.73400000","2024-05-27T17:41:40.346Z","sell","maker"
"9.64000000","0.85700000","2024-05-27T17:41:39.074Z","buy","maker"
"9.64000000","103.73400000","2024-05-27T17:41:39.063Z","buy","maker"
"9.64000000","0.85700000","2024-05-27T17:41:39.063Z","buy","maker"
"9.64000000","259.33600000","2024-05-27T17:41:38.998Z","buy","maker"
"9.64000000","103.73400000","2024-05-27T17:41:38.998Z","buy","maker"
"9.64000000","103.73400000","2024-05-27T17:41:38.998Z","buy","maker"
"9.64000000","0.86500000","2024-05-27T17:41:38.998Z","buy","maker"
"9.64000000","1.72300000","2024-05-27T17:40:34.788Z","sell","maker"
"9.64000000","103.73400000","2024-05-27T17:40:34.788Z","sell","maker"
"9.64000000","103.73400000","2024-05-27T17:40:34.788Z","sell","maker"
"9.65000000","0.87200000","2024-05-27T17:40:21.107Z","buy","maker"
"9.65000000","32.94700000","2024-05-27T17:40:21.094Z","buy","maker"
"9.65000000","18.68200000","2024-05-27T17:40:21.094Z","buy","maker"
"9.65000000","0.85100000","2024-05-27T17:40:21.094Z","buy","maker"
"9.66000000","41.16700000","2024-05-27T17:40:05.096Z","sell","maker"
"9.65000000","57.66300000","2024-05-27T17:37:32.105Z","sell","maker"
"9.65000000","45.96300000","2024-05-27T17:37:32.103Z","sell","maker"
"9.65000000","259.06700000","2024-05-27T17:37:32.103Z","sell","maker"
"9.65000000","1.70400000","2024-05-27T17:37:32.103Z","sell","maker"
"9.65000000","85.33300000","2024-05-27T17:37:32.007Z","sell","maker"
"9.65000000","103.62600000","2024-05-27T17:37:32.007Z","sell","maker"
"9.65000000","0.86400000","2024-05-27T17:37:17.227Z","buy","maker"
"9.65000000","80.70000000","2024-05-27T17:37:17.226Z","buy","maker"
"9.65000000","0.90000000","2024-05-27T17:37:17.218Z","buy","maker"
"9.65000000","103.62600000","2024-05-27T17:37:17.218Z","buy","maker"
"9.65000000","103.62600000","2024-05-27T17:37:17.218Z","buy","maker"
"9.65000000","0.84000000","2024-05-27T17:37:17.218Z","buy","maker"
"9.66000000","0.19900000","2024-05-27T17:37:11.614Z","sell","maker"
"9.66000000","2.96800000","2024-05-27T17:37:11.592Z","sell","maker"
"9.66000000","45.26300000","2024-05-27T17:37:11.592Z","sell","maker"
"9.66000000","225.64900000","2024-05-27T17:37:11.592Z","sell","maker"
"9.66000000","37.30900000","2024-05-27T17:37:11.592Z","sell","maker"
"9.66000000","120.61400000","2024-05-27T17:37:11.592Z","sell","maker"
"9.66000000","67.99700000","2024-05-27T17:37:11.592Z","sell","maker"
"9.65000000","103.62600000","2024-05-27T17:34:40.785Z","sell","maker"
"9.65000000","103.62600000","2024-05-27T17:34:40.785Z","sell","maker"
"9.65000000","1.74000000","2024-05-27T17:34:40.785Z","sell","maker"
"9.65000000","50.00000000","2024-05-27T17:34:35.906Z","buy","maker"
"9.66000000","0.86400000","2024-05-27T17:34:18.514Z","buy","maker"
"9.66000000","103.51900000","2024-05-27T17:34:18.505Z","buy","maker"
"9.66000000","0.86800000","2024-05-27T17:34:18.505Z","buy","maker"
"9.66000000","2.48700000","2024-05-27T17:34:06.644Z","sell","maker"
"9.66000000","150.00000000","2024-05-27T17:34:06.636Z","sell","maker"
"9.66000000","36.95500000","2024-05-27T17:34:06.629Z","sell","maker"
"9.66000000","62.11200000","2024-05-27T17:34:06.629Z","sell","maker"
"9.66000000","41.40700000","2024-05-27T17:34:06.363Z","sell","maker"
"9.66000000","76.29900000","2024-05-27T17:34:03.975Z","buy","maker"
"9.66000000","103.51900000","2024-05-27T17:33:35.841Z","buy","maker"
"9.66000000","0.82600000","2024-05-27T17:33:35.841Z","buy","maker"
"9.66000000","103.51900000","2024-05-27T17:33:35.633Z","buy","maker"
"9.66000000","0.82600000","2024-05-27T17:33:35.633Z","buy","maker"
"9.66000000","258.79900000","2024-05-27T17:33:35.507Z","buy","maker"
"9.66000000","103.51900000","2024-05-27T17:33:35.507Z","buy","maker"
"9.66000000","103.51900000","2024-05-27T17:33:35.507Z","buy","maker"
"9.66000000","0.83500000","2024-05-27T17:33:35.507Z","buy","maker"
"9.66000000","86.37000000","2024-05-27T17:33:02.801Z","sell","maker"
"9.66000000","17.20900000","2024-05-27T17:33:02.798Z","sell","maker"
"9.66000000","103.56700000","2024-05-27T17:33:02.798Z","sell","maker"
"9.66000000","68.76900000","2024-05-27T17:33:02.798Z","sell","maker"
"9.66000000","178.17000000","2024-05-27T17:33:02.798Z","sell","maker"
"9.65000000","2.51200000","2024-05-27T17:31:46.795Z","sell","maker"
"9.65000000","0.84300000","2024-05-27T17:31:42.023Z","buy","maker"
"9.65000000","103.62600000","2024-05-27T17:31:41.957Z","buy","maker"
"9.65000000","0.84300000","2024-05-27T17:31:41.957Z","buy","maker"
"9.65000000","103.62600000","2024-05-27T17:31:41.845Z","buy","maker"
"9.65000000","103.62600000","2024-05-27T17:31:41.845Z","buy","maker"
"9.65000000","0.84300000","2024-05-27T17:31:41.845Z","buy","maker"
"9.65000000","103.69300000","2024-05-27T17:31:40.647Z","sell","maker"
"9.65000000","103.68100000","2024-05-27T17:31:40.647Z","sell","maker"
"9.64000000","0.83200000","2024-05-27T17:31:17.808Z","sell","maker"
"9.64000000","103.73400000","2024-05-27T17:31:15.004Z","buy","maker"
"9.64000000","0.83600000","2024-05-27T17:31:15.004Z","buy","maker"
"9.64000000","103.73400000","2024-05-27T17:30:59.566Z","sell","maker"
"9.64000000","0.43700000","2024-05-27T17:30:59.566Z","sell","maker"
"9.64000000","31.10500000","2024-05-27T17:30:56.186Z","buy","maker"
"9.64000000","17.59000000","2024-05-27T17:30:56.186Z","buy","maker"
"9.65000000","0.41000000","2024-05-27T17:30:56.001Z","sell","maker"
"9.65000000","0.84300000","2024-05-27T17:30:08.347Z","buy","maker"
"9.65000000","103.62600000","2024-05-27T17:30:08.347Z","buy","maker"
"9.65000000","103.62600000","2024-05-27T17:30:08.347Z","buy","maker"
"9.65000000","103.62600000","2024-05-27T17:30:03.816Z","sell","maker"
"9.65000000","103.62600000","2024-05-27T17:30:03.799Z","sell","maker"
"9.65000000","103.62600000","2024-05-27T17:30:03.799Z","sell","maker"
"9.64000000","1.11400000","2024-05-27T17:29:39.488Z","buy","maker"
"9.65000000","71.66900000","2024-05-27T17:29:16.318Z","sell","maker"
"9.65000000","103.62600000","2024-05-27T17:29:16.300Z","sell","maker"
"9.65000000","103.62600000","2024-05-27T17:29:16.300Z","sell","maker"
"9.65000000","0.86300000","2024-05-27T17:29:16.300Z","sell","maker"
"9.65000000","9.79200000","2024-05-27T17:28:43.507Z","buy","maker"
"9.65000000","10.80600000","2024-05-27T17:28:43.507Z","buy","maker"
"9.65000000","9.94300000","2024-05-27T17:28:43.507Z","buy","maker"
"9.65000000","0.86300000","2024-05-27T17:28:43.507Z","buy","maker"
"9.65000000","10.80600000","2024-05-27T17:28:29.338Z","buy","maker"
"9.65000000","0.82400000","2024-05-27T17:28:27.150Z","sell","maker"
"9.65000000","100.00000000","2024-05-27T17:28:27.150Z","sell","maker"
"9.65000000","10.67900000","2024-05-27T17:28:27.150Z","sell","maker"
"9.64000000","0.10600000","2024-05-27T17:27:47.714Z","buy","maker"
"9.64000000","20.43000000","2024-05-27T17:27:34.878Z","buy","maker"
"9.64000000","0.82400000","2024-05-27T17:27:34.878Z","buy","maker"
"9.64000000","0.82400000","2024-05-27T17:27:21.684Z","sell","maker"
"9.64000000","92.92800000","2024-05-27T17:27:19.594Z","buy","maker"
"9.64000000","11.40400000","2024-05-27T17:27:19.589Z","buy","maker"
"9.64000000","103.73400000","2024-05-27T17:27:19.589Z","buy","maker"
"9.64000000","103.73400000","2024-05-27T17:27:19.589Z","buy","maker"
"9.64000000","0.82400000","2024-05-27T17:27:19.589Z","buy","maker"
"9.64000000","103.73400000","2024-05-27T17:27:13.761Z","sell","maker"
"9.63000000","104.51500000","2024-05-27T17:26:41.303Z","sell","maker"
"9.62000000","103.95000000","2024-05-27T17:26:32.785Z","sell","maker"
"9.63000000","0.00100000","2024-05-27T17:26:27.617Z","sell","maker"
"9.63000000","0.17300000","2024-05-27T17:26:27.592Z","sell","maker"
"9.62000000","0.86300000","2024-05-27T17:26:27.592Z","sell","maker"
"9.62000000","0.11500000","2024-05-27T17:26:26.341Z","buy","maker"
"9.62000000","0.73800000","2024-05-27T17:26:26.336Z","buy","maker"
"9.61000000","1.80300000","2024-05-27T17:25:51.219Z","sell","maker"
"9.61000000","0.89900000","2024-05-27T17:25:23.919Z","buy","maker"
"9.61000000","65.68100000","2024-05-27T17:25:23.900Z","buy","maker"
"9.61000000","27.30400000","2024-05-27T17:25:23.899Z","buy","maker"
"9.61000000","38.37700000","2024-05-27T17:25:23.899Z","buy","maker"
"9.61000000","65.68100000","2024-05-27T17:25:23.896Z","buy","maker"
"9.61000000","64.76800000","2024-05-27T17:25:23.888Z","buy","maker"
"9.61000000","0.91300000","2024-05-27T17:25:23.888Z","buy","maker"
"9.61000000","0.89600000","2024-05-27T17:25:13.901Z","sell","maker"
"9.61000000","104.05800000","2024-05-27T17:25:13.901Z","sell","maker"
"9.61000000","104.05800000","2024-05-27T17:25:13.901Z","sell","maker"
"9.61000000","0.23200000","2024-05-27T17:25:04.923Z","buy","maker"
"9.61000000","0.89700000","2024-05-27T17:25:04.923Z","buy","maker"
"9.61000000","0.88400000","2024-05-27T17:24:39.030Z","sell","maker"
"9.60000000","5.65000000","2024-05-27T17:24:32.977Z","buy","maker"
"9.61000000","104.00500000","2024-05-27T17:24:19.518Z","buy","maker"
"9.61000000","260.14500000","2024-05-27T17:24:19.518Z","buy","maker"
"9.61000000","104.00500000","2024-05-27T17:24:19.518Z","buy","maker"
"9.61000000","0.86600000","2024-05-27T17:24:19.518Z","buy","maker"
"9.62000000","259.87500000","2024-05-27T17:23:56.375Z","sell","maker"
"9.62000000","103.95000000","2024-05-27T17:23:56.375Z","sell","maker"
"9.62000000","103.95000000","2024-05-27T17:23:56.375Z","sell","maker"
"9.62000000","30.54100000","2024-05-27T17:23:56.375Z","sell","maker"
"9.62000000","7.40700000","2024-05-27T17:23:51.092Z","sell","maker"
"9.61000000","29.09900000","2024-05-27T17:23:46.387Z","sell","maker"
"9.61000000","74.95900000","2024-05-27T17:23:46.386Z","sell","maker"
"9.61000000","2.64900000","2024-05-27T17:23:46.386Z","sell","maker"
"9.61000000","73.16000000","2024-05-27T17:23:46.386Z","sell","maker"
"9.61000000","30.89800000","2024-05-27T17:23:46.238Z","sell","maker"
"9.61000000","104.05800000","2024-05-27T17:23:46.238Z","sell","maker"
"9.61000000","1.26600000","2024-05-27T17:23:45.534Z","buy","maker"
"9.62000000","0.88600000","2024-05-27T17:23:34.340Z","buy","maker"
"9.62000000","0.88600000","2024-05-27T17:23:34.321Z","buy","maker"
"9.62000000","259.87500000","2024-05-27T17:23:34.279Z","buy","maker"
"9.62000000","103.87000000","2024-05-27T17:23:34.279Z","buy","maker"
"9.62000000","103.85800000","2024-05-27T17:23:34.279Z","buy","maker"
"9.62000000","0.88600000","2024-05-27T17:23:34.279Z","buy","maker"
"9.63000000","259.60500000","2024-05-27T17:22:56.540Z","sell","maker"
"9.63000000","1.74600000","2024-05-27T17:22:56.540Z","sell","maker"
"9.63000000","103.84200000","2024-05-27T17:22:56.540Z","sell","maker"
"9.63000000","103.84200000","2024-05-27T17:22:56.540Z","sell","maker"
"9.63000000","0.90400000","2024-05-27T17:22:39.289Z","buy","maker"
"9.63000000","103.84200000","2024-05-27T17:22:39.278Z","buy","maker"
"9.63000000","0.85100000","2024-05-27T17:22:39.278Z","buy","maker"
"9.63000000","103.84200000","2024-05-27T17:22:39.278Z","buy","maker"
"9.63000000","39.28300000","2024-05-27T17:22:39.041Z","buy","maker"
"9.63000000","9.52800000","2024-05-27T17:22:36.060Z","buy","maker"
"9.63000000","0.85800000","2024-05-27T17:21:39.558Z","sell","maker"
"9.63000000","103.84200000","2024-05-27T17:21:39.558Z","sell","maker"
"9.63000000","103.84200000","2024-05-27T17:21:39.558Z","sell","maker"
"9.63000000","0.84900000","2024-05-27T17:21:21.483Z","buy","maker"
"9.63000000","50.43000000","2024-05-27T17:21:21.481Z","buy","maker"
"9.63000000","103.84200000","2024-05-27T17:21:21.481Z","buy","maker"
"9.63000000","1.72200000","2024-05-27T17:21:05.946Z","sell","maker"
"9.63000000","103.84200000","2024-05-27T17:21:05.946Z","sell","maker"
"9.63000000","103.84200000","2024-05-27T17:21:05.946Z","sell","maker"
"9.63000000","0.86100000","2024-05-27T17:21:04.198Z","buy","maker"
"9.63000000","91.88500000","2024-05-27T17:21:04.163Z","buy","maker"
"9.63000000","136.85600000","2024-05-27T17:21:04.162Z","buy","maker"
"9.63000000","103.84200000","2024-05-27T17:21:04.162Z","buy","maker"
"9.63000000","103.84200000","2024-05-27T17:21:04.162Z","buy","maker"
"9.63000000","0.86100000","2024-05-27T17:21:04.162Z","buy","maker"
"9.63000000","103.84200000","2024-05-27T17:20:50.764Z","sell","maker"
"9.63000000","1.71000000","2024-05-27T17:20:50.744Z","sell","maker"
"9.63000000","28.25100000","2024-05-27T17:20:50.744Z","sell","maker"
"9.63000000","75.59100000","2024-05-27T17:20:50.742Z","sell","maker"
"9.63000000","101.84000000","2024-05-27T17:20:50.742Z","sell","maker"
"9.63000000","0.00100000","2024-05-27T17:20:49.685Z","sell","maker"
"9.63000000","2.00100000","2024-05-27T17:20:49.660Z","sell","maker"
"9.63000000","0.86000000","2024-05-27T17:20:45.372Z","buy","maker"
"9.63000000","103.84200000","2024-05-27T17:20:45.360Z","buy","maker"
"9.63000000","103.84200000","2024-05-27T17:20:45.360Z","buy","maker"
"9.63000000","0.85900000","2024-05-27T17:20:45.360Z","buy","maker"
"9.63000000","103.84200000","2024-05-27T17:20:05.269Z","sell","maker"
"9.63000000","22.22800000","2024-05-27T17:20:04.829Z","sell","maker"
"9.63000000","103.84200000","2024-05-27T17:20:04.829Z","sell","maker"
"9.63000000","103.84200000","2024-05-27T17:20:04.829Z","sell","maker"
"9.63000000","0.84100000","2024-05-27T17:20:04.829Z","sell","maker"
"9.63000000","16.21200000","2024-05-27T17:20:02.494Z","buy","maker"
"9.63000000","28.67300000","2024-05-27T17:20:02.494Z","buy","maker"
"9.63000000","10.42400000","2024-05-27T17:19:59.839Z","buy","maker"
"9.64000000","0.56100000","2024-05-27T17:19:25.885Z","sell","maker"
"9.64000000","102.85600000","2024-05-27T17:18:59.488Z","buy","maker"
"9.64000000","0.87800000","2024-05-27T17:18:59.488Z","buy","maker"
"9.64000000","103.73400000","2024-05-27T17:18:59.488Z","buy","maker"
"9.64000000","259.33600000","2024-05-27T17:18:58.533Z","buy","maker"
"9.64000000","103.73400000","2024-05-27T17:18:58.533Z","buy","maker"
"9.64000000","103.73400000","2024-05-27T17:18:58.533Z","buy","maker"
"9.64000000","0.84100000","2024-05-27T17:18:58.533Z","buy","maker"
"9.64000000","0.87800000","2024-05-27T17:18:07.849Z","sell","maker"
"9.64000000","103.73400000","2024-05-27T17:18:07.849Z","sell","maker"
"9.64000000","0.87700000","2024-05-27T17:17:43.449Z","buy","maker"
"9.64000000","0.91800000","2024-05-27T17:17:42.284Z","sell","maker"
"9.64000000","226.22200000","2024-05-27T17:17:19.306Z","buy","maker"
"9.64000000","33.11400000","2024-05-27T17:17:19.304Z","buy","maker"
"9.64000000","0.90000000","2024-05-27T17:17:19.304Z","buy","maker"
"9.64000000","103.73400000","2024-05-27T17:17:19.304Z","buy","maker"
"9.64000000","103.73400000","2024-05-27T17:17:19.304Z","buy","maker"
"9.64000000","103.73400000","2024-05-27T17:17:11.614Z","sell","maker"
"9.64000000","2.69000000","2024-05-27T17:17:11.614Z","sell","maker"
"9.64000000","103.73400000","2024-05-27T17:17:11.614Z","sell","maker"
"9.64000000","0.90000000","2024-05-27T17:16:53.420Z","buy","maker"
"9.64000000","103.73400000","2024-05-27T17:16:53.365Z","buy","maker"
"9.64000000","0.90000000","2024-05-27T17:16:53.365Z","buy","maker"
"9.64000000","259.33600000","2024-05-27T17:16:53.190Z","buy","maker"
"9.64000000","0.90900000","2024-05-27T17:16:53.190Z","buy","maker"
"9.64000000","103.73400000","2024-05-27T17:16:53.190Z","buy","maker"
"9.64000000","103.73400000","2024-05-27T17:16:53.190Z","buy","maker"
"9.64000000","0.84700000","2024-05-27T17:16:49.784Z","sell","maker"
"9.64000000","103.73400000","2024-05-27T17:16:49.784Z","sell","maker"
"9.64000000","103.73400000","2024-05-27T17:16:49.784Z","sell","maker"
"9.64000000","103.73400000","2024-05-27T17:16:24.570Z","buy","maker"
"9.64000000","0.82200000","2024-05-27T17:16:24.570Z","buy","maker"
"9.64000000","103.73400000","2024-05-27T17:16:24.570Z","buy","maker"
"9.64000000","103.73400000","2024-05-27T17:16:23.737Z","sell","maker"
"9.63000000","103.84200000","2024-05-27T17:16:07.624Z","sell","maker"
"9.63000000","103.84200000","2024-05-27T17:16:07.624Z","sell","maker"
"9.63000000","3.33600000","2024-05-27T17:16:07.624Z","sell","maker"
"9.63000000","0.83800000","2024-05-27T17:15:31.298Z","buy","maker"
"9.63000000","0.83800000","2024-05-27T17:15:31.288Z","buy","maker"
"9.63000000","103.84200000","2024-05-27T17:15:31.240Z","buy","maker"
"9.63000000","0.83800000","2024-05-27T17:15:31.240Z","buy","maker"
"9.63000000","103.84200000","2024-05-27T17:15:31.220Z","buy","maker"
"9.63000000","103.84200000","2024-05-27T17:15:31.220Z","buy","maker"
"9.63000000","0.83800000","2024-05-27T17:15:31.220Z","buy","maker"
"9.63000000","31.18500000","2024-05-27T17:15:03.761Z","sell","maker"
"9.63000000","103.84200000","2024-05-27T17:15:03.761Z","sell","maker"
"9.63000000","103.84200000","2024-05-27T17:15:03.761Z","sell","maker"
"9.63000000","198.82900000","2024-05-27T17:14:21.404Z","sell","maker"
"9.63000000","1.69000000","2024-05-27T17:14:21.404Z","sell","maker"
"9.63000000","0.84900000","2024-05-27T17:14:07.638Z","buy","maker"
"9.63000000","79.58100000","2024-05-27T17:14:07.619Z","buy","maker"
"9.63000000","24.26100000","2024-05-27T17:14:07.617Z","buy","maker"
"9.63000000","0.85000000","2024-05-27T17:14:07.617Z","buy","maker"
"9.64000000","73.57800000","2024-05-27T17:13:33.975Z","sell","maker"
"9.64000000","30.54100000","2024-05-27T17:13:33.975Z","sell","maker"
"9.64000000","259.33600000","2024-05-27T17:13:33.975Z","sell","maker"
"9.64000000","103.73400000","2024-05-27T17:13:33.975Z","sell","maker"
"9.64000000","103.73400000","2024-05-27T17:13:33.975Z","sell","maker"
"9.64000000","0.86300000","2024-05-27T17:13:33.975Z","sell","maker"
"9.63000000","95.47000000","2024-05-27T17:12:51.642Z","buy","maker"
"9.64000000","51.34900000","2024-05-27T17:12:06.658Z","sell","maker"
"9.64000000","103.73400000","2024-05-27T17:11:27.173Z","buy","maker"
"9.64000000","103.73400000","2024-05-27T17:11:27.173Z","buy","maker"
"9.64000000","0.86300000","2024-05-27T17:11:20.538Z","buy","maker"
"9.64000000","259.33600000","2024-05-27T17:11:20.538Z","buy","maker"
"9.64000000","103.73400000","2024-05-27T17:11:20.538Z","buy","maker"
"9.64000000","103.73400000","2024-05-27T17:11:20.538Z","buy","maker"
"9.64000000","25.00500000","2024-05-27T17:11:01.330Z","sell","maker"
"9.64000000","103.79600000","2024-05-27T17:10:53.580Z","sell","maker"
"9.64000000","103.79600000","2024-05-27T17:10:53.562Z","sell","maker"
"9.64000000","103.79600000","2024-05-27T17:10:53.562Z","sell","maker"
"9.64000000","24.59100000","2024-05-27T17:10:53.562Z","sell","maker"
"9.64000000","234.74500000","2024-05-27T17:10:53.560Z","sell","maker"
"9.64000000","0.20700000","2024-05-27T17:10:43.347Z","sell","maker"
"9.64000000","75.55900000","2024-05-27T17:10:43.323Z","sell","maker"
"9.64000000","103.78300000","2024-05-27T17:10:43.323Z","sell","maker"
"9.64000000","30.54100000","2024-05-27T17:10:43.323Z","sell","maker"
"9.64000000","76.90000000","2024-05-27T17:10:43.323Z","sell","maker"
"9.64000000","81.23700000","2024-05-27T17:10:43.323Z","sell","maker"
"9.64000000","102.66700000","2024-05-27T17:10:43.323Z","sell","maker"
"9.64000000","46.48300000","2024-05-27T17:10:43.323Z","sell","maker"
"9.63000000","30.05500000","2024-05-27T17:10:37.102Z","buy","maker"
"9.63000000","173.46300000","2024-05-27T17:10:27.966Z","sell","maker"
"9.63000000","86.14200000","2024-05-27T17:10:27.966Z","sell","maker"
"9.63000000","13.85800000","2024-05-27T17:10:27.966Z","sell","maker"
"9.63000000","89.98400000","2024-05-27T17:10:27.966Z","sell","maker"
"9.63000000","103.84200000","2024-05-27T17:10:27.966Z","sell","maker"
"9.63000000","0.88900000","2024-05-27T17:10:27.966Z","sell","maker"
"9.63000000","30.72200000","2024-05-27T17:10:22.655Z","buy","maker"
"9.63000000","17.38100000","2024-05-27T17:10:22.655Z","buy","maker"
"9.64000000","101.66100000","2024-05-27T17:09:58.204Z","buy","maker"
"9.64000000","2.07300000","2024-05-27T17:09:42.610Z","buy","maker"
"9.64000000","42.58200000","2024-05-27T17:09:39.353Z","buy","maker"
"9.64000000","103.73400000","2024-05-27T17:09:22.107Z","buy","maker"
"9.64000000","88.75800000","2024-05-27T17:09:21.120Z","buy","maker"
"9.64000000","103.73400000","2024-05-27T17:09:20.702Z","buy","maker"
"9.64000000","103.73400000","2024-05-27T17:09:20.702Z","buy","maker"
"9.64000000","29.17100000","2024-05-27T17:09:05.305Z","buy","maker"
"9.64000000","0.88800000","2024-05-27T17:09:05.305Z","buy","maker"
"9.64000000","0.92800000","2024-05-27T17:08:39.516Z","sell","maker"
"9.64000000","0.91000000","2024-05-27T17:08:36.138Z","buy","maker"
"9.64000000","103.73400000","2024-05-27T17:08:36.138Z","buy","maker"
"9.64000000","62.25000000","2024-05-27T17:08:36.125Z","buy","maker"
"9.64000000","96.10800000","2024-05-27T17:08:32.900Z","sell","maker"
"9.64000000","103.73400000","2024-05-27T17:08:32.900Z","sell","maker"
"9.64000000","103.73400000","2024-05-27T17:08:32.900Z","sell","maker"
"9.64000000","2.71800000","2024-05-27T17:08:32.900Z","sell","maker"
"9.64000000","0.90900000","2024-05-27T17:08:28.373Z","buy","maker"
"9.64000000","0.90900000","2024-05-27T17:08:28.145Z","buy","maker"
"9.64000000","10.80600000","2024-05-27T17:08:28.139Z","buy","maker"
"9.64000000","10.80600000","2024-05-27T17:08:28.135Z","buy","maker"
"9.64000000","10.80600000","2024-05-27T17:08:28.134Z","buy","maker"
"9.64000000","9.89700000","2024-05-27T17:08:28.123Z","buy","maker"
"9.64000000","0.90900000","2024-05-27T17:08:28.123Z","buy","maker"
"9.64000000","10.80600000","2024-05-27T17:08:27.730Z","buy","maker"
"9.64000000","10.80600000","2024-05-27T17:08:27.727Z","buy","maker"
"9.64000000","10.80600000","2024-05-27T17:08:27.727Z","buy","maker"
"9.64000000","10.80600000","2024-05-27T17:08:27.723Z","buy","maker"
"9.64000000","10.80600000","2024-05-27T17:08:27.683Z","buy","maker"
"9.64000000","150.34500000","2024-05-27T17:08:20.093Z","sell","maker"
"9.64000000","108.99100000","2024-05-27T17:08:20.093Z","sell","maker"
"9.64000000","103.73400000","2024-05-27T17:08:20.093Z","sell","maker"
"9.64000000","103.73400000","2024-05-27T17:08:20.093Z","sell","maker"
"9.64000000","1.83000000","2024-05-27T17:08:20.093Z","sell","maker"
"9.65000000","31.00000000","2024-05-27T17:07:17.380Z","sell","maker"
"9.65000000","28.92000000","2024-05-27T17:06:02.796Z","buy","maker"
"9.65000000","16.35500000","2024-05-27T17:06:02.796Z","buy","maker"
"9.66000000","34.08100000","2024-05-27T17:05:50.292Z","buy","maker"
"9.66000000","103.51900000","2024-05-27T17:05:46.934Z","buy","maker"
"9.66000000","0.91800000","2024-05-27T17:05:28.406Z","buy","maker"
"9.66000000","0.92100000","2024-05-27T17:05:28.397Z","buy","maker"
"9.66000000","0.97100000","2024-05-27T17:05:22.978Z","sell","maker"
"9.66000000","103.51900000","2024-05-27T17:05:11.969Z","buy","maker"
"9.66000000","103.51900000","2024-05-27T17:05:11.969Z","buy","maker"
"9.67000000","0.97000000","2024-05-27T17:04:14.852Z","buy","maker"
"9.67000000","103.41200000","2024-05-27T17:04:14.852Z","buy","maker"
"9.67000000","103.41200000","2024-05-27T17:04:14.852Z","buy","maker"
"9.67000000","35.37500000","2024-05-27T17:04:10.210Z","sell","maker"
"9.67000000","56.57000000","2024-05-27T17:04:10.207Z","sell","maker"
"9.67000000","103.41200000","2024-05-27T17:04:10.207Z","sell","maker"
"9.67000000","0.99100000","2024-05-27T17:04:10.207Z","sell","maker"
"9.67000000","103.41200000","2024-05-27T17:04:05.646Z","buy","maker"
"9.67000000","103.41200000","2024-05-27T17:04:05.646Z","buy","maker"
"9.67000000","258.53100000","2024-05-27T17:04:04.347Z","buy","maker"
"9.67000000","0.99100000","2024-05-27T17:04:04.347Z","buy","maker"
"9.67000000","103.41200000","2024-05-27T17:04:04.347Z","buy","maker"
"9.67000000","103.41200000","2024-05-27T17:04:04.347Z","buy","maker"
"9.67000000","93.30000000","2024-05-27T17:04:03.537Z","sell","maker"
"9.66000000","46.48300000","2024-05-27T17:03:59.091Z","sell","maker"
"9.66000000","65.60000000","2024-05-27T17:03:59.091Z","sell","maker"
"9.66000000","1.00100000","2024-05-27T17:03:59.091Z","sell","maker"
"9.66000000","103.51900000","2024-05-27T17:03:59.091Z","sell","maker"
"9.66000000","103.51900000","2024-05-27T17:03:59.091Z","sell","maker"
"9.66000000","1.00200000","2024-05-27T17:03:38.420Z","buy","maker"
"9.66000000","103.51900000","2024-05-27T17:03:32.854Z","sell","maker"
"9.66000000","103.51900000","2024-05-27T17:03:32.854Z","sell","maker"
"9.66000000","103.51900000","2024-05-27T17:03:21.657Z","sell","maker"
"9.66000000","0.94000000","2024-05-27T17:03:21.657Z","sell","maker"
"9.66000000","0.94000000","2024-05-27T17:03:11.680Z","buy","maker"
"9.66000000","103.48000000","2024-05-27T17:03:11.680Z","buy","maker"