"price","volume","timestamp","type"
"5.86","1.877","2024-05-27T19:12:55.465Z","bid"
"5.83","5","2024-05-27T19:12:55.465Z","bid"
"5.8","2.694","2024-05-27T19:12:55.465Z","bid"
"5.75","0.8","2024-05-27T19:12:55.465Z","bid"
"5.7","0.871","2024-05-27T19:12:55.465Z","bid"
"5.69","180","2024-05-27T19:12:55.465Z","bid"
"5.6","10","2024-05-27T19:12:55.465Z","bid"
"5.56","5","2024-05-27T19:12:55.465Z","bid"
"5.55","45.045","2024-05-27T19:12:55.465Z","bid"
"5.5","408.484","2024-05-27T19:12:55.465Z","bid"
"5.42","180","2024-05-27T19:12:55.465Z","bid"
"5.4","184.722","2024-05-27T19:12:55.465Z","bid"
"5.35","58.771","2024-05-27T19:12:55.465Z","bid"
"5.3","28.075","2024-05-27T19:12:55.465Z","bid"
"5.28","7.9","2024-05-27T19:12:55.465Z","bid"
"5.25","1010.8","2024-05-27T19:12:55.465Z","bid"
"5.2","4.807","2024-05-27T19:12:55.465Z","bid"
"5.17","9.632","2024-05-27T19:12:55.465Z","bid"
"5.15","26","2024-05-27T19:12:55.465Z","bid"
"5.1","9.404","2024-05-27T19:12:55.465Z","bid"
"5.08","4","2024-05-27T19:12:55.465Z","bid"
"5.07","20","2024-05-27T19:12:55.465Z","bid"
"5.01","1.943","2024-05-27T19:12:55.465Z","bid"
"5","813.371","2024-05-27T19:12:55.465Z","bid"
"4.96","10","2024-05-27T19:12:55.465Z","bid"
"4.95","164.235","2024-05-27T19:12:55.465Z","bid"
"4.9","466.238","2024-05-27T19:12:55.465Z","bid"
"4.85","102.886","2024-05-27T19:12:55.465Z","bid"
"4.83","10.632","2024-05-27T19:12:55.465Z","bid"
"4.75","1","2024-05-27T19:12:55.465Z","bid"
"4.73","23.707","2024-05-27T19:12:55.465Z","bid"
"4.7","234.041","2024-05-27T19:12:55.465Z","bid"
"4.63","0.385","2024-05-27T19:12:55.465Z","bid"
"4.56","34.001","2024-05-27T19:12:55.465Z","bid"
"4.53","6.284","2024-05-27T19:12:55.465Z","bid"
"4.51","55","2024-05-27T19:12:55.465Z","bid"
"4.5","32.043","2024-05-27T19:12:55.465Z","bid"
"4.47","0.79","2024-05-27T19:12:55.465Z","bid"
"4.46","3.504","2024-05-27T19:12:55.465Z","bid"
"4.42","5","2024-05-27T19:12:55.465Z","bid"
"4.4","2.26","2024-05-27T19:12:55.465Z","bid"
"4.35","7","2024-05-27T19:12:55.465Z","bid"
"4.32","10.81","2024-05-27T19:12:55.465Z","bid"
"4.27","3.491","2024-05-27T19:12:55.465Z","bid"
"4.25","1","2024-05-27T19:12:55.465Z","bid"
"4.23","23","2024-05-27T19:12:55.465Z","bid"
"4.22","3.768","2024-05-27T19:12:55.465Z","bid"
"4.2","9.466","2024-05-27T19:12:55.465Z","bid"
"4.17","0.84","2024-05-27T19:12:55.465Z","bid"
"4.15","11","2024-05-27T19:12:55.465Z","bid"
"4.06","10","2024-05-27T19:12:55.465Z","bid"
"4.04","13.501","2024-05-27T19:12:55.465Z","bid"
"4.03","0.87","2024-05-27T19:12:55.465Z","bid"
"4.01","3.897","2024-05-27T19:12:55.465Z","bid"
"4","152.627","2024-05-27T19:12:55.465Z","bid"
"3.97","25.05","2024-05-27T19:12:55.465Z","bid"
"3.89","10","2024-05-27T19:12:55.465Z","bid"
"3.83","5","2024-05-27T19:12:55.465Z","bid"
"3.82","20","2024-05-27T19:12:55.465Z","bid"
"3.78","5","2024-05-27T19:12:55.465Z","bid"
"3.77","8.42","2024-05-27T19:12:55.465Z","bid"
"3.68","10","2024-05-27T19:12:55.465Z","bid"
"3.66","3","2024-05-27T19:12:55.465Z","bid"
"3.65","23","2024-05-27T19:12:55.465Z","bid"
"3.58","10","2024-05-27T19:12:55.465Z","bid"
"3.57","4.377","2024-05-27T19:12:55.465Z","bid"
"3.55","5.484","2024-05-27T19:12:55.465Z","bid"
"3.52","30","2024-05-27T19:12:55.465Z","bid"
"3.5","4.285","2024-05-27T19:12:55.465Z","bid"
"3.45","32","2024-05-27T19:12:55.465Z","bid"
"3.4","300","2024-05-27T19:12:55.465Z","bid"
"3.36","30","2024-05-27T19:12:55.465Z","bid"
"3.33","5","2024-05-27T19:12:55.465Z","bid"
"3.3","606.061","2024-05-27T19:12:55.465Z","bid"
"3.27","1767.585","2024-05-27T19:12:55.465Z","bid"
"3.25","3","2024-05-27T19:12:55.465Z","bid"
"3.21","340.794","2024-05-27T19:12:55.465Z","bid"
"3.16","30","2024-05-27T19:12:55.465Z","bid"
"3.14","20","2024-05-27T19:12:55.465Z","bid"
"3.12","5.009","2024-05-27T19:12:55.465Z","bid"
"3.08","30","2024-05-27T19:12:55.465Z","bid"
"3.06","10","2024-05-27T19:12:55.465Z","bid"
"3.05","20","2024-05-27T19:12:55.465Z","bid"
"3.03","0.5","2024-05-27T19:12:55.465Z","bid"
"3.01","80","2024-05-27T19:12:55.465Z","bid"
"3","21.625","2024-05-27T19:12:55.465Z","bid"
"2.97","0.2","2024-05-27T19:12:55.465Z","bid"
"2.88","40.222","2024-05-27T19:12:55.465Z","bid"
"2.72","15","2024-05-27T19:12:55.465Z","bid"
"2.68","1003","2024-05-27T19:12:55.465Z","bid"
"2.67","5.853","2024-05-27T19:12:55.465Z","bid"
"2.65","0.992","2024-05-27T19:12:55.465Z","bid"
"2.58","14.668","2024-05-27T19:12:55.465Z","bid"
"2.52","8","2024-05-27T19:12:55.465Z","bid"
"2.51","198","2024-05-27T19:12:55.465Z","bid"
"2.5","25.88","2024-05-27T19:12:55.465Z","bid"
"2.43","427.16","2024-05-27T19:12:55.465Z","bid"
"2.35","20","2024-05-27T19:12:55.465Z","bid"
"2.26","4","2024-05-27T19:12:55.465Z","bid"
"2.23","7.007","2024-05-27T19:12:55.465Z","bid"
"2.15","20","2024-05-27T19:12:55.465Z","bid"
"2.02","0.246","2024-05-27T19:12:55.465Z","bid"
"2","99.637","2024-05-27T19:12:55.465Z","bid"
"1.91","124.963","2024-05-27T19:12:55.465Z","bid"
"1.82","5","2024-05-27T19:12:55.465Z","bid"
"1.69","20.433","2024-05-27T19:12:55.465Z","bid"
"1.67","126.641","2024-05-27T19:12:55.465Z","bid"
"1.6","1.284","2024-05-27T19:12:55.465Z","bid"
"1.56","5856.222","2024-05-27T19:12:55.465Z","bid"
"1.5","500","2024-05-27T19:12:55.465Z","bid"
"1.39","10","2024-05-27T19:12:55.465Z","bid"
"1.31","17.46","2024-05-27T19:12:55.465Z","bid"
"1.01","1","2024-05-27T19:12:55.465Z","bid"
"1","515.014","2024-05-27T19:12:55.465Z","bid"
"0.98","245.58","2024-05-27T19:12:55.465Z","bid"
"0.6","49.7","2024-05-27T19:12:55.465Z","bid"
"0.5","2","2024-05-27T19:12:55.465Z","bid"
"0.1","15.614","2024-05-27T19:12:55.465Z","bid"
"0.02","70","2024-05-27T19:12:55.465Z","bid"
"0.01","17206.4","2024-05-27T19:12:55.465Z","bid"
"15.88","16.8","2024-05-27T19:12:55.464Z","ask"
"15.9","3.533","2024-05-27T19:12:55.464Z","ask"
"15.94","1.973","2024-05-27T19:12:55.464Z","ask"
"15.95","1000","2024-05-27T19:12:55.464Z","ask"
"15.97","8.255","2024-05-27T19:12:55.464Z","ask"
"15.98","3.515","2024-05-27T19:12:55.464Z","ask"
"15.99","36.461","2024-05-27T19:12:55.464Z","ask"
"16","554.089","2024-05-27T19:12:55.464Z","ask"
"16.01","1.968","2024-05-27T19:12:55.464Z","ask"
"16.05","13.199","2024-05-27T19:12:55.464Z","ask"
"16.06","3.498","2024-05-27T19:12:55.464Z","ask"
"16.09","1.968","2024-05-27T19:12:55.464Z","ask"
"16.13","1.968","2024-05-27T19:12:55.464Z","ask"
"16.14","3.48","2024-05-27T19:12:55.464Z","ask"
"16.15","0.342","2024-05-27T19:12:55.464Z","ask"
"16.17","4.611","2024-05-27T19:12:55.464Z","ask"
"16.2","64.25","2024-05-27T19:12:55.464Z","ask"
"16.21","1.968","2024-05-27T19:12:55.464Z","ask"
"16.22","3.463","2024-05-27T19:12:55.464Z","ask"
"16.23","10.461","2024-05-27T19:12:55.464Z","ask"
"16.25","1.968","2024-05-27T19:12:55.464Z","ask"
"16.28","0.5","2024-05-27T19:12:55.464Z","ask"
"16.29","32.649","2024-05-27T19:12:55.464Z","ask"
"16.3","23.446","2024-05-27T19:12:55.464Z","ask"
"16.31","3085.967","2024-05-27T19:12:55.464Z","ask"
"16.37","1","2024-05-27T19:12:55.464Z","ask"
"16.39","65.429","2024-05-27T19:12:55.464Z","ask"
"16.46","6.137","2024-05-27T19:12:55.464Z","ask"
"16.47","6.46","2024-05-27T19:12:55.464Z","ask"
"16.48","10.461","2024-05-27T19:12:55.464Z","ask"
"16.5","126.83","2024-05-27T19:12:55.464Z","ask"
"16.55","3.395","2024-05-27T19:12:55.464Z","ask"
"16.59","1.114","2024-05-27T19:12:55.464Z","ask"
"16.6","402.602","2024-05-27T19:12:55.464Z","ask"
"16.63","3.378","2024-05-27T19:12:55.464Z","ask"
"16.69","10.592","2024-05-27T19:12:55.464Z","ask"
"16.7","59.042","2024-05-27T19:12:55.464Z","ask"
"16.71","3.362","2024-05-27T19:12:55.464Z","ask"
"16.72","10.461","2024-05-27T19:12:55.464Z","ask"
"16.8","3.344","2024-05-27T19:12:55.464Z","ask"
"16.83","1.222","2024-05-27T19:12:55.464Z","ask"
"16.88","20.128","2024-05-27T19:12:55.464Z","ask"
"16.89","188.597","2024-05-27T19:12:55.464Z","ask"
"16.96","3.312","2024-05-27T19:12:55.464Z","ask"
"16.98","10.774","2024-05-27T19:12:55.464Z","ask"
"16.99","12.415","2024-05-27T19:12:55.464Z","ask"
"17","1185.765","2024-05-27T19:12:55.464Z","ask"
"17.01","20","2024-05-27T19:12:55.464Z","ask"
"17.02","1.086","2024-05-27T19:12:55.464Z","ask"
"17.05","2941.01","2024-05-27T19:12:55.464Z","ask"
"17.09","2.942","2024-05-27T19:12:55.464Z","ask"
"17.1","50","2024-05-27T19:12:55.464Z","ask"
"17.13","3.279","2024-05-27T19:12:55.464Z","ask"
"17.16","2.975","2024-05-27T19:12:55.464Z","ask"
"17.17","1.284","2024-05-27T19:12:55.464Z","ask"
"17.23","42.905","2024-05-27T19:12:55.464Z","ask"
"17.25","36.107","2024-05-27T19:12:55.464Z","ask"
"17.26","13.29","2024-05-27T19:12:55.464Z","ask"
"17.27","10","2024-05-27T19:12:55.464Z","ask"
"17.31","3.246","2024-05-27T19:12:55.464Z","ask"
"17.37","0.313","2024-05-27T19:12:55.464Z","ask"
"17.4","3.229","2024-05-27T19:12:55.464Z","ask"
"17.47","1.058","2024-05-27T19:12:55.464Z","ask"
"17.48","3.214","2024-05-27T19:12:55.464Z","ask"
"17.49","10.461","2024-05-27T19:12:55.464Z","ask"
"17.5","242.487","2024-05-27T19:12:55.464Z","ask"
"17.52","20.107","2024-05-27T19:12:55.464Z","ask"
"17.57","3.197","2024-05-27T19:12:55.464Z","ask"
"17.59","195.93","2024-05-27T19:12:55.464Z","ask"
"17.6","17.645","2024-05-27T19:12:55.464Z","ask"
"17.65","3.183","2024-05-27T19:12:55.464Z","ask"
"17.71","13.817","2024-05-27T19:12:55.464Z","ask"
"17.74","13.627","2024-05-27T19:12:55.464Z","ask"
"17.76","1.412","2024-05-27T19:12:55.464Z","ask"
"17.83","3.15","2024-05-27T19:12:55.464Z","ask"
"17.89","76.6","2024-05-27T19:12:55.464Z","ask"
"17.9","1867.534","2024-05-27T19:12:55.464Z","ask"
"17.92","12.069","2024-05-27T19:12:55.464Z","ask"
"17.93","3.134","2024-05-27T19:12:55.464Z","ask"
"17.94","117.994","2024-05-27T19:12:55.464Z","ask"
"17.95","1162.5","2024-05-27T19:12:55.464Z","ask"
"17.96","7.874","2024-05-27T19:12:55.464Z","ask"
"17.98","32.772","2024-05-27T19:12:55.464Z","ask"
"17.99","7","2024-05-27T19:12:55.464Z","ask"
"18","1708.975","2024-05-27T19:12:55.464Z","ask"
"18.02","3.118","2024-05-27T19:12:55.464Z","ask"
"18.03","0.115","2024-05-27T19:12:55.464Z","ask"
"18.05","0.115","2024-05-27T19:12:55.464Z","ask"
"18.07","30.189","2024-05-27T19:12:55.464Z","ask"
"18.1","11.756","2024-05-27T19:12:55.464Z","ask"
"18.12","13.577","2024-05-27T19:12:55.464Z","ask"
"18.13","33.007","2024-05-27T19:12:55.464Z","ask"
"18.14","1.284","2024-05-27T19:12:55.464Z","ask"
"18.19","3.388","2024-05-27T19:12:55.464Z","ask"
"18.2","0.291","2024-05-27T19:12:55.464Z","ask"
"18.21","2","2024-05-27T19:12:55.464Z","ask"
"18.22","3000","2024-05-27T19:12:55.464Z","ask"
"18.23","32.96","2024-05-27T19:12:55.464Z","ask"
"18.25","32.313","2024-05-27T19:12:55.464Z","ask"
"18.26","3000.1","2024-05-27T19:12:55.464Z","ask"
"18.28","3.073","2024-05-27T19:12:55.464Z","ask"
"18.32","3000","2024-05-27T19:12:55.464Z","ask"
"18.35","17.22","2024-05-27T19:12:55.464Z","ask"
"18.37","3.058","2024-05-27T19:12:55.464Z","ask"
"18.39","1.005","2024-05-27T19:12:55.464Z","ask"
"18.42","0.75","2024-05-27T19:12:55.464Z","ask"
"18.46","3.043","2024-05-27T19:12:55.464Z","ask"
"18.47","10.872","2024-05-27T19:12:55.464Z","ask"
"18.49","1.007","2024-05-27T19:12:55.464Z","ask"
"18.5","125.797","2024-05-27T19:12:55.464Z","ask"
"18.53","150","2024-05-27T19:12:55.464Z","ask"
"18.54","416.063","2024-05-27T19:12:55.464Z","ask"
"18.56","3.026","2024-05-27T19:12:55.464Z","ask"
"18.6","243.273","2024-05-27T19:12:55.464Z","ask"
"18.63","8.014","2024-05-27T19:12:55.464Z","ask"
"18.66","3.01","2024-05-27T19:12:55.464Z","ask"
"18.67","1.007","2024-05-27T19:12:55.464Z","ask"
"18.69","0.111","2024-05-27T19:12:55.464Z","ask"
"18.73","45.752","2024-05-27T19:12:55.464Z","ask"
"18.75","9.795","2024-05-27T19:12:55.464Z","ask"
"18.76","13.479","2024-05-27T19:12:55.464Z","ask"
"18.77","2.994","2024-05-27T19:12:55.464Z","ask"
"18.8","155.845","2024-05-27T19:12:55.464Z","ask"
"18.83","5.38","2024-05-27T19:12:55.464Z","ask"
"18.86","30.203","2024-05-27T19:12:55.464Z","ask"
"18.87","3.957","2024-05-27T19:12:55.464Z","ask"
"18.88","16.8","2024-05-27T19:12:55.464Z","ask"
"18.91","21.554","2024-05-27T19:12:55.464Z","ask"
"18.96","210.97","2024-05-27T19:12:55.464Z","ask"
"18.97","2.962","2024-05-27T19:12:55.464Z","ask"
"18.98","0.291","2024-05-27T19:12:55.464Z","ask"
"18.99","15","2024-05-27T19:12:55.464Z","ask"
"19","570.465","2024-05-27T19:12:55.464Z","ask"
"19.07","2.946","2024-05-27T19:12:55.464Z","ask"
"19.1","6416.965","2024-05-27T19:12:55.464Z","ask"
"19.11","1.284","2024-05-27T19:12:55.464Z","ask"
"19.12","831.5","2024-05-27T19:12:55.464Z","ask"
"19.14","0.108","2024-05-27T19:12:55.464Z","ask"
"19.16","0.108","2024-05-27T19:12:55.464Z","ask"
"19.17","4.132","2024-05-27T19:12:55.464Z","ask"
"19.19","10.108","2024-05-27T19:12:55.464Z","ask"
"19.2","31.231","2024-05-27T19:12:55.464Z","ask"
"19.25","41.558","2024-05-27T19:12:55.464Z","ask"
"19.27","2.915","2024-05-27T19:12:55.464Z","ask"
"19.28","2.808","2024-05-27T19:12:55.464Z","ask"
"19.37","3.854","2024-05-27T19:12:55.464Z","ask"
"19.43","4.618","2024-05-27T19:12:55.464Z","ask"
"19.44","25","2024-05-27T19:12:55.464Z","ask"
"19.47","32.885","2024-05-27T19:12:55.464Z","ask"
"19.48","273.798","2024-05-27T19:12:55.464Z","ask"
"19.49","5000","2024-05-27T19:12:55.464Z","ask"
"19.5","547.911","2024-05-27T19:12:55.464Z","ask"
"19.58","2.869","2024-05-27T19:12:55.464Z","ask"
"19.6","15.077","2024-05-27T19:12:55.464Z","ask"
"19.64","1.923","2024-05-27T19:12:55.464Z","ask"
"19.68","10.559","2024-05-27T19:12:55.464Z","ask"
"19.7","8.262","2024-05-27T19:12:55.464Z","ask"
"19.78","1","2024-05-27T19:12:55.464Z","ask"
"19.8","47.155","2024-05-27T19:12:55.464Z","ask"
"19.81","31.499","2024-05-27T19:12:55.464Z","ask"
"19.82","50","2024-05-27T19:12:55.464Z","ask"
"19.84","50.141","2024-05-27T19:12:55.464Z","ask"
"19.86","144.852","2024-05-27T19:12:55.464Z","ask"
"19.87","2.523","2024-05-27T19:12:55.464Z","ask"
"19.88","35.93","2024-05-27T19:12:55.464Z","ask"
"19.89","34.157","2024-05-27T19:12:55.464Z","ask"
"19.9","10192.41","2024-05-27T19:12:55.464Z","ask"
"19.91","7.613","2024-05-27T19:12:55.464Z","ask"
"19.96","82.208","2024-05-27T19:12:55.464Z","ask"
"19.98","10.316","2024-05-27T19:12:55.464Z","ask"
"19.99","5016","2024-05-27T19:12:55.464Z","ask"
"20","5900.695","2024-05-27T19:12:55.464Z","ask"
"20.01","5.433","2024-05-27T19:12:55.464Z","ask"
"20.08","1.284","2024-05-27T19:12:55.464Z","ask"
"20.15","51.052","2024-05-27T19:12:55.464Z","ask"
"20.3","45.617","2024-05-27T19:12:55.464Z","ask"
"20.39","569.834","2024-05-27T19:12:55.464Z","ask"
"20.45","5.948","2024-05-27T19:12:55.464Z","ask"
"20.49","5000","2024-05-27T19:12:55.464Z","ask"
"20.5","9.932","2024-05-27T19:12:55.464Z","ask"
"20.52","0.2","2024-05-27T19:12:55.464Z","ask"
"20.57","0.49","2024-05-27T19:12:55.464Z","ask"
"20.63","5.84","2024-05-27T19:12:55.464Z","ask"
"20.77","1.449","2024-05-27T19:12:55.464Z","ask"
"20.88","1.263","2024-05-27T19:12:55.464Z","ask"
"20.91","0.1","2024-05-27T19:12:55.464Z","ask"
"20.95","12","2024-05-27T19:12:55.464Z","ask"
"20.96","5.843","2024-05-27T19:12:55.464Z","ask"
"20.98","0.73","2024-05-27T19:12:55.464Z","ask"
"20.99","5019","2024-05-27T19:12:55.464Z","ask"
"21","7284.198","2024-05-27T19:12:55.464Z","ask"
"21.05","1.284","2024-05-27T19:12:55.464Z","ask"
"21.2","69.794","2024-05-27T19:12:55.464Z","ask"
"21.21","9.727","2024-05-27T19:12:55.464Z","ask"
"21.25","76","2024-05-27T19:12:55.464Z","ask"
"21.37","0.047","2024-05-27T19:12:55.464Z","ask"
"21.44","1","2024-05-27T19:12:55.464Z","ask"
"21.88","1","2024-05-27T19:12:55.464Z","ask"
"21.89","988.798","2024-05-27T19:12:55.464Z","ask"
"21.96","0.1","2024-05-27T19:12:55.464Z","ask"
"21.99","23.898","2024-05-27T19:12:55.464Z","ask"
"22","459.183","2024-05-27T19:12:55.464Z","ask"
"22.02","1.284","2024-05-27T19:12:55.464Z","ask"
"22.22","70.431","2024-05-27T19:12:55.464Z","ask"
"22.32","24.3","2024-05-27T19:12:55.464Z","ask"
"22.5","44.516","2024-05-27T19:12:55.464Z","ask"
"22.62","10","2024-05-27T19:12:55.464Z","ask"
"22.99","1.284","2024-05-27T19:12:55.464Z","ask"
"23","958.209","2024-05-27T19:12:55.464Z","ask"
"23.14","6","2024-05-27T19:12:55.464Z","ask"
"23.33","21.486","2024-05-27T19:12:55.464Z","ask"
"23.4","6.387","2024-05-27T19:12:55.464Z","ask"
"23.46","53.653","2024-05-27T19:12:55.464Z","ask"
"23.5","674.829","2024-05-27T19:12:55.464Z","ask"
"23.75","66.633","2024-05-27T19:12:55.464Z","ask"
"23.96","1.284","2024-05-27T19:12:55.464Z","ask"
"23.98","25.267","2024-05-27T19:12:55.464Z","ask"
"23.99","0.134","2024-05-27T19:12:55.464Z","ask"
"24","335.398","2024-05-27T19:12:55.464Z","ask"
"24.1","291.26","2024-05-27T19:12:55.464Z","ask"
"24.3","1","2024-05-27T19:12:55.464Z","ask"
"24.44","40","2024-05-27T19:12:55.464Z","ask"
"24.48","10","2024-05-27T19:12:55.464Z","ask"
"24.5","21.655","2024-05-27T19:12:55.464Z","ask"
"24.75","20.253","2024-05-27T19:12:55.464Z","ask"
"24.78","1.631","2024-05-27T19:12:55.464Z","ask"
"24.93","2.491","2024-05-27T19:12:55.464Z","ask"
"24.99","0.443","2024-05-27T19:12:55.464Z","ask"
"25","446.646","2024-05-27T19:12:55.464Z","ask"
"25.1","6.5","2024-05-27T19:12:55.464Z","ask"
"25.42","12.23","2024-05-27T19:12:55.464Z","ask"
"25.55","33","2024-05-27T19:12:55.464Z","ask"
"25.85","5","2024-05-27T19:12:55.464Z","ask"
"25.88","0.891","2024-05-27T19:12:55.464Z","ask"
"25.9","1.284","2024-05-27T19:12:55.464Z","ask"
"26","30.545","2024-05-27T19:12:55.464Z","ask"
"26.17","9.061","2024-05-27T19:12:55.464Z","ask"
"26.48","10","2024-05-27T19:12:55.464Z","ask"
"26.5","750","2024-05-27T19:12:55.464Z","ask"
"26.8","1.8","2024-05-27T19:12:55.464Z","ask"
"26.87","1.284","2024-05-27T19:12:55.464Z","ask"
"27","146.565","2024-05-27T19:12:55.464Z","ask"
"27.3","1.5","2024-05-27T19:12:55.464Z","ask"
"27.5","57.602","2024-05-27T19:12:55.464Z","ask"
"27.65","4000","2024-05-27T19:12:55.464Z","ask"
"27.77","0.5","2024-05-27T19:12:55.464Z","ask"
"27.81","6.501","2024-05-27T19:12:55.464Z","ask"
"27.84","1.284","2024-05-27T19:12:55.464Z","ask"
"27.9","246.264","2024-05-27T19:12:55.464Z","ask"
"27.95","12","2024-05-27T19:12:55.464Z","ask"
"28","6743.864","2024-05-27T19:12:55.464Z","ask"
"28.03","0.9","2024-05-27T19:12:55.464Z","ask"
"28.11","100","2024-05-27T19:12:55.464Z","ask"
"28.81","1.284","2024-05-27T19:12:55.464Z","ask"
"28.88","34.98","2024-05-27T19:12:55.464Z","ask"
"29","53.142","2024-05-27T19:12:55.464Z","ask"
"29.2","2.5","2024-05-27T19:12:55.464Z","ask"
"29.4","6.82","2024-05-27T19:12:55.464Z","ask"
"29.43","9.979","2024-05-27T19:12:55.464Z","ask"
"29.44","40","2024-05-27T19:12:55.464Z","ask"
"29.64","3.774","2024-05-27T19:12:55.464Z","ask"
"29.69","10","2024-05-27T19:12:55.464Z","ask"
"29.78","1.284","2024-05-27T19:12:55.464Z","ask"
"29.87","6.713","2024-05-27T19:12:55.464Z","ask"
"29.89","20","2024-05-27T19:12:55.464Z","ask"
"29.9","1","2024-05-27T19:12:55.464Z","ask"
"29.96","0.5","2024-05-27T19:12:55.464Z","ask"
"29.99","4.931","2024-05-27T19:12:55.464Z","ask"
"30","235.312","2024-05-27T19:12:55.464Z","ask"
"30.09","4.944","2024-05-27T19:12:55.464Z","ask"
"30.17","1.284","2024-05-27T19:12:55.464Z","ask"
"30.25","5","2024-05-27T19:12:55.464Z","ask"
"30.44","1","2024-05-27T19:12:55.464Z","ask"
"30.5","8.803","2024-05-27T19:12:55.464Z","ask"
"31","20","2024-05-27T19:12:55.464Z","ask"
"31.9","0.5","2024-05-27T19:12:55.464Z","ask"
"32","70.334","2024-05-27T19:12:55.464Z","ask"
"32.2","2.149","2024-05-27T19:12:55.464Z","ask"
"32.23","0.125","2024-05-27T19:12:55.464Z","ask"
"32.55","5","2024-05-27T19:12:55.464Z","ask"
"32.87","92.009","2024-05-27T19:12:55.464Z","ask"
"33","201.3","2024-05-27T19:12:55.464Z","ask"
"33.3","0.5","2024-05-27T19:12:55.464Z","ask"
"33.33","30.079","2024-05-27T19:12:55.464Z","ask"
"33.41","1","2024-05-27T19:12:55.464Z","ask"
"34","20.375","2024-05-27T19:12:55.464Z","ask"
"34.4","2.885","2024-05-27T19:12:55.464Z","ask"
"34.46","5","2024-05-27T19:12:55.464Z","ask"
"34.66","300","2024-05-27T19:12:55.464Z","ask"
"34.95","24","2024-05-27T19:12:55.464Z","ask"
"35","120.796","2024-05-27T19:12:55.464Z","ask"
"36","37.014","2024-05-27T19:12:55.464Z","ask"
"36.27","0.83","2024-05-27T19:12:55.464Z","ask"
"36.5","4000","2024-05-27T19:12:55.464Z","ask"
"37","6","2024-05-27T19:12:55.464Z","ask"
"37.1","1.631","2024-05-27T19:12:55.464Z","ask"
"37.14","750","2024-05-27T19:12:55.464Z","ask"
"37.5","0.396","2024-05-27T19:12:55.464Z","ask"
"37.69","5","2024-05-27T19:12:55.464Z","ask"
"38","33.476","2024-05-27T19:12:55.464Z","ask"
"38.03","0.799","2024-05-27T19:12:55.464Z","ask"
"38.24","10","2024-05-27T19:12:55.464Z","ask"
"38.5","2.3","2024-05-27T19:12:55.464Z","ask"
"38.9","336.635","2024-05-27T19:12:55.464Z","ask"
"38.96","133.804","2024-05-27T19:12:55.464Z","ask"
"39","77.023","2024-05-27T19:12:55.464Z","ask"
"39.79","36.678","2024-05-27T19:12:55.464Z","ask"
"39.89","22.864","2024-05-27T19:12:55.464Z","ask"
"40","383.197","2024-05-27T19:12:55.464Z","ask"
"40.44","5.487","2024-05-27T19:12:55.464Z","ask"
"41","254.448","2024-05-27T19:12:55.464Z","ask"
"41.75","42.713","2024-05-27T19:12:55.464Z","ask"
"42","27.767","2024-05-27T19:12:55.464Z","ask"
"42.2","0.5","2024-05-27T19:12:55.464Z","ask"
"43.32","300","2024-05-27T19:12:55.464Z","ask"
"44","53.498","2024-05-27T19:12:55.464Z","ask"
"44.34","3.773","2024-05-27T19:12:55.464Z","ask"
"44.44","45.118","2024-05-27T19:12:55.464Z","ask"
"45","57.27","2024-05-27T19:12:55.464Z","ask"
"45.55","2.218","2024-05-27T19:12:55.464Z","ask"
"45.8","8.756","2024-05-27T19:12:55.464Z","ask"
"46.11","7.417","2024-05-27T19:12:55.464Z","ask"
"47","72.023","2024-05-27T19:12:55.464Z","ask"
"47.77","0.5","2024-05-27T19:12:55.464Z","ask"
"48","9.447","2024-05-27T19:12:55.464Z","ask"
"48.3","2.14","2024-05-27T19:12:55.464Z","ask"
"48.5","0.8","2024-05-27T19:12:55.464Z","ask"
"48.7","1.5","2024-05-27T19:12:55.464Z","ask"
"48.9","50","2024-05-27T19:12:55.464Z","ask"
"49","112.225","2024-05-27T19:12:55.464Z","ask"
"49.24","10","2024-05-27T19:12:55.464Z","ask"
"49.42","1.631","2024-05-27T19:12:55.464Z","ask"
"49.95","1","2024-05-27T19:12:55.464Z","ask"
"49.96","0.5","2024-05-27T19:12:55.464Z","ask"
"50","17736.72","2024-05-27T19:12:55.464Z","ask"
"50.3","1","2024-05-27T19:12:55.464Z","ask"
"50.8","1.8","2024-05-27T19:12:55.464Z","ask"
"51.69","820.987","2024-05-27T19:12:55.464Z","ask"
"52.2","0.5","2024-05-27T19:12:55.464Z","ask"
"54","16.267","2024-05-27T19:12:55.464Z","ask"
"55","77.279","2024-05-27T19:12:55.464Z","ask"
"55.55","36.094","2024-05-27T19:12:55.464Z","ask"
"57.19","300","2024-05-27T19:12:55.464Z","ask"
"57.77","0.5","2024-05-27T19:12:55.464Z","ask"
"58.4","0.972","2024-05-27T19:12:55.464Z","ask"
"58.5","87.629","2024-05-27T19:12:55.464Z","ask"
"59","100","2024-05-27T19:12:55.464Z","ask"
"60","641.958","2024-05-27T19:12:55.464Z","ask"
"60.33","39.079","2024-05-27T19:12:55.464Z","ask"
"60.4","2","2024-05-27T19:12:55.464Z","ask"
"61","4.047","2024-05-27T19:12:55.464Z","ask"
"61.74","1.631","2024-05-27T19:12:55.464Z","ask"
"61.94","7.417","2024-05-27T19:12:55.464Z","ask"
"62.2","0.5","2024-05-27T19:12:55.464Z","ask"
"64.4","2.14","2024-05-27T19:12:55.464Z","ask"
"65","975.405","2024-05-27T19:12:55.464Z","ask"
"65.4","2","2024-05-27T19:12:55.464Z","ask"
"66","13.297","2024-05-27T19:12:55.464Z","ask"
"66.55","45.192","2024-05-27T19:12:55.464Z","ask"
"67.45","3.047","2024-05-27T19:12:55.464Z","ask"
"67.77","0.5","2024-05-27T19:12:55.464Z","ask"
"68","150.381","2024-05-27T19:12:55.464Z","ask"
"69","25","2024-05-27T19:12:55.464Z","ask"
"69.62","123.002","2024-05-27T19:12:55.464Z","ask"
"69.69","30.179","2024-05-27T19:12:55.464Z","ask"
"69.91","180","2024-05-27T19:12:55.464Z","ask"
"70","19.304","2024-05-27T19:12:55.464Z","ask"
"71","3.145","2024-05-27T19:12:55.464Z","ask"
"72.6","145","2024-05-27T19:12:55.464Z","ask"
"73","25","2024-05-27T19:12:55.464Z","ask"
"74","497.48","2024-05-27T19:12:55.464Z","ask"
"74.05","1.631","2024-05-27T19:12:55.464Z","ask"
"75","133.264","2024-05-27T19:12:55.464Z","ask"
"75.5","2","2024-05-27T19:12:55.464Z","ask"
"76","5.1","2024-05-27T19:12:55.464Z","ask"
"77","34.196","2024-05-27T19:12:55.464Z","ask"
"77.7","0.139","2024-05-27T19:12:55.464Z","ask"
"77.77","51.563","2024-05-27T19:12:55.464Z","ask"
"78","1","2024-05-27T19:12:55.464Z","ask"
"79","46.415","2024-05-27T19:12:55.464Z","ask"
"80","426.375","2024-05-27T19:12:55.464Z","ask"
"80.5","2","2024-05-27T19:12:55.464Z","ask"
"81","0.166","2024-05-27T19:12:55.464Z","ask"
"82","3","2024-05-27T19:12:55.464Z","ask"
"85.5","2","2024-05-27T19:12:55.464Z","ask"
"86","15.587","2024-05-27T19:12:55.464Z","ask"
"86.37","1.631","2024-05-27T19:12:55.464Z","ask"
"87","337.592","2024-05-27T19:12:55.464Z","ask"
"88","2.765","2024-05-27T19:12:55.464Z","ask"
"88.12","30.178","2024-05-27T19:12:55.464Z","ask"
"89","0.5","2024-05-27T19:12:55.464Z","ask"
"90","200.424","2024-05-27T19:12:55.464Z","ask"
"90.5","2","2024-05-27T19:12:55.464Z","ask"
"95","10.828","2024-05-27T19:12:55.464Z","ask"
"95.6","2","2024-05-27T19:12:55.464Z","ask"
"96","0.5","2024-05-27T19:12:55.464Z","ask"
"98","40","2024-05-27T19:12:55.464Z","ask"
"98.69","1.631","2024-05-27T19:12:55.464Z","ask"
"98.88","32.254","2024-05-27T19:12:55.464Z","ask"
"99","28.98","2024-05-27T19:12:55.464Z","ask"
"99.2","238.032","2024-05-27T19:12:55.464Z","ask"
"99.44","5","2024-05-27T19:12:55.464Z","ask"
"99.97","10.216","2024-05-27T19:12:55.464Z","ask"
"99.99","3.287","2024-05-27T19:12:55.464Z","ask"
"100","1615.403","2024-05-27T19:12:55.464Z","ask"
"100.6","5","2024-05-27T19:12:55.464Z","ask"
"101","276.912","2024-05-27T19:12:55.464Z","ask"
"102.8","50.136","2024-05-27T19:12:55.464Z","ask"
"105.6","3","2024-05-27T19:12:55.464Z","ask"
"107.4","162.092","2024-05-27T19:12:55.464Z","ask"
"110","20","2024-05-27T19:12:55.464Z","ask"
"110.6","3","2024-05-27T19:12:55.464Z","ask"
"111","5.007","2024-05-27T19:12:55.464Z","ask"
"111.01","1.631","2024-05-27T19:12:55.464Z","ask"
"115","3","2024-05-27T19:12:55.464Z","ask"
"119","200","2024-05-27T19:12:55.464Z","ask"
"119.97","6.25","2024-05-27T19:12:55.464Z","ask"
"120","358.313","2024-05-27T19:12:55.464Z","ask"
"120.6","342.38","2024-05-27T19:12:55.464Z","ask"
"120.7","3","2024-05-27T19:12:55.464Z","ask"
"121","16.267","2024-05-27T19:12:55.464Z","ask"
"123.33","1.634","2024-05-27T19:12:55.464Z","ask"
"125","13.154","2024-05-27T19:12:55.464Z","ask"
"129","19.998","2024-05-27T19:12:55.464Z","ask"
"130","11","2024-05-27T19:12:55.464Z","ask"
"130.8","5","2024-05-27T19:12:55.464Z","ask"
"131.4","80","2024-05-27T19:12:55.464Z","ask"
"134","202.321","2024-05-27T19:12:55.464Z","ask"
"135","43.864","2024-05-27T19:12:55.464Z","ask"
"135.8","5","2024-05-27T19:12:55.464Z","ask"
"140","35.052","2024-05-27T19:12:55.464Z","ask"
"140.8","5","2024-05-27T19:12:55.464Z","ask"
"144.4","6.25","2024-05-27T19:12:55.464Z","ask"
"145.8","5","2024-05-27T19:12:55.464Z","ask"
"148.76","151.54","2024-05-27T19:12:55.464Z","ask"
"149","0.1","2024-05-27T19:12:55.464Z","ask"
"150","49.653","2024-05-27T19:12:55.464Z","ask"
"150.9","10","2024-05-27T19:12:55.464Z","ask"
"155","10.623","2024-05-27T19:12:55.464Z","ask"
"155.9","5","2024-05-27T19:12:55.464Z","ask"
"160","6","2024-05-27T19:12:55.464Z","ask"
"160.9","5","2024-05-27T19:12:55.464Z","ask"
"166","5","2024-05-27T19:12:55.464Z","ask"
"170","29.36","2024-05-27T19:12:55.464Z","ask"
"171","5","2024-05-27T19:12:55.464Z","ask"
"176","5","2024-05-27T19:12:55.464Z","ask"
"177.7","5","2024-05-27T19:12:55.464Z","ask"
"180","1","2024-05-27T19:12:55.464Z","ask"
"181","4.641","2024-05-27T19:12:55.464Z","ask"
"190.32","46","2024-05-27T19:12:55.464Z","ask"
"197.77","2.5","2024-05-27T19:12:55.464Z","ask"
"200","197.31","2024-05-27T19:12:55.464Z","ask"
"210","0.424","2024-05-27T19:12:55.464Z","ask"
"234.56","0.555","2024-05-27T19:12:55.464Z","ask"
"248.78","46","2024-05-27T19:12:55.464Z","ask"
"250","18.5","2024-05-27T19:12:55.464Z","ask"
"267","15.793","2024-05-27T19:12:55.464Z","ask"
"300","150","2024-05-27T19:12:55.464Z","ask"
"320","7","2024-05-27T19:12:55.464Z","ask"
"480","5","2024-05-27T19:12:55.464Z","ask"
"640","6","2024-05-27T19:12:55.464Z","ask"
"800","13.401","2024-05-27T19:12:55.464Z","ask"
"900","1.383","2024-05-27T19:12:55.464Z","ask"
"960","6.185","2024-05-27T19:12:55.464Z","ask"
"1000","1.139","2024-05-27T19:12:55.464Z","ask"
"1280","1.341","2024-05-27T19:12:55.464Z","ask"
"1559","0.883","2024-05-27T19:12:55.464Z","ask"
"1987","0.379","2024-05-27T19:12:55.464Z","ask"
"7140","14","2024-05-27T19:12:55.464Z","ask"
"10000","0.184","2024-05-27T19:12:55.464Z","ask"
"9.56","256.342","2024-05-27T19:12:55.464Z","bid"
"9.55","5941.588","2024-05-27T19:12:55.464Z","bid"
"9.54","6562.8","2024-05-27T19:12:55.464Z","bid"
"9.53","2680.24","2024-05-27T19:12:55.464Z","bid"
"9.52","120.274","2024-05-27T19:12:55.464Z","bid"
"9.51","5729.551","2024-05-27T19:12:55.464Z","bid"
"9.5","2811.705","2024-05-27T19:12:55.464Z","bid"
"9.49","247.845","2024-05-27T19:12:55.464Z","bid"
"9.48","1321.757","2024-05-27T19:12:55.464Z","bid"
"9.47","82.126","2024-05-27T19:12:55.464Z","bid"
"9.46","5389.481","2024-05-27T19:12:55.464Z","bid"
"9.45","169.6","2024-05-27T19:12:55.464Z","bid"
"9.44","643.476","2024-05-27T19:12:55.464Z","bid"
"9.43","662.838","2024-05-27T19:12:55.464Z","bid"
"9.42","100.04","2024-05-27T19:12:55.464Z","bid"
"9.41","31.889","2024-05-27T19:12:55.464Z","bid"
"9.4","107.008","2024-05-27T19:12:55.464Z","bid"
"9.39","685.139","2024-05-27T19:12:55.464Z","bid"
"9.37","1.838","2024-05-27T19:12:55.464Z","bid"
"9.36","4.06","2024-05-27T19:12:55.464Z","bid"
"9.35","1.935","2024-05-27T19:12:55.464Z","bid"
"9.34","72.167","2024-05-27T19:12:55.464Z","bid"
"9.32","318.899","2024-05-27T19:12:55.464Z","bid"
"9.29","10.676","2024-05-27T19:12:55.464Z","bid"
"9.28","3.296","2024-05-27T19:12:55.464Z","bid"
"9.27","260.841","2024-05-27T19:12:55.464Z","bid"
"9.26","7.343","2024-05-27T19:12:55.464Z","bid"
"9.25","397.987","2024-05-27T19:12:55.464Z","bid"
"9.24","2.267","2024-05-27T19:12:55.464Z","bid"
"9.23","1.318","2024-05-27T19:12:55.464Z","bid"
"9.22","315.345","2024-05-27T19:12:55.464Z","bid"
"9.18","1.326","2024-05-27T19:12:55.464Z","bid"
"9.17","4.803","2024-05-27T19:12:55.464Z","bid"
"9.15","20.68","2024-05-27T19:12:55.464Z","bid"
"9.14","6.331","2024-05-27T19:12:55.464Z","bid"
"9.12","10.553","2024-05-27T19:12:55.464Z","bid"
"9.11","1.963","2024-05-27T19:12:55.464Z","bid"
"9.09","1.339","2024-05-27T19:12:55.464Z","bid"
"9.07","2.762","2024-05-27T19:12:55.464Z","bid"
"9.05","1.345","2024-05-27T19:12:55.464Z","bid"
"9.03","0.787","2024-05-27T19:12:55.464Z","bid"
"9.02","11.23","2024-05-27T19:12:55.464Z","bid"
"9.01","6.054","2024-05-27T19:12:55.464Z","bid"
"9","134.774","2024-05-27T19:12:55.464Z","bid"
"8.97","0.563","2024-05-27T19:12:55.464Z","bid"
"8.96","43.161","2024-05-27T19:12:55.464Z","bid"
"8.95","0.787","2024-05-27T19:12:55.464Z","bid"
"8.93","61.911","2024-05-27T19:12:55.464Z","bid"
"8.92","0.816","2024-05-27T19:12:55.464Z","bid"
"8.91","1.366","2024-05-27T19:12:55.464Z","bid"
"8.9","21.235","2024-05-27T19:12:55.464Z","bid"
"8.88","10.676","2024-05-27T19:12:55.464Z","bid"
"8.87","3.957","2024-05-27T19:12:55.464Z","bid"
"8.86","11.275","2024-05-27T19:12:55.464Z","bid"
"8.85","0.686","2024-05-27T19:12:55.464Z","bid"
"8.83","5.097","2024-05-27T19:12:55.464Z","bid"
"8.82","16.659","2024-05-27T19:12:55.464Z","bid"
"8.81","50","2024-05-27T19:12:55.464Z","bid"
"8.78","1.386","2024-05-27T19:12:55.464Z","bid"
"8.77","0.575","2024-05-27T19:12:55.464Z","bid"
"8.74","17.071","2024-05-27T19:12:55.464Z","bid"
"8.72","0.579","2024-05-27T19:12:55.464Z","bid"
"8.71","0.569","2024-05-27T19:12:55.464Z","bid"
"8.7","10.572","2024-05-27T19:12:55.464Z","bid"
"8.69","382.604","2024-05-27T19:12:55.464Z","bid"
"8.67","12.023","2024-05-27T19:12:55.464Z","bid"
"8.65","3.798","2024-05-27T19:12:55.464Z","bid"
"8.64","2.07","2024-05-27T19:12:55.464Z","bid"
"8.61","39.699","2024-05-27T19:12:55.464Z","bid"
"8.6","130.717","2024-05-27T19:12:55.464Z","bid"
"8.59","1.157","2024-05-27T19:12:55.464Z","bid"
"8.56","12.505","2024-05-27T19:12:55.464Z","bid"
"8.52","3.428","2024-05-27T19:12:55.464Z","bid"
"8.5","274.357","2024-05-27T19:12:55.464Z","bid"
"8.48","3.159","2024-05-27T19:12:55.464Z","bid"
"8.47","10.674","2024-05-27T19:12:55.464Z","bid"
"8.46","1.546","2024-05-27T19:12:55.464Z","bid"
"8.45","1.725","2024-05-27T19:12:55.464Z","bid"
"8.44","3.166","2024-05-27T19:12:55.464Z","bid"
"8.43","1.284","2024-05-27T19:12:55.464Z","bid"
"8.41","3.673","2024-05-27T19:12:55.464Z","bid"
"8.4","10.658","2024-05-27T19:12:55.464Z","bid"
"8.39","2735.113","2024-05-27T19:12:55.464Z","bid"
"8.35","121.217","2024-05-27T19:12:55.464Z","bid"
"8.34","10.678","2024-05-27T19:12:55.464Z","bid"
"8.32","350.857","2024-05-27T19:12:55.464Z","bid"
"8.31","1.465","2024-05-27T19:12:55.464Z","bid"
"8.29","6.007","2024-05-27T19:12:55.464Z","bid"
"8.28","0.34","2024-05-27T19:12:55.464Z","bid"
"8.27","1.472","2024-05-27T19:12:55.464Z","bid"
"8.25","10","2024-05-27T19:12:55.464Z","bid"
"8.23","1.479","2024-05-27T19:12:55.464Z","bid"
"8.22","1.239","2024-05-27T19:12:55.464Z","bid"
"8.2","19.219","2024-05-27T19:12:55.464Z","bid"
"8.19","40.6","2024-05-27T19:12:55.464Z","bid"
"8.18","121.821","2024-05-27T19:12:55.464Z","bid"
"8.15","32.045","2024-05-27T19:12:55.464Z","bid"
"8.13","0.5","2024-05-27T19:12:55.464Z","bid"
"8.11","1.501","2024-05-27T19:12:55.464Z","bid"
"8.1","123","2024-05-27T19:12:55.464Z","bid"
"8.07","2.124","2024-05-27T19:12:55.464Z","bid"
"8.03","13.938","2024-05-27T19:12:55.464Z","bid"
"8.02","0.25","2024-05-27T19:12:55.464Z","bid"
"8.01","4500","2024-05-27T19:12:55.464Z","bid"
"8","128.191","2024-05-27T19:12:55.464Z","bid"
"7.99","2.023","2024-05-27T19:12:55.464Z","bid"
"7.97","2.244","2024-05-27T19:12:55.464Z","bid"
"7.95","490.531","2024-05-27T19:12:55.464Z","bid"
"7.91","1.539","2024-05-27T19:12:55.464Z","bid"
"7.9","10","2024-05-27T19:12:55.464Z","bid"
"7.89","132.623","2024-05-27T19:12:55.464Z","bid"
"7.88","0.5","2024-05-27T19:12:55.464Z","bid"
"7.87","1.546","2024-05-27T19:12:55.464Z","bid"
"7.85","6501.623","2024-05-27T19:12:55.464Z","bid"
"7.83","1.554","2024-05-27T19:12:55.464Z","bid"
"7.8","486.49","2024-05-27T19:12:55.464Z","bid"
"7.79","1.562","2024-05-27T19:12:55.464Z","bid"
"7.78","90.65","2024-05-27T19:12:55.464Z","bid"
"7.77","12.767","2024-05-27T19:12:55.464Z","bid"
"7.76","2.305","2024-05-27T19:12:55.464Z","bid"
"7.75","2.211","2024-05-27T19:12:55.464Z","bid"
"7.72","25.898","2024-05-27T19:12:55.464Z","bid"
"7.71","54.821","2024-05-27T19:12:55.464Z","bid"
"7.7","45","2024-05-27T19:12:55.464Z","bid"
"7.69","2.47","2024-05-27T19:12:55.464Z","bid"
"7.68","97.656","2024-05-27T19:12:55.464Z","bid"
"7.67","1.587","2024-05-27T19:12:55.464Z","bid"
"7.66","30.105","2024-05-27T19:12:55.464Z","bid"
"7.65","45.052","2024-05-27T19:12:55.464Z","bid"
"7.64","6.539","2024-05-27T19:12:55.464Z","bid"
"7.63","19.283","2024-05-27T19:12:55.464Z","bid"
"7.62","6.444","2024-05-27T19:12:55.464Z","bid"
"7.6","143.121","2024-05-27T19:12:55.464Z","bid"
"7.59","18.935","2024-05-27T19:12:55.464Z","bid"
"7.56","1.61","2024-05-27T19:12:55.464Z","bid"
"7.55","32.004","2024-05-27T19:12:55.464Z","bid"
"7.54","232.454","2024-05-27T19:12:55.464Z","bid"
"7.53","17.62","2024-05-27T19:12:55.464Z","bid"
"7.52","492.597","2024-05-27T19:12:55.464Z","bid"
"7.51","50","2024-05-27T19:12:55.464Z","bid"
"7.5","5210.014","2024-05-27T19:12:55.464Z","bid"
"7.48","33.097","2024-05-27T19:12:55.464Z","bid"
"7.45","7.918","2024-05-27T19:12:55.464Z","bid"
"7.42","16.798","2024-05-27T19:12:55.464Z","bid"
"7.41","67.39","2024-05-27T19:12:55.464Z","bid"
"7.4","1330.976","2024-05-27T19:12:55.464Z","bid"
"7.38","1.01","2024-05-27T19:12:55.464Z","bid"
"7.37","147.402","2024-05-27T19:12:55.464Z","bid"
"7.36","73.4","2024-05-27T19:12:55.464Z","bid"
"7.35","184.013","2024-05-27T19:12:55.464Z","bid"
"7.34","24.049","2024-05-27T19:12:55.464Z","bid"
"7.33","1.66","2024-05-27T19:12:55.464Z","bid"
"7.31","5","2024-05-27T19:12:55.464Z","bid"
"7.3","28.954","2024-05-27T19:12:55.464Z","bid"
"7.28","68.131","2024-05-27T19:12:55.464Z","bid"
"7.26","48.508","2024-05-27T19:12:55.464Z","bid"
"7.25","57.473","2024-05-27T19:12:55.464Z","bid"
"7.23","1.683","2024-05-27T19:12:55.464Z","bid"
"7.22","27.7","2024-05-27T19:12:55.464Z","bid"
"7.2","541.713","2024-05-27T19:12:55.464Z","bid"
"7.19","1.693","2024-05-27T19:12:55.464Z","bid"
"7.17","544.064","2024-05-27T19:12:55.464Z","bid"
"7.16","50","2024-05-27T19:12:55.464Z","bid"
"7.15","1.702","2024-05-27T19:12:55.464Z","bid"
"7.14","2.189","2024-05-27T19:12:55.464Z","bid"
"7.12","252.776","2024-05-27T19:12:55.464Z","bid"
"7.11","100","2024-05-27T19:12:55.464Z","bid"
"7.08","1.719","2024-05-27T19:12:55.464Z","bid"
"7.06","100","2024-05-27T19:12:55.464Z","bid"
"7.05","136.413","2024-05-27T19:12:55.464Z","bid"
"7.04","5","2024-05-27T19:12:55.464Z","bid"
"7.03","100","2024-05-27T19:12:55.464Z","bid"
"7.01","1.736","2024-05-27T19:12:55.464Z","bid"
"7","3366.603","2024-05-27T19:12:55.464Z","bid"
"6.99","25","2024-05-27T19:12:55.464Z","bid"
"6.98","1.744","2024-05-27T19:12:55.464Z","bid"
"6.97","2.139","2024-05-27T19:12:55.464Z","bid"
"6.95","125","2024-05-27T19:12:55.464Z","bid"
"6.94","1.754","2024-05-27T19:12:55.464Z","bid"
"6.91","1.761","2024-05-27T19:12:55.464Z","bid"
"6.9","15","2024-05-27T19:12:55.464Z","bid"
"6.89","14.462","2024-05-27T19:12:55.464Z","bid"
"6.87","6.772","2024-05-27T19:12:55.464Z","bid"
"6.84","1.779","2024-05-27T19:12:55.464Z","bid"
"6.81","1.904","2024-05-27T19:12:55.464Z","bid"
"6.8","2273.596","2024-05-27T19:12:55.464Z","bid"
"6.77","1.798","2024-05-27T19:12:55.464Z","bid"
"6.76","258.401","2024-05-27T19:12:55.464Z","bid"
"6.75","1","2024-05-27T19:12:55.464Z","bid"
"6.74","1.806","2024-05-27T19:12:55.464Z","bid"
"6.73","39.553","2024-05-27T19:12:55.464Z","bid"
"6.71","89.082","2024-05-27T19:12:55.464Z","bid"
"6.7","743.981","2024-05-27T19:12:55.464Z","bid"
"6.69","12.336","2024-05-27T19:12:55.464Z","bid"
"6.68","5","2024-05-27T19:12:55.464Z","bid"
"6.67","1.825","2024-05-27T19:12:55.464Z","bid"
"6.66","8.096","2024-05-27T19:12:55.464Z","bid"
"6.64","5.372","2024-05-27T19:12:55.464Z","bid"
"6.63","15.381","2024-05-27T19:12:55.464Z","bid"
"6.6","140.736","2024-05-27T19:12:55.464Z","bid"
"6.59","189.681","2024-05-27T19:12:55.464Z","bid"
"6.57","1.853","2024-05-27T19:12:55.464Z","bid"
"6.55","50","2024-05-27T19:12:55.464Z","bid"
"6.54","1.861","2024-05-27T19:12:55.464Z","bid"
"6.53","3","2024-05-27T19:12:55.464Z","bid"
"6.51","1139.521","2024-05-27T19:12:55.464Z","bid"
"6.5","170.252","2024-05-27T19:12:55.464Z","bid"
"6.48","1.284","2024-05-27T19:12:55.464Z","bid"
"6.47","1.881","2024-05-27T19:12:55.464Z","bid"
"6.44","1.89","2024-05-27T19:12:55.464Z","bid"
"6.43","374.416","2024-05-27T19:12:55.464Z","bid"
"6.41","1.899","2024-05-27T19:12:55.464Z","bid"
"6.4","19.482","2024-05-27T19:12:55.464Z","bid"
"6.39","100","2024-05-27T19:12:55.464Z","bid"
"6.38","12.908","2024-05-27T19:12:55.464Z","bid"
"6.35","71.278","2024-05-27T19:12:55.464Z","bid"
"6.31","180","2024-05-27T19:12:55.464Z","bid"
"6.3","161.256","2024-05-27T19:12:55.464Z","bid"
"6.28","5","2024-05-27T19:12:55.464Z","bid"
"6.25","949.786","2024-05-27T19:12:55.464Z","bid"
"6.24","30.53","2024-05-27T19:12:55.464Z","bid"
"6.2","52","2024-05-27T19:12:55.464Z","bid"
"6.19","1.616","2024-05-27T19:12:55.464Z","bid"
"6.18","180","2024-05-27T19:12:55.464Z","bid"
"6.15","5","2024-05-27T19:12:55.464Z","bid"
"6.1","40.573","2024-05-27T19:12:55.464Z","bid"
"6.08","180","2024-05-27T19:12:55.464Z","bid"
"6.06","5","2024-05-27T19:12:55.464Z","bid"
"6.05","5.123","2024-05-27T19:12:55.464Z","bid"
"6","179.467","2024-05-27T19:12:55.464Z","bid"
"5.96","182.5","2024-05-27T19:12:55.464Z","bid"
"5.88","180","2024-05-27T19:12:55.464Z","bid"
"9.57","4812.273","2024-05-27T19:12:55.463Z","ask"
"9.58","8105.766","2024-05-27T19:12:55.463Z","ask"
"9.59","4122.74","2024-05-27T19:12:55.463Z","ask"
"9.6","2121.791","2024-05-27T19:12:55.463Z","ask"
"9.61","4608.418","2024-05-27T19:12:55.463Z","ask"
"9.62","429.061","2024-05-27T19:12:55.463Z","ask"
"9.63","245.024","2024-05-27T19:12:55.463Z","ask"
"9.64","3358.347","2024-05-27T19:12:55.463Z","ask"
"9.66","81.593","2024-05-27T19:12:55.463Z","ask"
"9.67","6491.795","2024-05-27T19:12:55.463Z","ask"
"9.68","290.957","2024-05-27T19:12:55.463Z","ask"
"9.69","622.943","2024-05-27T19:12:55.463Z","ask"
"9.7","100","2024-05-27T19:12:55.463Z","ask"
"9.71","621.257","2024-05-27T19:12:55.463Z","ask"
"9.73","101.266","2024-05-27T19:12:55.463Z","ask"
"9.74","131.093","2024-05-27T19:12:55.463Z","ask"
"9.75","1105","2024-05-27T19:12:55.463Z","ask"
"9.76","623.367","2024-05-27T19:12:55.463Z","ask"
"9.77","51.17","2024-05-27T19:12:55.463Z","ask"
"9.78","111.081","2024-05-27T19:12:55.463Z","ask"
"9.79","47.747","2024-05-27T19:12:55.463Z","ask"
"9.8","110.385","2024-05-27T19:12:55.463Z","ask"
"9.82","27.475","2024-05-27T19:12:55.463Z","ask"
"9.83","250.456","2024-05-27T19:12:55.463Z","ask"
"9.84","0.519","2024-05-27T19:12:55.463Z","ask"
"9.85","100","2024-05-27T19:12:55.463Z","ask"
"9.87","5.374","2024-05-27T19:12:55.463Z","ask"
"9.88","115.24","2024-05-27T19:12:55.463Z","ask"
"9.89","1.024","2024-05-27T19:12:55.463Z","ask"
"9.9","286.028","2024-05-27T19:12:55.463Z","ask"
"9.91","26.221","2024-05-27T19:12:55.463Z","ask"
"9.92","1.242","2024-05-27T19:12:55.463Z","ask"
"9.93","117.322","2024-05-27T19:12:55.463Z","ask"
"9.94","0.514","2024-05-27T19:12:55.463Z","ask"
"9.95","100.555","2024-05-27T19:12:55.463Z","ask"
"9.96","1.577","2024-05-27T19:12:55.463Z","ask"
"9.97","1.535","2024-05-27T19:12:55.463Z","ask"
"9.99","3021.924","2024-05-27T19:12:55.463Z","ask"
"10","984.76","2024-05-27T19:12:55.463Z","ask"
"10.01","1.809","2024-05-27T19:12:55.463Z","ask"
"10.02","1.229","2024-05-27T19:12:55.463Z","ask"
"10.04","0.509","2024-05-27T19:12:55.463Z","ask"
"10.05","1.712","2024-05-27T19:12:55.463Z","ask"
"10.07","8.77","2024-05-27T19:12:55.463Z","ask"
"10.08","25.7","2024-05-27T19:12:55.463Z","ask"
"10.09","0.506","2024-05-27T19:12:55.463Z","ask"
"10.1","279.672","2024-05-27T19:12:55.463Z","ask"
"10.11","0.3","2024-05-27T19:12:55.463Z","ask"
"10.12","1.419","2024-05-27T19:12:55.463Z","ask"
"10.13","14.403","2024-05-27T19:12:55.463Z","ask"
"10.14","0.202","2024-05-27T19:12:55.463Z","ask"
"10.15","11.4","2024-05-27T19:12:55.463Z","ask"
"10.16","0.503","2024-05-27T19:12:55.463Z","ask"
"10.18","5.05","2024-05-27T19:12:55.463Z","ask"
"10.19","0.521","2024-05-27T19:12:55.463Z","ask"
"10.2","275","2024-05-27T19:12:55.463Z","ask"
"10.22","0.5","2024-05-27T19:12:55.463Z","ask"
"10.23","11.02","2024-05-27T19:12:55.463Z","ask"
"10.24","10.461","2024-05-27T19:12:55.463Z","ask"
"10.25","6.079","2024-05-27T19:12:55.463Z","ask"
"10.27","21.006","2024-05-27T19:12:55.463Z","ask"
"10.28","2.641","2024-05-27T19:12:55.463Z","ask"
"10.31","16.166","2024-05-27T19:12:55.463Z","ask"
"10.33","1.193","2024-05-27T19:12:55.463Z","ask"
"10.34","0.494","2024-05-27T19:12:55.463Z","ask"
"10.35","1.55","2024-05-27T19:12:55.463Z","ask"
"10.37","1.784","2024-05-27T19:12:55.463Z","ask"
"10.38","363.763","2024-05-27T19:12:55.463Z","ask"
"10.39","11.052","2024-05-27T19:12:55.463Z","ask"
"10.4","1001.436","2024-05-27T19:12:55.463Z","ask"
"10.41","0.619","2024-05-27T19:12:55.463Z","ask"
"10.43","1930.562","2024-05-27T19:12:55.463Z","ask"
"10.44","0.521","2024-05-27T19:12:55.463Z","ask"
"10.45","1.769","2024-05-27T19:12:55.463Z","ask"
"10.46","121.986","2024-05-27T19:12:55.463Z","ask"
"10.47","219.93","2024-05-27T19:12:55.463Z","ask"
"10.48","1.83","2024-05-27T19:12:55.463Z","ask"
"10.49","1.784","2024-05-27T19:12:55.463Z","ask"
"10.5","76.61","2024-05-27T19:12:55.463Z","ask"
"10.52","0.486","2024-05-27T19:12:55.463Z","ask"
"10.53","25.041","2024-05-27T19:12:55.463Z","ask"
"10.54","28.331","2024-05-27T19:12:55.463Z","ask"
"10.55","7.582","2024-05-27T19:12:55.463Z","ask"
"10.58","0.483","2024-05-27T19:12:55.463Z","ask"
"10.61","0.945","2024-05-27T19:12:55.463Z","ask"
"10.64","0.48","2024-05-27T19:12:55.463Z","ask"
"10.66","171.08","2024-05-27T19:12:55.463Z","ask"
"10.7","10.938","2024-05-27T19:12:55.463Z","ask"
"10.71","199.5","2024-05-27T19:12:55.463Z","ask"
"10.72","1.725","2024-05-27T19:12:55.463Z","ask"
"10.75","15.637","2024-05-27T19:12:55.463Z","ask"
"10.76","0.975","2024-05-27T19:12:55.463Z","ask"
"10.79","0.509","2024-05-27T19:12:55.463Z","ask"
"10.81","0.945","2024-05-27T19:12:55.463Z","ask"
"10.82","1.425","2024-05-27T19:12:55.463Z","ask"
"10.86","10.461","2024-05-27T19:12:55.463Z","ask"
"10.87","1844.107","2024-05-27T19:12:55.463Z","ask"
"10.88","0.469","2024-05-27T19:12:55.463Z","ask"
"10.89","4.25","2024-05-27T19:12:55.463Z","ask"
"10.9","25.842","2024-05-27T19:12:55.463Z","ask"
"10.91","1.886","2024-05-27T19:12:55.463Z","ask"
"10.94","100.945","2024-05-27T19:12:55.463Z","ask"
"10.95","0.467","2024-05-27T19:12:55.463Z","ask"
"10.97","9.153","2024-05-27T19:12:55.463Z","ask"
"11","349.215","2024-05-27T19:12:55.463Z","ask"
"11.01","0.951","2024-05-27T19:12:55.463Z","ask"
"11.02","10.461","2024-05-27T19:12:55.463Z","ask"
"11.03","54.736","2024-05-27T19:12:55.463Z","ask"
"11.05","21.217","2024-05-27T19:12:55.463Z","ask"
"11.07","0.462","2024-05-27T19:12:55.463Z","ask"
"11.13","0.946","2024-05-27T19:12:55.463Z","ask"
"11.14","292.473","2024-05-27T19:12:55.463Z","ask"
"11.18","4.936","2024-05-27T19:12:55.463Z","ask"
"11.19","10.918","2024-05-27T19:12:55.463Z","ask"
"11.21","9.557","2024-05-27T19:12:55.463Z","ask"
"11.25","1017.324","2024-05-27T19:12:55.463Z","ask"
"11.29","9.038","2024-05-27T19:12:55.463Z","ask"
"11.3","0.452","2024-05-27T19:12:55.463Z","ask"
"11.33","0.178","2024-05-27T19:12:55.463Z","ask"
"11.34","1.284","2024-05-27T19:12:55.463Z","ask"
"11.35","905.303","2024-05-27T19:12:55.463Z","ask"
"11.36","0.45","2024-05-27T19:12:55.463Z","ask"
"11.37","1764.533","2024-05-27T19:12:55.463Z","ask"
"11.41","0.448","2024-05-27T19:12:55.463Z","ask"
"11.43","0.467","2024-05-27T19:12:55.463Z","ask"
"11.47","188.696","2024-05-27T19:12:55.463Z","ask"
"11.52","10.461","2024-05-27T19:12:55.463Z","ask"
"11.53","0.443","2024-05-27T19:12:55.463Z","ask"
"11.55","103.232","2024-05-27T19:12:55.463Z","ask"
"11.57","1.597","2024-05-27T19:12:55.463Z","ask"
"11.58","0.441","2024-05-27T19:12:55.463Z","ask"
"11.6","12.928","2024-05-27T19:12:55.463Z","ask"
"11.64","0.439","2024-05-27T19:12:55.463Z","ask"
"11.66","187.72","2024-05-27T19:12:55.463Z","ask"
"11.7","40.203","2024-05-27T19:12:55.463Z","ask"
"11.71","136.548","2024-05-27T19:12:55.463Z","ask"
"11.73","10.278","2024-05-27T19:12:55.463Z","ask"
"11.75","1711.482","2024-05-27T19:12:55.463Z","ask"
"11.76","0.935","2024-05-27T19:12:55.463Z","ask"
"11.78","0.467","2024-05-27T19:12:55.463Z","ask"
"11.8","48.5","2024-05-27T19:12:55.463Z","ask"
"11.82","0.432","2024-05-27T19:12:55.463Z","ask"
"11.87","105.224","2024-05-27T19:12:55.463Z","ask"
"11.88","0.43","2024-05-27T19:12:55.463Z","ask"
"11.89","60.88","2024-05-27T19:12:55.463Z","ask"
"11.92","0.254","2024-05-27T19:12:55.463Z","ask"
"11.94","0.428","2024-05-27T19:12:55.463Z","ask"
"12","9866.105","2024-05-27T19:12:55.463Z","ask"
"12.03","1.71","2024-05-27T19:12:55.463Z","ask"
"12.06","25.835","2024-05-27T19:12:55.463Z","ask"
"12.12","0.871","2024-05-27T19:12:55.463Z","ask"
"12.13","129.42","2024-05-27T19:12:55.463Z","ask"
"12.14","12.804","2024-05-27T19:12:55.463Z","ask"
"12.15","139.2","2024-05-27T19:12:55.463Z","ask"
"12.17","10","2024-05-27T19:12:55.463Z","ask"
"12.18","192.391","2024-05-27T19:12:55.463Z","ask"
"12.21","12.223","2024-05-27T19:12:55.463Z","ask"
"12.22","1.986","2024-05-27T19:12:55.463Z","ask"
"12.23","10.461","2024-05-27T19:12:55.463Z","ask"
"12.24","540.493","2024-05-27T19:12:55.463Z","ask"
"12.27","4.577","2024-05-27T19:12:55.463Z","ask"
"12.3","820.294","2024-05-27T19:12:55.463Z","ask"
"12.32","1.284","2024-05-27T19:12:55.463Z","ask"
"12.33","4.555","2024-05-27T19:12:55.463Z","ask"
"12.36","0.413","2024-05-27T19:12:55.463Z","ask"
"12.38","2.104","2024-05-27T19:12:55.463Z","ask"
"12.39","4.532","2024-05-27T19:12:55.463Z","ask"
"12.4","98.824","2024-05-27T19:12:55.463Z","ask"
"12.41","10.461","2024-05-27T19:12:55.463Z","ask"
"12.42","0.411","2024-05-27T19:12:55.463Z","ask"
"12.45","4.51","2024-05-27T19:12:55.463Z","ask"
"12.47","98.821","2024-05-27T19:12:55.463Z","ask"
"12.48","0.438","2024-05-27T19:12:55.463Z","ask"
"12.49","0.833","2024-05-27T19:12:55.463Z","ask"
"12.5","118.226","2024-05-27T19:12:55.463Z","ask"
"12.52","4.488","2024-05-27T19:12:55.463Z","ask"
"12.53","216.561","2024-05-27T19:12:55.463Z","ask"
"12.55","0.407","2024-05-27T19:12:55.463Z","ask"
"12.56","16.289","2024-05-27T19:12:55.463Z","ask"
"12.57","1.207","2024-05-27T19:12:55.463Z","ask"
"12.58","5.68","2024-05-27T19:12:55.463Z","ask"
"12.59","220.397","2024-05-27T19:12:55.463Z","ask"
"12.6","10.461","2024-05-27T19:12:55.463Z","ask"
"12.61","0.405","2024-05-27T19:12:55.463Z","ask"
"12.62","16.703","2024-05-27T19:12:55.463Z","ask"
"12.64","4.445","2024-05-27T19:12:55.463Z","ask"
"12.65","219.481","2024-05-27T19:12:55.463Z","ask"
"12.68","16.689","2024-05-27T19:12:55.463Z","ask"
"12.69","24.119","2024-05-27T19:12:55.463Z","ask"
"12.7","7.255","2024-05-27T19:12:55.463Z","ask"
"12.71","125.08","2024-05-27T19:12:55.463Z","ask"
"12.74","16.687","2024-05-27T19:12:55.463Z","ask"
"12.75","11.038","2024-05-27T19:12:55.463Z","ask"
"12.76","25.047","2024-05-27T19:12:55.463Z","ask"
"12.77","125.059","2024-05-27T19:12:55.463Z","ask"
"12.78","22.362","2024-05-27T19:12:55.463Z","ask"
"12.79","10.885","2024-05-27T19:12:55.463Z","ask"
"12.8","16.685","2024-05-27T19:12:55.463Z","ask"
"12.82","24.119","2024-05-27T19:12:55.463Z","ask"
"12.83","9.325","2024-05-27T19:12:55.463Z","ask"
"12.85","22.362","2024-05-27T19:12:55.463Z","ask"
"12.86","0.397","2024-05-27T19:12:55.463Z","ask"
"12.87","10","2024-05-27T19:12:55.463Z","ask"
"12.88","5231.268","2024-05-27T19:12:55.463Z","ask"
"12.89","4.358","2024-05-27T19:12:55.463Z","ask"
"12.9","97.541","2024-05-27T19:12:55.463Z","ask"
"12.91","22.362","2024-05-27T19:12:55.463Z","ask"
"12.93","0.395","2024-05-27T19:12:55.463Z","ask"
"12.94","24.119","2024-05-27T19:12:55.463Z","ask"
"12.95","7.887","2024-05-27T19:12:55.463Z","ask"
"12.96","4.334","2024-05-27T19:12:55.463Z","ask"
"12.97","22.362","2024-05-27T19:12:55.463Z","ask"
"12.99","10.854","2024-05-27T19:12:55.463Z","ask"
"13","1402.67","2024-05-27T19:12:55.463Z","ask"
"13.01","7.885","2024-05-27T19:12:55.463Z","ask"
"13.02","4.314","2024-05-27T19:12:55.463Z","ask"
"13.03","33.816","2024-05-27T19:12:55.463Z","ask"
"13.06","0.391","2024-05-27T19:12:55.463Z","ask"
"13.07","7.885","2024-05-27T19:12:55.463Z","ask"
"13.09","4.29","2024-05-27T19:12:55.463Z","ask"
"13.12","0.389","2024-05-27T19:12:55.463Z","ask"
"13.14","16.061","2024-05-27T19:12:55.463Z","ask"
"13.15","4.271","2024-05-27T19:12:55.463Z","ask"
"13.16","1.405","2024-05-27T19:12:55.463Z","ask"
"13.18","10.848","2024-05-27T19:12:55.463Z","ask"
"13.19","16.041","2024-05-27T19:12:55.463Z","ask"
"13.2","793.656","2024-05-27T19:12:55.463Z","ask"
"13.22","947.573","2024-05-27T19:12:55.463Z","ask"
"13.25","40.72","2024-05-27T19:12:55.463Z","ask"
"13.26","0.385","2024-05-27T19:12:55.463Z","ask"
"13.29","5.512","2024-05-27T19:12:55.463Z","ask"
"13.32","0.384","2024-05-27T19:12:55.463Z","ask"
"13.36","54.206","2024-05-27T19:12:55.463Z","ask"
"13.38","10.461","2024-05-27T19:12:55.463Z","ask"
"13.39","0.382","2024-05-27T19:12:55.463Z","ask"
"13.41","177.483","2024-05-27T19:12:55.463Z","ask"
"13.42","69.34","2024-05-27T19:12:55.463Z","ask"
"13.45","91.656","2024-05-27T19:12:55.463Z","ask"
"13.46","0.38","2024-05-27T19:12:55.463Z","ask"
"13.49","4.165","2024-05-27T19:12:55.463Z","ask"
"13.5","35.102","2024-05-27T19:12:55.463Z","ask"
"13.51","751.222","2024-05-27T19:12:55.463Z","ask"
"13.52","0.378","2024-05-27T19:12:55.463Z","ask"
"13.56","4.143","2024-05-27T19:12:55.463Z","ask"
"13.58","10.461","2024-05-27T19:12:55.463Z","ask"
"13.59","0.376","2024-05-27T19:12:55.463Z","ask"
"13.62","7.317","2024-05-27T19:12:55.463Z","ask"
"13.63","0.303","2024-05-27T19:12:55.463Z","ask"
"13.66","0.374","2024-05-27T19:12:55.463Z","ask"
"13.68","1.505","2024-05-27T19:12:55.463Z","ask"
"13.69","4.103","2024-05-27T19:12:55.463Z","ask"
"13.72","91.752","2024-05-27T19:12:55.463Z","ask"
"13.75","407.273","2024-05-27T19:12:55.463Z","ask"
"13.76","5.082","2024-05-27T19:12:55.463Z","ask"
"13.77","10.461","2024-05-27T19:12:55.463Z","ask"
"13.79","0.37","2024-05-27T19:12:55.463Z","ask"
"13.83","4.061","2024-05-27T19:12:55.463Z","ask"
"13.84","1.336","2024-05-27T19:12:55.463Z","ask"
"13.86","0.368","2024-05-27T19:12:55.463Z","ask"
"13.88","16.8","2024-05-27T19:12:55.463Z","ask"
"13.89","57.847","2024-05-27T19:12:55.463Z","ask"
"13.91","0.381","2024-05-27T19:12:55.463Z","ask"
"13.93","0.367","2024-05-27T19:12:55.463Z","ask"
"13.94","1.151","2024-05-27T19:12:55.463Z","ask"
"13.95","22.902","2024-05-27T19:12:55.463Z","ask"
"13.96","4.023","2024-05-27T19:12:55.463Z","ask"
"13.97","3.594","2024-05-27T19:12:55.463Z","ask"
"13.98","6.189","2024-05-27T19:12:55.463Z","ask"
"13.99","15.461","2024-05-27T19:12:55.463Z","ask"
"14","341.607","2024-05-27T19:12:55.463Z","ask"
"14.04","4.003","2024-05-27T19:12:55.463Z","ask"
"14.05","3.868","2024-05-27T19:12:55.463Z","ask"
"14.06","0.301","2024-05-27T19:12:55.463Z","ask"
"14.08","0.963","2024-05-27T19:12:55.463Z","ask"
"14.1","21.517","2024-05-27T19:12:55.463Z","ask"
"14.11","4.582","2024-05-27T19:12:55.463Z","ask"
"14.12","0.3","2024-05-27T19:12:55.463Z","ask"
"14.13","8.475","2024-05-27T19:12:55.463Z","ask"
"14.14","0.301","2024-05-27T19:12:55.463Z","ask"
"14.15","20.661","2024-05-27T19:12:55.463Z","ask"
"14.18","3.963","2024-05-27T19:12:55.463Z","ask"
"14.19","10.461","2024-05-27T19:12:55.463Z","ask"
"14.2","2.925","2024-05-27T19:12:55.463Z","ask"
"14.22","8.567","2024-05-27T19:12:55.463Z","ask"
"14.24","0.5","2024-05-27T19:12:55.463Z","ask"
"14.25","9.062","2024-05-27T19:12:55.463Z","ask"
"14.26","1.284","2024-05-27T19:12:55.463Z","ask"
"14.27","1.716","2024-05-27T19:12:55.463Z","ask"
"14.29","1.761","2024-05-27T19:12:55.463Z","ask"
"14.3","73.832","2024-05-27T19:12:55.463Z","ask"
"14.32","3.923","2024-05-27T19:12:55.463Z","ask"
"14.34","44.488","2024-05-27T19:12:55.463Z","ask"
"14.36","35.174","2024-05-27T19:12:55.463Z","ask"
"14.37","1.381","2024-05-27T19:12:55.463Z","ask"
"14.39","3.904","2024-05-27T19:12:55.463Z","ask"
"14.41","15.423","2024-05-27T19:12:55.463Z","ask"
"14.43","0.354","2024-05-27T19:12:55.463Z","ask"
"14.46","3.885","2024-05-27T19:12:55.463Z","ask"
"14.47","9.086","2024-05-27T19:12:55.463Z","ask"
"14.5","74.016","2024-05-27T19:12:55.463Z","ask"
"14.51","14.209","2024-05-27T19:12:55.463Z","ask"
"14.52","0.142","2024-05-27T19:12:55.463Z","ask"
"14.53","766.531","2024-05-27T19:12:55.463Z","ask"
"14.57","1.618","2024-05-27T19:12:55.463Z","ask"
"14.6","6.825","2024-05-27T19:12:55.463Z","ask"
"14.61","3.844","2024-05-27T19:12:55.463Z","ask"
"14.62","10.461","2024-05-27T19:12:55.463Z","ask"
"14.64","0.349","2024-05-27T19:12:55.463Z","ask"
"14.67","9.299","2024-05-27T19:12:55.463Z","ask"
"14.68","3.826","2024-05-27T19:12:55.463Z","ask"
"14.7","3407.803","2024-05-27T19:12:55.463Z","ask"
"14.71","0.347","2024-05-27T19:12:55.463Z","ask"
"14.72","20.557","2024-05-27T19:12:55.463Z","ask"
"14.73","80","2024-05-27T19:12:55.463Z","ask"
"14.75","3.807","2024-05-27T19:12:55.463Z","ask"
"14.76","1.26","2024-05-27T19:12:55.463Z","ask"
"14.77","0.371","2024-05-27T19:12:55.463Z","ask"
"14.83","3.789","2024-05-27T19:12:55.463Z","ask"
"14.84","0.139","2024-05-27T19:12:55.463Z","ask"
"14.85","10.752","2024-05-27T19:12:55.463Z","ask"
"14.88","16.8","2024-05-27T19:12:55.463Z","ask"
"14.9","10000","2024-05-27T19:12:55.463Z","ask"
"14.91","3.769","2024-05-27T19:12:55.463Z","ask"
"14.92","2.573","2024-05-27T19:12:55.463Z","ask"
"14.94","56.72","2024-05-27T19:12:55.463Z","ask"
"14.95","9170.738","2024-05-27T19:12:55.463Z","ask"
"14.96","1.236","2024-05-27T19:12:55.463Z","ask"
"14.97","9.072","2024-05-27T19:12:55.463Z","ask"
"14.98","3.751","2024-05-27T19:12:55.463Z","ask"
"14.99","5","2024-05-27T19:12:55.463Z","ask"
"15","1406.36","2024-05-27T19:12:55.463Z","ask"
"15.01","4.561","2024-05-27T19:12:55.463Z","ask"
"15.05","3.733","2024-05-27T19:12:55.463Z","ask"
"15.06","10.461","2024-05-27T19:12:55.463Z","ask"
"15.07","0.36","2024-05-27T19:12:55.463Z","ask"
"15.08","0.364","2024-05-27T19:12:55.463Z","ask"
"15.13","3.713","2024-05-27T19:12:55.463Z","ask"
"15.2","3.696","2024-05-27T19:12:55.463Z","ask"
"15.23","1.626","2024-05-27T19:12:55.463Z","ask"
"15.28","3.676","2024-05-27T19:12:55.463Z","ask"
"15.29","10.461","2024-05-27T19:12:55.463Z","ask"
"15.35","4.863","2024-05-27T19:12:55.463Z","ask"
"15.37","1","2024-05-27T19:12:55.463Z","ask"
"15.43","3.64","2024-05-27T19:12:55.463Z","ask"
"15.5","3","2024-05-27T19:12:55.463Z","ask"
"15.51","3.621","2024-05-27T19:12:55.463Z","ask"
"15.52","10.461","2024-05-27T19:12:55.463Z","ask"
"15.55","64.074","2024-05-27T19:12:55.463Z","ask"
"15.58","1.32","2024-05-27T19:12:55.463Z","ask"
"15.59","3.96","2024-05-27T19:12:55.463Z","ask"
"15.67","3.586","2024-05-27T19:12:55.463Z","ask"
"15.7","3189.809","2024-05-27T19:12:55.463Z","ask"
"15.73","38.541","2024-05-27T19:12:55.463Z","ask"
"15.75","4.74","2024-05-27T19:12:55.463Z","ask"
"15.76","11.936","2024-05-27T19:12:55.463Z","ask"
"15.82","3.552","2024-05-27T19:12:55.463Z","ask"
"15.85","64","2024-05-27T19:12:55.463Z","ask"
"15.87","82.955","2024-05-27T19:12:55.463Z","ask"