"price","volume","time","side","orderType"
"0.03907000","269.00000000","2024-05-27T19:01:28.791Z","sell","maker"
"0.03908000","268.00000000","2024-05-27T19:01:24.652Z","sell","maker"
"0.03884000","1371.00000000","2024-05-27T19:01:23.474Z","buy","maker"
"0.03885000","2229.00000000","2024-05-27T19:01:23.474Z","buy","maker"
"0.03889000","5000.00000000","2024-05-27T19:01:23.474Z","buy","maker"
"0.03891000","1400.00000000","2024-05-27T19:01:23.474Z","buy","maker"
"0.03908000","151.00000000","2024-05-27T19:01:19.908Z","sell","maker"
"0.03907000","386.00000000","2024-05-27T19:01:19.908Z","sell","maker"
"0.03907000","1014.00000000","2024-05-27T19:01:04.262Z","sell","maker"
"0.03890000","24.00000000","2024-05-27T19:01:03.537Z","buy","maker"
"0.03892000","136.00000000","2024-05-27T19:01:03.537Z","buy","maker"
"0.03882000","2626.00000000","2024-05-27T19:00:56.096Z","buy","maker"
"0.03883000","3830.00000000","2024-05-27T19:00:56.096Z","buy","maker"
"0.03890000","100.00000000","2024-05-27T19:00:56.096Z","buy","maker"
"0.03896000","5500.00000000","2024-05-27T19:00:56.096Z","buy","maker"
"0.03899000","2359.00000000","2024-05-27T19:00:56.096Z","buy","maker"
"0.03899000","100.00000000","2024-05-27T19:00:56.096Z","buy","maker"
"0.03900000","136.00000000","2024-05-27T19:00:56.096Z","buy","maker"
"0.03900000","10184.00000000","2024-05-27T19:00:56.096Z","buy","maker"
"0.03900000","11438.00000000","2024-05-27T19:00:28.803Z","buy","maker"
"0.03900000","4696.00000000","2024-05-27T19:00:24.074Z","buy","maker"
"0.03901000","1400.00000000","2024-05-27T19:00:24.074Z","buy","maker"
"0.03913000","1280.00000000","2024-05-27T19:00:22.851Z","sell","maker"
"0.03900000","10854.00000000","2024-05-27T19:00:19.150Z","buy","maker"
"0.03901000","3695.00000000","2024-05-27T19:00:19.150Z","buy","maker"
"0.03902000","4800.00000000","2024-05-27T19:00:19.150Z","buy","maker"
"0.03904000","1400.00000000","2024-05-27T19:00:19.150Z","buy","maker"
"0.03900000","154199.00000000","2024-05-27T19:00:01.752Z","buy","maker"
"0.03900000","100.00000000","2024-05-27T19:00:01.752Z","buy","maker"
"0.03903000","6000.00000000","2024-05-27T19:00:01.752Z","buy","maker"
"0.03905000","4600.00000000","2024-05-27T19:00:01.752Z","buy","maker"
"0.03906000","8947.00000000","2024-05-27T19:00:01.752Z","buy","maker"
"0.03907000","12185.00000000","2024-05-27T19:00:01.752Z","buy","maker"
"0.03908000","1400.00000000","2024-05-27T19:00:01.752Z","buy","maker"
"0.03920000","5280.00000000","2024-05-27T19:00:00.156Z","sell","maker"
"0.03919000","1400.00000000","2024-05-27T19:00:00.156Z","sell","maker"
"0.03906000","4604.00000000","2024-05-27T18:59:52.057Z","buy","maker"
"0.03907000","2000.00000000","2024-05-27T18:59:52.057Z","buy","maker"
"0.03909000","4100.00000000","2024-05-27T18:59:52.057Z","buy","maker"
"0.03910000","2000.00000000","2024-05-27T18:59:52.057Z","buy","maker"
"0.03910000","1400.00000000","2024-05-27T18:59:52.057Z","buy","maker"
"0.03911000","1223.00000000","2024-05-27T18:59:39.091Z","buy","maker"
"0.03927000","8700.00000000","2024-05-27T18:59:31.328Z","sell","maker"
"0.03925000","4900.00000000","2024-05-27T18:59:31.328Z","sell","maker"
"0.03924000","2000.00000000","2024-05-27T18:59:31.328Z","sell","maker"
"0.03923000","2000.00000000","2024-05-27T18:59:31.328Z","sell","maker"
"0.03922000","6000.00000000","2024-05-27T18:59:31.328Z","sell","maker"
"0.03922000","1400.00000000","2024-05-27T18:59:31.328Z","sell","maker"
"0.03921000","4203.00000000","2024-05-27T18:59:31.134Z","sell","maker"
"0.03920000","1400.00000000","2024-05-27T18:59:31.134Z","sell","maker"
"0.03904000","631.00000000","2024-05-27T18:59:29.118Z","buy","maker"
"0.03905000","1400.00000000","2024-05-27T18:59:29.118Z","buy","maker"
"0.03921000","10038.00000000","2024-05-27T18:59:27.548Z","sell","maker"
"0.03920000","1400.00000000","2024-05-27T18:59:27.548Z","sell","maker"
"0.03906000","9848.00000000","2024-05-27T18:59:26.288Z","buy","maker"
"0.03907000","2953.00000000","2024-05-27T18:59:26.288Z","buy","maker"
"0.03902000","4628.00000000","2024-05-27T18:59:18.706Z","buy","maker"
"0.03902000","6000.00000000","2024-05-27T18:59:18.706Z","buy","maker"
"0.03902000","871.00000000","2024-05-27T18:59:18.706Z","buy","maker"
"0.03904000","27742.00000000","2024-05-27T18:59:18.706Z","buy","maker"
"0.03906000","3624.00000000","2024-05-27T18:59:18.706Z","buy","maker"
"0.03910000","100.00000000","2024-05-27T18:59:18.706Z","buy","maker"
"0.03914000","1400.00000000","2024-05-27T18:59:18.706Z","buy","maker"
"0.03914000","5600.00000000","2024-05-27T18:59:18.706Z","buy","maker"
"0.03918000","12516.00000000","2024-05-27T18:59:18.706Z","buy","maker"
"0.03918000","14258.00000000","2024-05-27T18:59:15.962Z","buy","maker"
"0.03919000","51733.00000000","2024-05-27T18:59:15.962Z","buy","maker"
"0.03919000","500.00000000","2024-05-27T18:59:15.962Z","buy","maker"
"0.03931000","14.00000000","2024-05-27T18:59:08.276Z","sell","maker"
"0.03919000","1581.00000000","2024-05-27T18:59:07.619Z","buy","maker"
"0.03919000","26555.00000000","2024-05-27T18:58:50.462Z","sell","maker"
"0.03919000","2000.00000000","2024-05-27T18:58:50.449Z","buy","maker"
"0.03919000","1000.00000000","2024-05-27T18:58:50.449Z","buy","maker"
"0.03929000","906.00000000","2024-05-27T18:58:35.504Z","sell","maker"
"0.03928000","748.00000000","2024-05-27T18:58:35.504Z","sell","maker"
"0.03924000","1500.00000000","2024-05-27T18:58:35.504Z","sell","maker"
"0.03918000","7406.00000000","2024-05-27T18:58:16.059Z","buy","maker"
"0.03919000","2000.00000000","2024-05-27T18:58:16.059Z","buy","maker"
"0.03919000","2000.00000000","2024-05-27T18:58:16.059Z","buy","maker"
"0.03931000","847.00000000","2024-05-27T18:58:07.135Z","sell","maker"
"0.03931000","16.00000000","2024-05-27T18:57:52.805Z","sell","maker"
"0.03918000","599.00000000","2024-05-27T18:57:47.287Z","buy","maker"
"0.03919000","2000.00000000","2024-05-27T18:57:47.287Z","buy","maker"
"0.03919000","1609.00000000","2024-05-27T18:57:40.603Z","buy","maker"
"0.03920000","2000.00000000","2024-05-27T18:57:40.603Z","buy","maker"
"0.03920000","1636.00000000","2024-05-27T18:57:38.956Z","buy","maker"
"0.03921000","6000.00000000","2024-05-27T18:57:38.956Z","buy","maker"
"0.03921000","1400.00000000","2024-05-27T18:57:38.956Z","buy","maker"
"0.03934000","1441.00000000","2024-05-27T18:57:22.753Z","sell","maker"
"0.03934000","178.00000000","2024-05-27T18:57:22.500Z","sell","maker"
"0.03934000","2970.00000000","2024-05-27T18:57:19.670Z","sell","maker"
"0.03935000","10090.00000000","2024-05-27T18:57:17.222Z","sell","maker"
"0.03934000","14680.00000000","2024-05-27T18:57:17.222Z","sell","maker"
"0.03933000","1687.00000000","2024-05-27T18:57:04.320Z","sell","maker"
"0.03933000","1251.00000000","2024-05-27T18:57:04.320Z","sell","maker"
"0.03932000","2000.00000000","2024-05-27T18:57:04.320Z","sell","maker"
"0.03933000","149.00000000","2024-05-27T18:56:59.849Z","sell","maker"
"0.03920000","206.00000000","2024-05-27T18:56:59.632Z","buy","maker"
"0.03918000","1127.00000000","2024-05-27T18:56:57.695Z","buy","maker"
"0.03919000","5800.00000000","2024-05-27T18:56:57.695Z","buy","maker"
"0.03919000","30.00000000","2024-05-27T18:56:57.695Z","buy","maker"
"0.03920000","2000.00000000","2024-05-27T18:56:57.695Z","buy","maker"
"0.03920000","100.00000000","2024-05-27T18:56:57.695Z","buy","maker"
"0.03921000","2000.00000000","2024-05-27T18:56:57.695Z","buy","maker"
"0.03921000","1400.00000000","2024-05-27T18:56:57.695Z","buy","maker"
"0.03922000","6000.00000000","2024-05-27T18:56:57.695Z","buy","maker"
"0.03935000","43036.00000000","2024-05-27T18:56:56.097Z","sell","maker"
"0.03934000","1000.00000000","2024-05-27T18:56:56.097Z","sell","maker"
"0.03935000","9406.00000000","2024-05-27T18:56:53.496Z","sell","maker"
"0.03934000","2000.00000000","2024-05-27T18:56:53.496Z","sell","maker"
"0.03934000","228.00000000","2024-05-27T18:56:52.174Z","sell","maker"
"0.03933000","349.00000000","2024-05-27T18:56:32.166Z","sell","maker"
"0.03933000","963.00000000","2024-05-27T18:56:32.166Z","sell","maker"
"0.03933000","629.00000000","2024-05-27T18:56:28.806Z","sell","maker"
"0.03921000","1600.00000000","2024-05-27T18:56:21.325Z","buy","maker"
"0.03921000","2000.00000000","2024-05-27T18:56:21.325Z","buy","maker"
"0.03922000","1400.00000000","2024-05-27T18:56:21.325Z","buy","maker"
"0.03934000","1208.00000000","2024-05-27T18:56:10.291Z","sell","maker"
"0.03934000","503.00000000","2024-05-27T18:56:09.232Z","sell","maker"
"0.03933000","305.00000000","2024-05-27T18:56:06.047Z","sell","maker"
"0.03933000","113.00000000","2024-05-27T18:56:06.047Z","sell","maker"
"0.03934000","215.00000000","2024-05-27T18:56:00.754Z","sell","maker"
"0.03934000","5100.00000000","2024-05-27T18:56:00.754Z","sell","maker"
"0.03934000","6000.00000000","2024-05-27T18:56:00.754Z","sell","maker"
"0.03933000","11311.00000000","2024-05-27T18:56:00.754Z","sell","maker"
"0.03932000","2000.00000000","2024-05-27T18:56:00.754Z","sell","maker"
"0.03930000","5727.00000000","2024-05-27T18:56:00.754Z","sell","maker"
"0.03927000","9024.00000000","2024-05-27T18:56:00.754Z","sell","maker"
"0.03926000","1208.00000000","2024-05-27T18:55:59.842Z","sell","maker"
"0.03926000","13.00000000","2024-05-27T18:55:40.372Z","sell","maker"
"0.03921000","1600.00000000","2024-05-27T18:55:35.238Z","buy","maker"
"0.03923000","1400.00000000","2024-05-27T18:55:35.238Z","buy","maker"
"0.03931000","276.00000000","2024-05-27T18:55:34.476Z","sell","maker"
"0.03938000","40459.00000000","2024-05-27T18:55:18.924Z","sell","maker"
"0.03929000","278.00000000","2024-05-27T18:55:18.649Z","buy","maker"
"0.03930000","100.00000000","2024-05-27T18:55:18.649Z","buy","maker"
"0.03943000","126.00000000","2024-05-27T18:55:13.796Z","sell","maker"
"0.03940000","49.00000000","2024-05-27T18:55:06.802Z","sell","maker"
"0.03939000","4089.00000000","2024-05-27T18:54:57.755Z","sell","maker"
"0.03939000","23178.00000000","2024-05-27T18:54:57.755Z","sell","maker"
"0.03937000","591.00000000","2024-05-27T18:54:43.132Z","sell","maker"
"0.03939000","103.00000000","2024-05-27T18:54:33.813Z","sell","maker"
"0.03955000","100.00000000","2024-05-27T18:54:00.673Z","sell","maker"
"0.03955000","62.00000000","2024-05-27T18:54:00.491Z","sell","maker"
"0.03955000","63.00000000","2024-05-27T18:53:59.392Z","sell","maker"
"0.03955000","123.00000000","2024-05-27T18:53:53.247Z","sell","maker"
"0.03931000","2667.00000000","2024-05-27T18:53:42.216Z","buy","maker"
"0.03936000","5100.00000000","2024-05-27T18:53:42.216Z","buy","maker"
"0.03937000","6000.00000000","2024-05-27T18:53:42.216Z","buy","maker"
"0.03937000","6000.00000000","2024-05-27T18:53:42.216Z","buy","maker"
"0.03938000","1500.00000000","2024-05-27T18:53:42.216Z","buy","maker"
"0.03938000","2000.00000000","2024-05-27T18:53:42.216Z","buy","maker"
"0.03939000","1400.00000000","2024-05-27T18:53:42.216Z","buy","maker"
"0.03957000","1954.00000000","2024-05-27T18:53:30.617Z","sell","maker"
"0.03957000","909.00000000","2024-05-27T18:53:28.074Z","sell","maker"
"0.03957000","37.00000000","2024-05-27T18:53:25.328Z","sell","maker"
"0.03957000","27.00000000","2024-05-27T18:53:18.856Z","sell","maker"
"0.03957000","909.00000000","2024-05-27T18:53:16.467Z","sell","maker"
"0.03956000","697.00000000","2024-05-27T18:52:47.174Z","sell","maker"
"0.03956000","13.00000000","2024-05-27T18:52:13.358Z","sell","maker"
"0.03956000","50.00000000","2024-05-27T18:51:13.089Z","sell","maker"
"0.03954000","21.00000000","2024-05-27T18:51:01.933Z","sell","maker"
"0.03953000","2000.00000000","2024-05-27T18:51:01.933Z","sell","maker"
"0.03952000","6000.00000000","2024-05-27T18:51:01.933Z","sell","maker"
"0.03950000","100.00000000","2024-05-27T18:51:01.933Z","sell","maker"
"0.03949000","4200.00000000","2024-05-27T18:51:01.933Z","sell","maker"
"0.03947000","2475.00000000","2024-05-27T18:51:01.933Z","sell","maker"
"0.03946000","1400.00000000","2024-05-27T18:51:01.933Z","sell","maker"
"0.03944000","1600.00000000","2024-05-27T18:50:44.797Z","sell","maker"
"0.03922000","3057.00000000","2024-05-27T18:50:41.453Z","buy","maker"
"0.03925000","4100.00000000","2024-05-27T18:50:41.453Z","buy","maker"
"0.03926000","2000.00000000","2024-05-27T18:50:41.453Z","buy","maker"
"0.03930000","100.00000000","2024-05-27T18:50:41.453Z","buy","maker"
"0.03931000","5800.00000000","2024-05-27T18:50:41.453Z","buy","maker"
"0.03932000","2000.00000000","2024-05-27T18:50:41.453Z","buy","maker"
"0.03933000","1400.00000000","2024-05-27T18:50:41.453Z","buy","maker"
"0.03937000","1378.00000000","2024-05-27T18:50:32.182Z","buy","maker"
"0.03940000","100.00000000","2024-05-27T18:50:32.182Z","buy","maker"
"0.03941000","1262.00000000","2024-05-27T18:50:32.182Z","buy","maker"
"0.03961000","13.00000000","2024-05-27T18:50:12.472Z","sell","maker"
"0.03941000","138.00000000","2024-05-27T18:50:02.981Z","buy","maker"
"0.03964000","122.00000000","2024-05-27T18:49:57.968Z","sell","maker"
"0.03964000","123.00000000","2024-05-27T18:49:56.888Z","sell","maker"
"0.03961000","1667.00000000","2024-05-27T18:49:51.541Z","sell","maker"
"0.03960000","2000.00000000","2024-05-27T18:49:51.541Z","sell","maker"
"0.03960000","2000.00000000","2024-05-27T18:49:51.541Z","sell","maker"
"0.03959000","1400.00000000","2024-05-27T18:49:51.541Z","sell","maker"
"0.03960000","1363.00000000","2024-05-27T18:49:49.003Z","sell","maker"
"0.03960000","2000.00000000","2024-05-27T18:49:49.003Z","sell","maker"
"0.03960000","100.00000000","2024-05-27T18:49:49.003Z","sell","maker"
"0.03957000","138.00000000","2024-05-27T18:49:49.003Z","sell","maker"
"0.03956000","1400.00000000","2024-05-27T18:49:49.003Z","sell","maker"
"0.03932000","374.00000000","2024-05-27T18:49:32.303Z","buy","maker"
"0.03933000","1149.00000000","2024-05-27T18:49:32.303Z","buy","maker"
"0.03934000","30000.00000000","2024-05-27T18:49:32.303Z","buy","maker"
"0.03935000","864.00000000","2024-05-27T18:49:32.303Z","buy","maker"
"0.03939000","100.00000000","2024-05-27T18:49:32.303Z","buy","maker"
"0.03940000","100.00000000","2024-05-27T18:49:32.303Z","buy","maker"
"0.03941000","17576.00000000","2024-05-27T18:49:32.303Z","buy","maker"
"0.03942000","48277.00000000","2024-05-27T18:49:32.303Z","buy","maker"
"0.03950000","100.00000000","2024-05-27T18:49:32.303Z","buy","maker"
"0.03959000","5000.00000000","2024-05-27T18:49:32.303Z","buy","maker"
"0.03960000","6000.00000000","2024-05-27T18:49:32.303Z","buy","maker"
"0.03960000","6000.00000000","2024-05-27T18:49:32.303Z","buy","maker"
"0.03960000","100.00000000","2024-05-27T18:49:32.303Z","buy","maker"
"0.03961000","2000.00000000","2024-05-27T18:49:32.303Z","buy","maker"
"0.03961000","2000.00000000","2024-05-27T18:49:32.303Z","buy","maker"
"0.03962000","1374.00000000","2024-05-27T18:49:32.303Z","buy","maker"
"0.03962000","26.00000000","2024-05-27T18:49:23.100Z","buy","maker"
"0.03961000","547.00000000","2024-05-27T18:49:11.005Z","buy","maker"
"0.03966000","1509.00000000","2024-05-27T18:49:07.219Z","buy","maker"
"0.03968000","1502.00000000","2024-05-27T18:49:06.808Z","buy","maker"
"0.03969000","2786.00000000","2024-05-27T18:49:06.692Z","buy","maker"
"0.03969000","3118.00000000","2024-05-27T18:49:06.651Z","buy","maker"
"0.03969000","2000.00000000","2024-05-27T18:49:06.651Z","buy","maker"
"0.03970000","100.00000000","2024-05-27T18:49:06.651Z","buy","maker"
"0.03989000","62.00000000","2024-05-27T18:49:04.532Z","sell","maker"
"0.03990000","1811.00000000","2024-05-27T18:49:04.505Z","sell","maker"
"0.03990000","100.00000000","2024-05-27T18:49:04.505Z","sell","maker"
"0.03983000","4261.00000000","2024-05-27T18:49:04.505Z","sell","maker"
"0.03980000","100.00000000","2024-05-27T18:49:04.505Z","sell","maker"
"0.03980000","100.00000000","2024-05-27T18:49:04.505Z","sell","maker"
"0.03979000","2130.00000000","2024-05-27T18:49:04.505Z","sell","maker"
"0.03976000","1065.00000000","2024-05-27T18:49:04.505Z","sell","maker"
"0.03970000","100.00000000","2024-05-27T18:49:04.505Z","sell","maker"
"0.03970000","23681.00000000","2024-05-27T18:49:04.505Z","sell","maker"
"0.03967000","864.00000000","2024-05-27T18:49:04.505Z","sell","maker"
"0.03960000","11840.00000000","2024-05-27T18:49:04.505Z","sell","maker"
"0.03960000","100.00000000","2024-05-27T18:49:04.505Z","sell","maker"
"0.03959000","25867.00000000","2024-05-27T18:49:04.505Z","sell","maker"
"0.03958000","64719.00000000","2024-05-27T18:49:04.505Z","sell","maker"
"0.03950000","100.00000000","2024-05-27T18:49:04.505Z","sell","maker"
"0.03947000","5500.00000000","2024-05-27T18:49:04.505Z","sell","maker"
"0.03946000","6000.00000000","2024-05-27T18:49:04.505Z","sell","maker"
"0.03946000","6000.00000000","2024-05-27T18:49:04.505Z","sell","maker"
"0.03945000","2000.00000000","2024-05-27T18:49:04.505Z","sell","maker"
"0.03945000","1205.00000000","2024-05-27T18:48:59.734Z","sell","maker"
"0.03942000","2357.00000000","2024-05-27T18:48:43.595Z","sell","maker"
"0.03940000","33.00000000","2024-05-27T18:48:43.595Z","sell","maker"
"0.03939000","1400.00000000","2024-05-27T18:48:43.595Z","sell","maker"
"0.03937000","5500.00000000","2024-05-27T18:48:43.595Z","sell","maker"
"0.03936000","6000.00000000","2024-05-27T18:48:43.595Z","sell","maker"
"0.03936000","6000.00000000","2024-05-27T18:48:43.595Z","sell","maker"
"0.03935000","2000.00000000","2024-05-27T18:48:43.595Z","sell","maker"
"0.03935000","2000.00000000","2024-05-27T18:48:43.595Z","sell","maker"
"0.03940000","67.00000000","2024-05-27T18:48:36.378Z","sell","maker"
"0.03936000","591.00000000","2024-05-27T18:48:25.045Z","sell","maker"
"0.03938000","110.00000000","2024-05-27T18:48:21.650Z","sell","maker"
"0.03938000","1400.00000000","2024-05-27T18:48:21.650Z","sell","maker"
"0.03938000","721.00000000","2024-05-27T18:48:01.129Z","sell","maker"
"0.03938000","109.00000000","2024-05-27T18:47:54.010Z","sell","maker"
"0.03938000","22.00000000","2024-05-27T18:47:52.639Z","sell","maker"
"0.03920000","1391.00000000","2024-05-27T18:47:48.491Z","buy","maker"
"0.03920000","100.00000000","2024-05-27T18:47:48.491Z","buy","maker"
"0.03923000","5200.00000000","2024-05-27T18:47:48.491Z","buy","maker"
"0.03924000","2000.00000000","2024-05-27T18:47:48.491Z","buy","maker"
"0.03925000","1400.00000000","2024-05-27T18:47:48.491Z","buy","maker"
"0.03943000","1477.00000000","2024-05-27T18:47:32.200Z","sell","maker"
"0.03941000","76.00000000","2024-05-27T18:47:32.200Z","sell","maker"
"0.03948000","248.00000000","2024-05-27T18:47:11.335Z","sell","maker"
"0.03948000","25.00000000","2024-05-27T18:47:11.093Z","sell","maker"
"0.03948000","1000.00000000","2024-05-27T18:47:04.425Z","sell","maker"
"0.03934000","26.00000000","2024-05-27T18:46:59.703Z","buy","maker"
"0.03949000","76.00000000","2024-05-27T18:46:54.820Z","sell","maker"
"0.03924000","10082.00000000","2024-05-27T18:46:53.890Z","buy","maker"
"0.03925000","48338.00000000","2024-05-27T18:46:53.890Z","buy","maker"
"0.03928000","6000.00000000","2024-05-27T18:46:53.890Z","buy","maker"
"0.03933000","4700.00000000","2024-05-27T18:46:53.890Z","buy","maker"
"0.03934000","2000.00000000","2024-05-27T18:46:53.890Z","buy","maker"
"0.03934000","6000.00000000","2024-05-27T18:46:53.890Z","buy","maker"
"0.03935000","2000.00000000","2024-05-27T18:46:53.890Z","buy","maker"
"0.03936000","1400.00000000","2024-05-27T18:46:53.890Z","buy","maker"
"0.03930000","15123.00000000","2024-05-27T18:46:45.987Z","buy","maker"
"0.03930000","100.00000000","2024-05-27T18:46:45.987Z","buy","maker"
"0.03939000","4800.00000000","2024-05-27T18:46:45.987Z","buy","maker"
"0.03940000","6000.00000000","2024-05-27T18:46:45.987Z","buy","maker"
"0.03940000","6000.00000000","2024-05-27T18:46:45.987Z","buy","maker"
"0.03940000","100.00000000","2024-05-27T18:46:45.987Z","buy","maker"
"0.03941000","2000.00000000","2024-05-27T18:46:45.987Z","buy","maker"
"0.03942000","1400.00000000","2024-05-27T18:46:45.987Z","buy","maker"
"0.03941000","2015.00000000","2024-05-27T18:46:44.294Z","buy","maker"
"0.03942000","2000.00000000","2024-05-27T18:46:44.294Z","buy","maker"
"0.03943000","1400.00000000","2024-05-27T18:46:44.294Z","buy","maker"
"0.03942000","77.00000000","2024-05-27T18:46:24.963Z","buy","maker"
"0.03963000","36.00000000","2024-05-27T18:46:03.772Z","sell","maker"
"0.03963000","606.00000000","2024-05-27T18:46:03.742Z","sell","maker"
"0.03960000","100.00000000","2024-05-27T18:46:03.742Z","sell","maker"
"0.03959000","30.00000000","2024-05-27T18:46:03.742Z","sell","maker"
"0.03956000","7788.00000000","2024-05-27T18:46:03.742Z","sell","maker"
"0.03950000","100.00000000","2024-05-27T18:46:03.742Z","sell","maker"
"0.03950000","23681.00000000","2024-05-27T18:46:03.742Z","sell","maker"
"0.03943000","311.00000000","2024-05-27T18:46:03.742Z","sell","maker"
"0.03940000","100.00000000","2024-05-27T18:46:03.742Z","sell","maker"
"0.03938000","1400.00000000","2024-05-27T18:46:03.742Z","sell","maker"
"0.03936000","5800.00000000","2024-05-27T18:46:03.742Z","sell","maker"
"0.03935000","871.00000000","2024-05-27T18:46:03.742Z","sell","maker"
"0.03935000","47178.00000000","2024-05-27T18:46:03.742Z","sell","maker"
"0.03934000","607.00000000","2024-05-27T18:46:03.742Z","sell","maker"
"0.03934000","35.00000000","2024-05-27T18:45:53.053Z","sell","maker"
"0.03934000","13538.00000000","2024-05-27T18:45:53.025Z","sell","maker"
"0.03933000","6000.00000000","2024-05-27T18:45:53.025Z","sell","maker"
"0.03932000","60711.00000000","2024-05-27T18:45:53.025Z","sell","maker"
"0.03932000","1400.00000000","2024-05-27T18:45:53.025Z","sell","maker"
"0.03931000","2000.00000000","2024-05-27T18:45:53.025Z","sell","maker"
"0.03931000","4000.00000000","2024-05-27T18:45:53.025Z","sell","maker"
"0.03930000","1000.00000000","2024-05-27T18:45:53.025Z","sell","maker"
"0.03930000","100.00000000","2024-05-27T18:45:53.025Z","sell","maker"
"0.03920000","1175.00000000","2024-05-27T18:45:40.541Z","buy","maker"
"0.03920000","1825.00000000","2024-05-27T18:45:40.541Z","buy","maker"
"0.03920000","1400.00000000","2024-05-27T18:45:31.410Z","buy","maker"
"0.03920000","1400.00000000","2024-05-27T18:45:31.405Z","sell","maker"
"0.03919000","5500.00000000","2024-05-27T18:45:31.405Z","sell","maker"
"0.03919000","11682.00000000","2024-05-27T18:45:31.405Z","sell","maker"
"0.03918000","5410.00000000","2024-05-27T18:45:31.405Z","sell","maker"
"0.03918000","2000.00000000","2024-05-27T18:45:31.405Z","sell","maker"
"0.03918000","100.00000000","2024-05-27T18:45:20.103Z","sell","maker"
"0.03918000","253.00000000","2024-05-27T18:45:19.010Z","sell","maker"
"0.03918000","1064.00000000","2024-05-27T18:44:57.427Z","sell","maker"
"0.03917000","2000.00000000","2024-05-27T18:44:57.427Z","sell","maker"
"0.03916000","1400.00000000","2024-05-27T18:44:57.427Z","sell","maker"
"0.03901000","1453.00000000","2024-05-27T18:44:50.207Z","buy","maker"
"0.03902000","1400.00000000","2024-05-27T18:44:50.207Z","buy","maker"
"0.03902000","4300.00000000","2024-05-27T18:44:50.207Z","buy","maker"
"0.03903000","2000.00000000","2024-05-27T18:44:50.207Z","buy","maker"
"0.03903000","2000.00000000","2024-05-27T18:44:50.207Z","buy","maker"
"0.03903000","3024.00000000","2024-05-27T18:44:50.207Z","buy","maker"
"0.03907000","274.00000000","2024-05-27T18:44:46.453Z","buy","maker"
"0.03908000","3725.00000000","2024-05-27T18:44:46.453Z","buy","maker"
"0.03916000","1.00000000","2024-05-27T18:44:38.619Z","sell","maker"
"0.03917000","25.00000000","2024-05-27T18:44:30.048Z","sell","maker"
"0.03918000","3490.00000000","2024-05-27T18:44:27.991Z","sell","maker"
"0.03914000","128.00000000","2024-05-27T18:44:18.228Z","sell","maker"
"0.03914000","100.00000000","2024-05-27T18:44:18.228Z","sell","maker"
"0.03901000","595.00000000","2024-05-27T18:44:08.265Z","buy","maker"
"0.03902000","5138.00000000","2024-05-27T18:44:08.265Z","buy","maker"
"0.03902000","871.00000000","2024-05-27T18:44:08.265Z","buy","maker"
"0.03903000","2000.00000000","2024-05-27T18:44:08.265Z","buy","maker"
"0.03906000","1400.00000000","2024-05-27T18:44:08.265Z","buy","maker"
"0.03908000","5200.00000000","2024-05-27T18:44:08.265Z","buy","maker"
"0.03908000","704.00000000","2024-05-27T18:44:08.265Z","buy","maker"
"0.03909000","136.00000000","2024-05-27T18:44:08.265Z","buy","maker"
"0.03910000","100.00000000","2024-05-27T18:44:08.265Z","buy","maker"
"0.03918000","2191.00000000","2024-05-27T18:44:00.184Z","sell","maker"
"0.03917000","1000.00000000","2024-05-27T18:44:00.184Z","sell","maker"
"0.03917000","1103.00000000","2024-05-27T18:43:17.208Z","sell","maker"
"0.03917000","69.00000000","2024-05-27T18:43:11.818Z","sell","maker"
"0.03914000","1322.00000000","2024-05-27T18:41:59.391Z","buy","maker"
"0.03917000","136.00000000","2024-05-27T18:41:59.391Z","buy","maker"
"0.03918000","4600.00000000","2024-05-27T18:41:59.391Z","buy","maker"
"0.03919000","2000.00000000","2024-05-27T18:41:59.391Z","buy","maker"
"0.03920000","1399.00000000","2024-05-27T18:41:59.391Z","buy","maker"
"0.03920000","1.00000000","2024-05-27T18:41:53.371Z","buy","maker"
"0.03938000","246.00000000","2024-05-27T18:41:49.595Z","sell","maker"
"0.03937000","415.00000000","2024-05-27T18:41:39.962Z","sell","maker"
"0.03936000","6000.00000000","2024-05-27T18:41:39.962Z","sell","maker"
"0.03936000","3293.00000000","2024-05-27T18:41:39.962Z","sell","maker"
"0.03935000","1000.00000000","2024-05-27T18:41:39.962Z","sell","maker"
"0.03934000","1400.00000000","2024-05-27T18:41:39.962Z","sell","maker"
"0.03919000","27.00000000","2024-05-27T18:40:50.059Z","buy","maker"
"0.03920000","893.00000000","2024-05-27T18:40:50.059Z","buy","maker"
"0.03935000","227.00000000","2024-05-27T18:40:34.312Z","sell","maker"
"0.03936000","2707.00000000","2024-05-27T18:40:25.984Z","sell","maker"
"0.03935000","2000.00000000","2024-05-27T18:40:25.984Z","sell","maker"
"0.03928000","230.00000000","2024-05-27T18:40:25.984Z","sell","maker"
"0.03935000","25.00000000","2024-05-27T18:40:17.805Z","sell","maker"
"0.03920000","65.00000000","2024-05-27T18:39:44.534Z","buy","maker"
"0.03935000","422.00000000","2024-05-27T18:39:41.986Z","sell","maker"
"0.03935000","2000.00000000","2024-05-27T18:39:41.986Z","sell","maker"
"0.03935000","127.00000000","2024-05-27T18:39:39.212Z","sell","maker"
"0.03930000","100.00000000","2024-05-27T18:39:39.212Z","sell","maker"
"0.03920000","442.00000000","2024-05-27T18:39:32.303Z","buy","maker"
"0.03910000","11129.00000000","2024-05-27T18:39:14.960Z","buy","maker"
"0.03910000","100.00000000","2024-05-27T18:39:14.960Z","buy","maker"
"0.03913000","6000.00000000","2024-05-27T18:39:14.960Z","buy","maker"
"0.03915000","6000.00000000","2024-05-27T18:39:14.960Z","buy","maker"
"0.03916000","48829.00000000","2024-05-27T18:39:14.960Z","buy","maker"
"0.03920000","100.00000000","2024-05-27T18:39:14.960Z","buy","maker"
"0.03925000","4900.00000000","2024-05-27T18:39:14.960Z","buy","maker"
"0.03925000","135.00000000","2024-05-27T18:39:14.960Z","buy","maker"
"0.03926000","2000.00000000","2024-05-27T18:39:14.960Z","buy","maker"
"0.03930000","4700.00000000","2024-05-27T18:39:14.960Z","buy","maker"
"0.03930000","100.00000000","2024-05-27T18:39:14.960Z","buy","maker"
"0.03931000","2000.00000000","2024-05-27T18:39:14.960Z","buy","maker"
"0.03932000","1400.00000000","2024-05-27T18:39:14.960Z","buy","maker"
"0.03948000","14.00000000","2024-05-27T18:39:01.482Z","sell","maker"
"0.03946000","21442.00000000","2024-05-27T18:38:47.528Z","sell","maker"
"0.03945000","2000.00000000","2024-05-27T18:38:47.528Z","sell","maker"
"0.03945000","1400.00000000","2024-05-27T18:38:47.528Z","sell","maker"
"0.03935000","2845.00000000","2024-05-27T18:38:32.579Z","buy","maker"
"0.03936000","2000.00000000","2024-05-27T18:38:32.579Z","buy","maker"
"0.03936000","1400.00000000","2024-05-27T18:38:32.579Z","buy","maker"
"0.03949000","502.00000000","2024-05-27T18:38:17.498Z","sell","maker"
"0.03951000","1899.00000000","2024-05-27T18:37:43.666Z","sell","maker"
"0.03951000","2000.00000000","2024-05-27T18:37:43.666Z","sell","maker"
"0.03950000","100.00000000","2024-05-27T18:37:43.666Z","sell","maker"
"0.03949000","123.00000000","2024-05-27T18:37:14.206Z","sell","maker"
"0.03948000","918.00000000","2024-05-27T18:36:56.036Z","sell","maker"
"0.03947000","2000.00000000","2024-05-27T18:36:56.036Z","sell","maker"
"0.03929000","1641.00000000","2024-05-27T18:36:50.041Z","buy","maker"
"0.03930000","100.00000000","2024-05-27T18:36:50.041Z","buy","maker"
"0.03934000","5100.00000000","2024-05-27T18:36:50.041Z","buy","maker"
"0.03935000","2000.00000000","2024-05-27T18:36:50.041Z","buy","maker"
"0.03935000","6000.00000000","2024-05-27T18:36:50.041Z","buy","maker"
"0.03936000","2000.00000000","2024-05-27T18:36:50.041Z","buy","maker"
"0.03937000","1400.00000000","2024-05-27T18:36:50.041Z","buy","maker"
"0.03940000","767.00000000","2024-05-27T18:36:45.284Z","buy","maker"
"0.03940000","100.00000000","2024-05-27T18:36:45.284Z","buy","maker"
"0.03941000","6000.00000000","2024-05-27T18:36:45.284Z","buy","maker"
"0.03941000","6000.00000000","2024-05-27T18:36:45.284Z","buy","maker"
"0.03942000","2000.00000000","2024-05-27T18:36:45.284Z","buy","maker"
"0.03943000","2000.00000000","2024-05-27T18:36:45.284Z","buy","maker"
"0.03944000","1400.00000000","2024-05-27T18:36:45.284Z","buy","maker"
"0.03965000","4166.00000000","2024-05-27T18:36:29.394Z","sell","maker"
"0.03961000","5400.00000000","2024-05-27T18:36:29.394Z","sell","maker"
"0.03960000","764.00000000","2024-05-27T18:36:29.394Z","sell","maker"
"0.03960000","500.00000000","2024-05-27T18:36:29.394Z","sell","maker"
"0.03960000","100.00000000","2024-05-27T18:36:29.394Z","sell","maker"
"0.03956000","1400.00000000","2024-05-27T18:36:29.394Z","sell","maker"
"0.03959000","751.00000000","2024-05-27T18:36:10.416Z","sell","maker"
"0.03933000","507.00000000","2024-05-27T18:36:08.899Z","buy","maker"
"0.03958000","26802.00000000","2024-05-27T18:35:52.247Z","sell","maker"
"0.03956000","4400.00000000","2024-05-27T18:35:52.247Z","sell","maker"
"0.03950000","4200.00000000","2024-05-27T18:35:52.247Z","sell","maker"
"0.03949000","4553.00000000","2024-05-27T18:35:52.247Z","sell","maker"
"0.03948000","1400.00000000","2024-05-27T18:35:52.247Z","sell","maker"
"0.03947000","6000.00000000","2024-05-27T18:35:52.247Z","sell","maker"
"0.03947000","2000.00000000","2024-05-27T18:35:52.247Z","sell","maker"
"0.03934000","267.00000000","2024-05-27T18:35:41.872Z","buy","maker"
"0.03934000","135.00000000","2024-05-27T18:35:41.872Z","buy","maker"
"0.03935000","864.00000000","2024-05-27T18:35:41.872Z","buy","maker"
"0.03939000","1028.00000000","2024-05-27T18:34:51.465Z","buy","maker"
"0.03940000","100.00000000","2024-05-27T18:34:51.465Z","buy","maker"
"0.03941000","1400.00000000","2024-05-27T18:34:51.465Z","buy","maker"
"0.03954000","701.00000000","2024-05-27T18:34:51.221Z","sell","maker"
"0.03953000","2787.00000000","2024-05-27T18:34:26.464Z","sell","maker"
"0.03953000","3698.00000000","2024-05-27T18:34:19.080Z","sell","maker"
"0.03949000","1527.00000000","2024-05-27T18:34:09.090Z","buy","maker"
"0.03950000","2000.00000000","2024-05-27T18:34:09.090Z","buy","maker"
"0.03950000","100.00000000","2024-05-27T18:34:09.090Z","buy","maker"
"0.03951000","1400.00000000","2024-05-27T18:34:09.090Z","buy","maker"
"0.03974000","1447.00000000","2024-05-27T18:33:45.033Z","sell","maker"
"0.03973000","1000.00000000","2024-05-27T18:33:45.033Z","sell","maker"
"0.03951000","26.00000000","2024-05-27T18:33:44.916Z","buy","maker"
"0.03972000","642.00000000","2024-05-27T18:33:17.351Z","sell","maker"
"0.03972000","2000.00000000","2024-05-27T18:33:17.351Z","sell","maker"
"0.03974000","1000.00000000","2024-05-27T18:32:54.158Z","sell","maker"
"0.03970000","100.00000000","2024-05-27T18:32:54.158Z","sell","maker"
"0.03967000","864.00000000","2024-05-27T18:32:54.158Z","sell","maker"
"0.03961000","4600.00000000","2024-05-27T18:32:54.158Z","sell","maker"
"0.03960000","100.00000000","2024-05-27T18:32:54.158Z","sell","maker"
"0.03951000","5600.00000000","2024-05-27T18:32:54.158Z","sell","maker"
"0.03950000","6000.00000000","2024-05-27T18:32:54.158Z","sell","maker"
"0.03950000","6000.00000000","2024-05-27T18:32:54.158Z","sell","maker"
"0.03950000","100.00000000","2024-05-27T18:32:54.158Z","sell","maker"
"0.03949000","2000.00000000","2024-05-27T18:32:54.158Z","sell","maker"
"0.03948000","2000.00000000","2024-05-27T18:32:54.158Z","sell","maker"
"0.03948000","1400.00000000","2024-05-27T18:32:54.158Z","sell","maker"
"0.03923000","1101.00000000","2024-05-27T18:32:49.883Z","buy","maker"
"0.03924000","6000.00000000","2024-05-27T18:32:49.883Z","buy","maker"
"0.03924000","6000.00000000","2024-05-27T18:32:49.883Z","buy","maker"
"0.03925000","3513.00000000","2024-05-27T18:32:49.883Z","buy","maker"
"0.03926000","2000.00000000","2024-05-27T18:32:49.883Z","buy","maker"
"0.03930000","100.00000000","2024-05-27T18:32:49.883Z","buy","maker"
"0.03938000","3900.00000000","2024-05-27T18:32:49.883Z","buy","maker"
"0.03939000","2000.00000000","2024-05-27T18:32:49.883Z","buy","maker"
"0.03942000","1400.00000000","2024-05-27T18:32:49.883Z","buy","maker"
"0.03942000","6.00000000","2024-05-27T18:32:49.883Z","buy","maker"
"0.03956000","1217.00000000","2024-05-27T18:32:46.713Z","sell","maker"
"0.03950000","34.00000000","2024-05-27T18:32:46.713Z","sell","maker"
"0.03950000","50.00000000","2024-05-27T18:32:37.908Z","sell","maker"
"0.03950000","16.00000000","2024-05-27T18:32:27.600Z","sell","maker"
"0.03942000","29.00000000","2024-05-27T18:32:14.139Z","buy","maker"
"0.03940000","100.00000000","2024-05-27T18:32:01.173Z","sell","maker"
"0.03912000","245.00000000","2024-05-27T18:31:59.252Z","buy","maker"
"0.03913000","3557.00000000","2024-05-27T18:31:59.252Z","buy","maker"
"0.03916000","2219.00000000","2024-05-27T18:31:59.252Z","buy","maker"
"0.03917000","1110.00000000","2024-05-27T18:31:59.252Z","buy","maker"
"0.03920000","100.00000000","2024-05-27T18:31:59.252Z","buy","maker"
"0.03921000","4577.00000000","2024-05-27T18:31:59.252Z","buy","maker"
"0.03922000","4604.00000000","2024-05-27T18:31:59.252Z","buy","maker"
"0.03930000","100.00000000","2024-05-27T18:31:59.252Z","buy","maker"
"0.03935000","864.00000000","2024-05-27T18:31:59.252Z","buy","maker"
"0.03939000","4700.00000000","2024-05-27T18:31:59.252Z","buy","maker"
"0.03940000","100.00000000","2024-05-27T18:31:59.252Z","buy","maker"
"0.03949000","5300.00000000","2024-05-27T18:31:59.252Z","buy","maker"
"0.03950000","100.00000000","2024-05-27T18:31:59.252Z","buy","maker"
"0.03950000","6000.00000000","2024-05-27T18:31:59.252Z","buy","maker"
"0.03950000","6000.00000000","2024-05-27T18:31:59.252Z","buy","maker"
"0.03950000","134.00000000","2024-05-27T18:31:59.252Z","buy","maker"
"0.03951000","2000.00000000","2024-05-27T18:31:59.252Z","buy","maker"
"0.03952000","2000.00000000","2024-05-27T18:31:59.252Z","buy","maker"
"0.03953000","1290.00000000","2024-05-27T18:31:59.252Z","buy","maker"
"0.03953000","110.00000000","2024-05-27T18:31:17.064Z","buy","maker"
"0.03973000","495.00000000","2024-05-27T18:31:13.300Z","sell","maker"
"0.03973000","641.00000000","2024-05-27T18:31:11.809Z","sell","maker"
"0.03970000","1400.00000000","2024-05-27T18:31:11.809Z","sell","maker"
"0.03970000","100.00000000","2024-05-27T18:31:11.809Z","sell","maker"
"0.03967000","242.00000000","2024-05-27T18:31:11.809Z","sell","maker"
"0.03966000","110.00000000","2024-05-27T18:31:11.809Z","sell","maker"
"0.03967000","622.00000000","2024-05-27T18:30:59.844Z","sell","maker"
"0.03966000","612.00000000","2024-05-27T18:30:52.326Z","sell","maker"
"0.03966000","6000.00000000","2024-05-27T18:30:52.326Z","sell","maker"
"0.03965000","2000.00000000","2024-05-27T18:30:52.326Z","sell","maker"
"0.03965000","1400.00000000","2024-05-27T18:30:52.326Z","sell","maker"
"0.03965000","2000.00000000","2024-05-27T18:30:52.326Z","sell","maker"
"0.03960000","100.00000000","2024-05-27T18:30:52.326Z","sell","maker"
"0.03959000","54.00000000","2024-05-27T18:30:37.679Z","buy","maker"
"0.03959000","80.00000000","2024-05-27T18:30:35.570Z","buy","maker"
"0.03932000","2098.00000000","2024-05-27T18:30:33.893Z","buy","maker"
"0.03935000","864.00000000","2024-05-27T18:30:33.893Z","buy","maker"
"0.03937000","2331.00000000","2024-05-27T18:30:33.893Z","buy","maker"
"0.03937000","1166.00000000","2024-05-27T18:30:33.893Z","buy","maker"
"0.03940000","100.00000000","2024-05-27T18:30:33.893Z","buy","maker"
"0.03945000","49642.00000000","2024-05-27T18:30:33.893Z","buy","maker"
"0.03946000","30000.00000000","2024-05-27T18:30:33.893Z","buy","maker"
"0.03947000","49612.00000000","2024-05-27T18:30:33.893Z","buy","maker"
"0.03950000","4800.00000000","2024-05-27T18:30:33.893Z","buy","maker"
"0.03950000","100.00000000","2024-05-27T18:30:33.893Z","buy","maker"
"0.03959000","4400.00000000","2024-05-27T18:30:33.893Z","buy","maker"
"0.03960000","100.00000000","2024-05-27T18:30:33.893Z","buy","maker"
"0.03965000","4100.00000000","2024-05-27T18:30:33.893Z","buy","maker"
"0.03966000","6000.00000000","2024-05-27T18:30:33.893Z","buy","maker"
"0.03966000","6000.00000000","2024-05-27T18:30:33.893Z","buy","maker"
"0.03967000","2000.00000000","2024-05-27T18:30:33.893Z","buy","maker"
"0.03967000","2000.00000000","2024-05-27T18:30:33.893Z","buy","maker"
"0.03967000","134.00000000","2024-05-27T18:30:33.893Z","buy","maker"
"0.03970000","100.00000000","2024-05-27T18:30:33.893Z","buy","maker"
"0.03970000","100.00000000","2024-05-27T18:30:33.893Z","buy","maker"
"0.03972000","1400.00000000","2024-05-27T18:30:33.893Z","buy","maker"
"0.03999000","2036.00000000","2024-05-27T18:30:11.503Z","sell","maker"
"0.03991000","5400.00000000","2024-05-27T18:30:11.503Z","sell","maker"
"0.03990000","100.00000000","2024-05-27T18:30:11.503Z","sell","maker"
"0.03990000","100.00000000","2024-05-27T18:30:11.503Z","sell","maker"
"0.03989000","1400.00000000","2024-05-27T18:30:11.503Z","sell","maker"
"0.03970000","100.00000000","2024-05-27T18:30:07.103Z","buy","maker"
"0.03971000","1400.00000000","2024-05-27T18:30:07.103Z","buy","maker"
"0.03971000","500.00000000","2024-05-27T18:30:02.244Z","buy","maker"
"0.03984000","632.00000000","2024-05-27T18:29:53.895Z","sell","maker"
"0.03980000","777.00000000","2024-05-27T18:29:39.295Z","buy","maker"
"0.03980000","100.00000000","2024-05-27T18:29:39.289Z","sell","maker"
"0.03999000","5044.00000000","2024-05-27T18:29:30.853Z","sell","maker"
"0.03998000","2000.00000000","2024-05-27T18:29:30.853Z","sell","maker"
"0.03998000","5700.00000000","2024-05-27T18:29:30.853Z","sell","maker"
"0.03997000","2000.00000000","2024-05-27T18:29:30.853Z","sell","maker"
"0.03996000","1400.00000000","2024-05-27T18:29:30.853Z","sell","maker"
"0.03999000","906.00000000","2024-05-27T18:29:28.957Z","sell","maker"
"0.03998000","2000.00000000","2024-05-27T18:29:28.957Z","sell","maker"
"0.03996000","1057.00000000","2024-05-27T18:29:28.957Z","sell","maker"
"0.03991000","3900.00000000","2024-05-27T18:29:28.957Z","sell","maker"
"0.03990000","6000.00000000","2024-05-27T18:29:28.957Z","sell","maker"
"0.03990000","2000.00000000","2024-05-27T18:29:28.957Z","sell","maker"
"0.03990000","100.00000000","2024-05-27T18:29:28.957Z","sell","maker"
"0.03981000","5100.00000000","2024-05-27T18:29:28.957Z","sell","maker"
"0.03980000","6000.00000000","2024-05-27T18:29:28.957Z","sell","maker"
"0.03980000","100.00000000","2024-05-27T18:29:28.957Z","sell","maker"
"0.03978000","1268.00000000","2024-05-27T18:29:28.957Z","sell","maker"
"0.03975000","134.00000000","2024-05-27T18:29:27.795Z","buy","maker"
"0.03978000","132.00000000","2024-05-27T18:29:25.660Z","sell","maker"
"0.03953000","77.00000000","2024-05-27T18:29:23.086Z","buy","maker"
"0.03952000","1817.00000000","2024-05-27T18:29:20.180Z","buy","maker"
"0.03953000","153.00000000","2024-05-27T18:29:20.180Z","buy","maker"
"0.03953000","1247.00000000","2024-05-27T18:29:20.164Z","buy","maker"
"0.03952000","395.00000000","2024-05-27T18:29:20.150Z","buy","maker"
"0.03953000","1400.00000000","2024-05-27T18:29:20.150Z","buy","maker"
"0.03959000","4450.00000000","2024-05-27T18:29:17.519Z","buy","maker"
"0.03960000","100.00000000","2024-05-27T18:29:17.519Z","buy","maker"
"0.03961000","4671.00000000","2024-05-27T18:29:17.519Z","buy","maker"
"0.03969000","4800.00000000","2024-05-27T18:29:17.519Z","buy","maker"
"0.03970000","100.00000000","2024-05-27T18:29:17.519Z","buy","maker"
"0.03975000","3544.00000000","2024-05-27T18:29:17.519Z","buy","maker"
"0.03976000","6000.00000000","2024-05-27T18:29:17.519Z","buy","maker"
"0.03976000","6000.00000000","2024-05-27T18:29:17.519Z","buy","maker"
"0.03976000","1400.00000000","2024-05-27T18:29:17.519Z","buy","maker"
"0.03977000","2000.00000000","2024-05-27T18:29:17.519Z","buy","maker"
"0.03977000","2000.00000000","2024-05-27T18:29:17.519Z","buy","maker"
"0.03977000","200.00000000","2024-05-27T18:29:12.388Z","buy","maker"
"0.03971000","76.00000000","2024-05-27T18:28:49.371Z","buy","maker"
"0.03971000","1086.00000000","2024-05-27T18:28:48.503Z","buy","maker"
"0.03997000","192.00000000","2024-05-27T18:28:39.437Z","buy","maker"
"0.03997000","782.00000000","2024-05-27T18:28:39.413Z","buy","maker"
"0.03997000","108.00000000","2024-05-27T18:28:39.193Z","buy","maker"
"0.03997000","716.00000000","2024-05-27T18:28:39.182Z","sell","maker"
"0.03997000","704.00000000","2024-05-27T18:28:39.182Z","sell","maker"
"0.03990000","69735.00000000","2024-05-27T18:28:36.421Z","sell","maker"
"0.03990000","7966.00000000","2024-05-27T18:28:36.421Z","sell","maker"
"0.03990000","100.00000000","2024-05-27T18:28:36.421Z","sell","maker"
"0.03989000","6007.00000000","2024-05-27T18:28:36.421Z","sell","maker"
"0.03989000","8481.00000000","2024-05-27T18:28:36.421Z","sell","maker"
"0.03985000","7276.00000000","2024-05-27T18:28:36.421Z","sell","maker"
"0.03984000","9163.00000000","2024-05-27T18:28:36.421Z","sell","maker"
"0.03981000","3400.00000000","2024-05-27T18:28:36.421Z","sell","maker"
"0.03980000","1.00000000","2024-05-27T18:28:36.421Z","sell","maker"
"0.03980000","7985.00000000","2024-05-27T18:28:36.421Z","sell","maker"
"0.03980000","100.00000000","2024-05-27T18:28:36.421Z","sell","maker"
"0.03980000","100.00000000","2024-05-27T18:28:36.421Z","sell","maker"
"0.03979000","702.00000000","2024-05-27T18:28:36.421Z","sell","maker"
"0.03977000","1458.00000000","2024-05-27T18:28:36.421Z","sell","maker"
"0.03971000","4581.00000000","2024-05-27T18:28:36.421Z","sell","maker"
"0.03970000","2291.00000000","2024-05-27T18:28:36.421Z","sell","maker"
"0.03970000","8006.00000000","2024-05-27T18:28:36.421Z","sell","maker"
"0.03970000","100.00000000","2024-05-27T18:28:36.421Z","sell","maker"
"0.03969000","1145.00000000","2024-05-27T18:28:36.421Z","sell","maker"
"0.03969000","2359.00000000","2024-05-27T18:28:36.421Z","sell","maker"
"0.03967000","857.00000000","2024-05-27T18:28:36.421Z","sell","maker"
"0.03967000","7268.00000000","2024-05-27T18:28:36.421Z","sell","maker"
"0.03965000","2801.00000000","2024-05-27T18:28:36.421Z","sell","maker"
"0.03960000","10986.00000000","2024-05-27T18:28:36.421Z","sell","maker"
"0.03960000","100.00000000","2024-05-27T18:28:36.421Z","sell","maker"
"0.03959000","8016.00000000","2024-05-27T18:28:36.421Z","sell","maker"
"0.03958000","500.00000000","2024-05-27T18:28:36.421Z","sell","maker"
"0.03957000","1292.00000000","2024-05-27T18:28:36.421Z","sell","maker"
"0.03957000","1826.00000000","2024-05-27T18:28:36.421Z","sell","maker"
"0.03952000","956.00000000","2024-05-27T18:28:36.421Z","sell","maker"
"0.03950000","10000.00000000","2024-05-27T18:28:36.421Z","sell","maker"
"0.03950000","100.00000000","2024-05-27T18:28:36.421Z","sell","maker"
"0.03950000","3089.00000000","2024-05-27T18:28:36.421Z","sell","maker"
"0.03944000","4900.00000000","2024-05-27T18:28:36.421Z","sell","maker"
"0.03942000","172984.00000000","2024-05-27T18:28:36.421Z","sell","maker"
"0.03942000","1206.00000000","2024-05-27T18:28:32.110Z","sell","maker"
"0.03942000","13435.00000000","2024-05-27T18:28:27.446Z","sell","maker"
"0.03942000","7648.00000000","2024-05-27T18:28:20.645Z","sell","maker"
"0.03942000","31935.00000000","2024-05-27T18:28:06.919Z","sell","maker"
"0.03941000","173.00000000","2024-05-27T18:28:06.919Z","sell","maker"
"0.03939000","1400.00000000","2024-05-27T18:28:06.919Z","sell","maker"
"0.03934000","1543.00000000","2024-05-27T18:28:06.919Z","sell","maker"
"0.03925000","643.00000000","2024-05-27T18:27:54.099Z","sell","maker"
"0.03941000","42.00000000","2024-05-27T18:27:52.910Z","sell","maker"
"0.03942000","23778.00000000","2024-05-27T18:27:52.884Z","sell","maker"
"0.03941000","50794.00000000","2024-05-27T18:27:52.884Z","sell","maker"
"0.03940000","17265.00000000","2024-05-27T18:27:52.884Z","sell","maker"
"0.03940000","100.00000000","2024-05-27T18:27:52.884Z","sell","maker"
"0.03939000","581.00000000","2024-05-27T18:27:52.884Z","sell","maker"
"0.03939000","100.00000000","2024-05-27T18:27:52.884Z","sell","maker"
"0.03936000","5000.00000000","2024-05-27T18:27:52.884Z","sell","maker"
"0.03935000","871.00000000","2024-05-27T18:27:52.884Z","sell","maker"
"0.03932000","1400.00000000","2024-05-27T18:27:52.884Z","sell","maker"
"0.03931000","4900.00000000","2024-05-27T18:27:52.884Z","sell","maker"
"0.03925000","834.00000000","2024-05-27T18:27:52.884Z","sell","maker"
"0.03930000","173.00000000","2024-05-27T18:26:58.787Z","buy","maker"
"0.03930000","1400.00000000","2024-05-27T18:26:58.781Z","sell","maker"
"0.03930000","6000.00000000","2024-05-27T18:26:58.781Z","sell","maker"
"0.03930000","100.00000000","2024-05-27T18:26:58.781Z","sell","maker"
"0.03920000","1000.00000000","2024-05-27T18:26:40.467Z","sell","maker"
"0.03920000","10000.00000000","2024-05-27T18:26:40.467Z","sell","maker"
"0.03920000","100.00000000","2024-05-27T18:26:40.467Z","sell","maker"
"0.03910000","25.00000000","2024-05-27T18:26:38.770Z","buy","maker"
"0.03908000","2317.00000000","2024-05-27T18:26:17.911Z","sell","maker"
"0.03908000","2000.00000000","2024-05-27T18:26:17.911Z","sell","maker"
"0.03908000","150.00000000","2024-05-27T18:26:17.911Z","sell","maker"
"0.03907000","2000.00000000","2024-05-27T18:26:17.911Z","sell","maker"
"0.03906000","13.00000000","2024-05-27T18:26:12.917Z","sell","maker"
"0.03905000","1242.00000000","2024-05-27T18:25:50.377Z","sell","maker"
"0.03891000","34.00000000","2024-05-27T18:25:34.175Z","buy","maker"
"0.03896000","469.00000000","2024-05-27T18:24:41.307Z","buy","maker"
"0.03899000","371.00000000","2024-05-27T18:24:41.307Z","buy","maker"
"0.03899000","26.00000000","2024-05-27T18:24:34.189Z","buy","maker"
"0.03915000","805.00000000","2024-05-27T18:24:33.057Z","sell","maker"
"0.03899000","1298.00000000","2024-05-27T18:24:23.724Z","buy","maker"
"0.03899000","1166.00000000","2024-05-27T18:24:23.724Z","buy","maker"
"0.03900000","1400.00000000","2024-05-27T18:24:23.724Z","buy","maker"
"0.03911000","992.00000000","2024-05-27T18:24:19.752Z","sell","maker"
"0.03910000","100.00000000","2024-05-27T18:24:19.752Z","sell","maker"
"0.03909000","1400.00000000","2024-05-27T18:24:19.752Z","sell","maker"
"0.03906000","5419.00000000","2024-05-27T18:23:41.898Z","sell","maker"
"0.03899000","137.00000000","2024-05-27T18:23:26.391Z","sell","maker"
"0.03902000","594.00000000","2024-05-27T18:23:09.086Z","sell","maker"
"0.03884000","17236.00000000","2024-05-27T18:22:58.157Z","buy","maker"
"0.03890000","100.00000000","2024-05-27T18:22:58.157Z","buy","maker"
"0.03891000","6000.00000000","2024-05-27T18:22:58.157Z","buy","maker"
"0.03899000","100.00000000","2024-05-27T18:22:58.157Z","buy","maker"
"0.03900000","100.00000000","2024-05-27T18:22:58.157Z","buy","maker"
"0.03902000","871.00000000","2024-05-27T18:22:58.157Z","buy","maker"
"0.03905000","1400.00000000","2024-05-27T18:22:58.157Z","buy","maker"
"0.03905000","5000.00000000","2024-05-27T18:22:58.157Z","buy","maker"
"0.03906000","2000.00000000","2024-05-27T18:22:58.157Z","buy","maker"
"0.03906000","4737.00000000","2024-05-27T18:22:58.157Z","buy","maker"
"0.03907000","2000.00000000","2024-05-27T18:22:58.157Z","buy","maker"
"0.03907000","742.00000000","2024-05-27T18:22:49.154Z","buy","maker"
"0.03907000","3446.00000000","2024-05-27T18:22:48.154Z","buy","maker"
"0.03908000","2000.00000000","2024-05-27T18:22:48.154Z","buy","maker"
"0.03909000","1400.00000000","2024-05-27T18:22:48.154Z","buy","maker"
"0.03920000","63.00000000","2024-05-27T18:22:40.308Z","sell","maker"
"0.03920000","8123.00000000","2024-05-27T18:22:14.251Z","sell","maker"
"0.03920000","2031.00000000","2024-05-27T18:22:12.156Z","sell","maker"
"0.03920000","4576.00000000","2024-05-27T18:22:11.242Z","sell","maker"
"0.03919000","2000.00000000","2024-05-27T18:22:11.242Z","sell","maker"
"0.03919000","6000.00000000","2024-05-27T18:22:11.242Z","sell","maker"
"0.03918000","1000.00000000","2024-05-27T18:22:11.242Z","sell","maker"
"0.03909000","16.00000000","2024-05-27T18:21:53.707Z","buy","maker"
"0.03910000","100.00000000","2024-05-27T18:21:53.707Z","buy","maker"
"0.03918000","1223.00000000","2024-05-27T18:21:48.381Z","sell","maker"
"0.03920000","5800.00000000","2024-05-27T18:21:29.249Z","buy","maker"
"0.03920000","100.00000000","2024-05-27T18:21:29.249Z","buy","maker"
"0.03921000","6000.00000000","2024-05-27T18:21:29.249Z","buy","maker"
"0.03921000","6000.00000000","2024-05-27T18:21:29.249Z","buy","maker"
"0.03922000","2000.00000000","2024-05-27T18:21:29.249Z","buy","maker"
"0.03923000","2000.00000000","2024-05-27T18:21:29.249Z","buy","maker"
"0.03924000","1400.00000000","2024-05-27T18:21:29.249Z","buy","maker"
"0.03942000","7454.00000000","2024-05-27T18:21:26.238Z","sell","maker"
"0.03941000","17494.00000000","2024-05-27T18:21:26.238Z","sell","maker"
"0.03941000","1804.00000000","2024-05-27T18:21:07.720Z","sell","maker"
"0.03941000","845.00000000","2024-05-27T18:20:59.040Z","sell","maker"
"0.03940000","100.00000000","2024-05-27T18:20:59.040Z","sell","maker"
"0.03938000","1909.00000000","2024-05-27T18:20:57.609Z","sell","maker"
"0.03936000","696.00000000","2024-05-27T18:20:57.609Z","sell","maker"
"0.03936000","704.00000000","2024-05-27T18:20:56.517Z","sell","maker"
"0.03914000","18.00000000","2024-05-27T18:20:55.265Z","buy","maker"
"0.03917000","20346.00000000","2024-05-27T18:20:46.550Z","buy","maker"
"0.03920000","100.00000000","2024-05-27T18:20:46.550Z","buy","maker"
"0.03930000","1400.00000000","2024-05-27T18:20:46.550Z","buy","maker"
"0.03930000","2000.00000000","2024-05-27T18:20:46.550Z","buy","maker"
"0.03933000","4000.00000000","2024-05-27T18:20:46.550Z","buy","maker"
"0.03935000","123.00000000","2024-05-27T18:20:46.550Z","buy","maker"
"0.03942000","225.00000000","2024-05-27T18:20:41.295Z","sell","maker"
"0.03942000","47178.00000000","2024-05-27T18:20:33.757Z","sell","maker"
"0.03942000","2406.00000000","2024-05-27T18:20:28.407Z","sell","maker"
"0.03942000","2605.00000000","2024-05-27T18:20:27.692Z","sell","maker"
"0.03942000","25.00000000","2024-05-27T18:20:22.380Z","sell","maker"
"0.03942000","677.00000000","2024-05-27T18:20:19.005Z","sell","maker"
"0.03942000","50.00000000","2024-05-27T18:20:05.317Z","sell","maker"
"0.03942000","25.00000000","2024-05-27T18:20:00.638Z","sell","maker"
"0.03942000","64086.00000000","2024-05-27T18:20:00.610Z","sell","maker"
"0.03942000","21741.00000000","2024-05-27T18:19:52.265Z","sell","maker"
"0.03941000","2916.00000000","2024-05-27T18:19:52.265Z","sell","maker"
"0.03948000","14716.00000000","2024-05-27T18:19:38.679Z","sell","maker"
"0.03945000","683.00000000","2024-05-27T18:19:38.679Z","sell","maker"
"0.03945000","1233.00000000","2024-05-27T18:19:37.024Z","sell","maker"
"0.03945000","6953.00000000","2024-05-27T18:19:24.199Z","sell","maker"
"0.03948000","11.00000000","2024-05-27T18:19:13.399Z","sell","maker"
"0.03948000","101.00000000","2024-05-27T18:19:11.124Z","sell","maker"
"0.03942000","51.00000000","2024-05-27T18:18:55.828Z","buy","maker"
"0.03948000","3629.00000000","2024-05-27T18:18:50.790Z","sell","maker"
"0.03948000","24615.00000000","2024-05-27T18:18:29.405Z","sell","maker"
"0.03948000","48.00000000","2024-05-27T18:18:19.445Z","sell","maker"
"0.03935000","77.00000000","2024-05-27T18:18:18.383Z","buy","maker"
"0.03947000","75.00000000","2024-05-27T18:18:14.675Z","sell","maker"
"0.03923000","505.00000000","2024-05-27T18:18:03.978Z","buy","maker"
"0.03947000","742.00000000","2024-05-27T18:18:03.432Z","sell","maker"
"0.03947000","1205.00000000","2024-05-27T18:17:57.402Z","sell","maker"
"0.03947000","505.00000000","2024-05-27T18:17:49.887Z","sell","maker"
"0.03923000","10.00000000","2024-05-27T18:17:48.435Z","buy","maker"
"0.03923000","77.00000000","2024-05-27T18:17:46.043Z","buy","maker"
"0.03948000","13675.00000000","2024-05-27T18:17:38.733Z","sell","maker"
"0.03947000","854.00000000","2024-05-27T18:17:38.733Z","sell","maker"
"0.03947000","1000.00000000","2024-05-27T18:17:38.733Z","sell","maker"
"0.03946000","1700.00000000","2024-05-27T18:17:38.733Z","sell","maker"
"0.03946000","71.00000000","2024-05-27T18:17:35.056Z","sell","maker"
"0.03946000","3.00000000","2024-05-27T18:17:33.427Z","sell","maker"
"0.03946000","3668.00000000","2024-05-27T18:17:31.327Z","sell","maker"
"0.03942000","1139.00000000","2024-05-27T18:17:31.327Z","sell","maker"
"0.03923000","1.00000000","2024-05-27T18:17:29.062Z","buy","maker"
"0.03942000","289.00000000","2024-05-27T18:17:26.625Z","sell","maker"
"0.03923000","6.00000000","2024-05-27T18:17:23.162Z","buy","maker"
"0.03923000","491.00000000","2024-05-27T18:17:15.895Z","buy","maker"
"0.03947000","67.00000000","2024-05-27T18:17:05.129Z","sell","maker"
"0.03948000","151515.00000000","2024-05-27T18:17:05.104Z","sell","maker"
"0.03946000","2000.00000000","2024-05-27T18:17:05.104Z","sell","maker"
"0.03944000","2580.00000000","2024-05-27T18:17:05.104Z","sell","maker"
"0.03941000","10885.00000000","2024-05-27T18:17:05.104Z","sell","maker"
"0.03942000","628.00000000","2024-05-27T18:17:01.821Z","sell","maker"
"0.03940000","827.00000000","2024-05-27T18:16:54.633Z","sell","maker"
"0.03940000","100.00000000","2024-05-27T18:16:54.633Z","sell","maker"
"0.03937000","14.00000000","2024-05-27T18:16:51.143Z","sell","maker"
"0.03945000","1208.00000000","2024-05-27T18:16:12.274Z","sell","maker"
"0.03945000","21770.00000000","2024-05-27T18:16:12.274Z","sell","maker"
"0.03942000","152.00000000","2024-05-27T18:16:12.274Z","sell","maker"
"0.03940000","182.00000000","2024-05-27T18:15:36.463Z","buy","maker"
"0.03940000","172.00000000","2024-05-27T18:15:30.252Z","buy","maker"
"0.03940000","744.00000000","2024-05-27T18:15:30.241Z","sell","maker"
"0.03940000","208.00000000","2024-05-27T18:15:30.241Z","sell","maker"
"0.03940000","456.00000000","2024-05-27T18:15:13.176Z","sell","maker"
"0.03940000","1022.00000000","2024-05-27T18:15:13.176Z","sell","maker"
"0.03940000","1043.00000000","2024-05-27T18:15:00.225Z","sell","maker"
"0.03939000","1400.00000000","2024-05-27T18:15:00.225Z","sell","maker"
"0.03925000","1400.00000000","2024-05-27T18:14:59.360Z","buy","maker"
"0.03925000","1808.00000000","2024-05-27T18:14:59.360Z","buy","maker"
"0.03926000","2000.00000000","2024-05-27T18:14:59.360Z","buy","maker"
"0.03926000","2000.00000000","2024-05-27T18:14:59.360Z","buy","maker"
"0.03930000","100.00000000","2024-05-27T18:14:59.349Z","buy","maker"
"0.03950000","4958.00000000","2024-05-27T18:14:57.359Z","sell","maker"
"0.03950000","100.00000000","2024-05-27T18:14:57.359Z","sell","maker"
"0.03948000","8739.00000000","2024-05-27T18:14:57.359Z","sell","maker"
"0.03944000","927.00000000","2024-05-27T18:14:57.359Z","sell","maker"
"0.03943000","4600.00000000","2024-05-27T18:14:57.359Z","sell","maker"
"0.03940000","1400.00000000","2024-05-27T18:14:57.359Z","sell","maker"
"0.03940000","1139.00000000","2024-05-27T18:14:54.970Z","sell","maker"
"0.03939000","1400.00000000","2024-05-27T18:14:54.970Z","sell","maker"
"0.03919000","51.00000000","2024-05-27T18:14:52.392Z","sell","maker"
"0.03904000","1631.00000000","2024-05-27T18:14:50.879Z","sell","maker"
"0.03943000","41249.00000000","2024-05-27T18:14:50.431Z","sell","maker"
"0.03942000","43540.00000000","2024-05-27T18:14:50.431Z","sell","maker"
"0.03940000","100.00000000","2024-05-27T18:14:50.431Z","sell","maker"
"0.03939000","100.00000000","2024-05-27T18:14:50.431Z","sell","maker"
"0.03938000","714.00000000","2024-05-27T18:14:50.431Z","sell","maker"
"0.03935000","871.00000000","2024-05-27T18:14:50.431Z","sell","maker"
"0.03933000","168.00000000","2024-05-27T18:14:50.431Z","sell","maker"
"0.03931000","2337.00000000","2024-05-27T18:14:50.431Z","sell","maker"
"0.03930000","100.00000000","2024-05-27T18:14:50.431Z","sell","maker"
"0.03928000","2383.00000000","2024-05-27T18:14:50.431Z","sell","maker"
"0.03926000","20915.00000000","2024-05-27T18:14:50.431Z","sell","maker"
"0.03920000","1225.00000000","2024-05-27T18:14:50.431Z","sell","maker"
"0.03920000","3223.00000000","2024-05-27T18:14:50.431Z","sell","maker"
"0.03920000","100.00000000","2024-05-27T18:14:50.431Z","sell","maker"
"0.03919000","6648.00000000","2024-05-27T18:14:50.431Z","sell","maker"
"0.03912000","4300.00000000","2024-05-27T18:14:50.431Z","sell","maker"
"0.03910000","100.00000000","2024-05-27T18:14:50.431Z","sell","maker"
"0.03908000","4300.00000000","2024-05-27T18:14:50.431Z","sell","maker"
"0.03904000","2670.00000000","2024-05-27T18:14:50.431Z","sell","maker"
"0.03904000","4000.00000000","2024-05-27T18:14:50.431Z","sell","maker"
"0.03904000","166.00000000","2024-05-27T18:14:50.431Z","sell","maker"
"0.03903000","6000.00000000","2024-05-27T18:14:50.431Z","sell","maker"
"0.03903000","6000.00000000","2024-05-27T18:14:50.431Z","sell","maker"
"0.03902000","500.00000000","2024-05-27T18:14:50.431Z","sell","maker"
"0.03902000","2000.00000000","2024-05-27T18:14:50.431Z","sell","maker"
"0.03901000","1400.00000000","2024-05-27T18:14:50.431Z","sell","maker"
"0.03890000","160.00000000","2024-05-27T18:14:44.132Z","buy","maker"
"0.03890000","100.00000000","2024-05-27T18:14:44.132Z","buy","maker"
"0.03897000","2600.00000000","2024-05-27T18:14:41.135Z","buy","maker"
"0.03897000","3400.00000000","2024-05-27T18:14:41.127Z","buy","maker"
"0.03896000","12204.00000000","2024-05-27T18:14:41.115Z","buy","maker"
"0.03897000","1400.00000000","2024-05-27T18:14:41.102Z","buy","maker"
"0.03897000","6000.00000000","2024-05-27T18:14:41.102Z","buy","maker"
"0.03899000","2000.00000000","2024-05-27T18:14:41.021Z","buy","maker"
"0.03899000","1400.00000000","2024-05-27T18:14:41.021Z","buy","maker"
"0.03910000","2909.00000000","2024-05-27T18:14:40.773Z","sell","maker"
"0.03910000","100.00000000","2024-05-27T18:14:40.773Z","sell","maker"
"0.03909000","512.00000000","2024-05-27T18:14:40.773Z","sell","maker"
"0.03907000","2172.00000000","2024-05-27T18:14:40.773Z","sell","maker"
"0.03907000","822.00000000","2024-05-27T18:14:40.773Z","sell","maker"
"0.03907000","261.00000000","2024-05-27T18:14:40.773Z","sell","maker"
"0.03900000","1278.00000000","2024-05-27T18:14:23.446Z","buy","maker"
"0.03908000","228.00000000","2024-05-27T18:14:22.932Z","sell","maker"
"0.03892000","357.00000000","2024-05-27T18:14:21.977Z","buy","maker"
"0.03906000","75.00000000","2024-05-27T18:14:12.107Z","sell","maker"
"0.03906000","22748.00000000","2024-05-27T18:14:12.082Z","sell","maker"
"0.03905000","122585.00000000","2024-05-27T18:14:12.082Z","sell","maker"
"0.03902000","716.00000000","2024-05-27T18:14:12.082Z","sell","maker"
"0.03902000","878.00000000","2024-05-27T18:14:12.082Z","sell","maker"
"0.03900000","8136.00000000","2024-05-27T18:14:12.082Z","sell","maker"
"0.03900000","1311.00000000","2024-05-27T18:14:12.082Z","sell","maker"
"0.03900000","100.00000000","2024-05-27T18:14:12.082Z","sell","maker"
"0.03899000","734.00000000","2024-05-27T18:14:12.082Z","sell","maker"
"0.03899000","1854.00000000","2024-05-27T18:14:12.082Z","sell","maker"
"0.03899000","100.00000000","2024-05-27T18:14:12.082Z","sell","maker"
"0.03891000","4500.00000000","2024-05-27T18:14:12.082Z","sell","maker"
"0.03891000","9310.00000000","2024-05-27T18:14:12.082Z","sell","maker"
"0.03890000","14353.00000000","2024-05-27T18:14:12.082Z","sell","maker"
"0.03889000","31.00000000","2024-05-27T18:14:12.082Z","sell","maker"
"0.03890000","6958.00000000","2024-05-27T18:14:11.095Z","sell","maker"
"0.03890000","100.00000000","2024-05-27T18:14:11.095Z","sell","maker"
"0.03889000","357.00000000","2024-05-27T18:14:11.095Z","sell","maker"
"0.03888000","2407.00000000","2024-05-27T18:14:11.095Z","sell","maker"
"0.03886000","771.00000000","2024-05-27T18:14:11.095Z","sell","maker"
"0.03886000","941.00000000","2024-05-27T18:14:11.095Z","sell","maker"
"0.03885000","3547.00000000","2024-05-27T18:14:11.095Z","sell","maker"
"0.03881000","5900.00000000","2024-05-27T18:14:11.095Z","sell","maker"
"0.03880000","100.00000000","2024-05-27T18:14:11.095Z","sell","maker"
"0.03880000","52767.00000000","2024-05-27T18:14:11.095Z","sell","maker"
"0.03879000","3100.00000000","2024-05-27T18:14:11.095Z","sell","maker"
"0.03879000","7434.00000000","2024-05-27T18:13:46.397Z","sell","maker"
"0.03879000","225.00000000","2024-05-27T18:13:46.397Z","sell","maker"
"0.03871000","2444.00000000","2024-05-27T18:13:45.356Z","buy","maker"
"0.03879000","500.00000000","2024-05-27T18:13:37.355Z","sell","maker"
"0.03878000","2044.00000000","2024-05-27T18:13:29.857Z","sell","maker"
"0.03878000","638.00000000","2024-05-27T18:13:20.778Z","sell","maker"
"0.03878000","473.00000000","2024-05-27T18:13:18.407Z","sell","maker"
"0.03875000","368.00000000","2024-05-27T18:12:33.752Z","sell","maker"
"0.03875000","601.00000000","2024-05-27T18:12:31.065Z","sell","maker"
"0.03875000","522.00000000","2024-05-27T18:12:11.802Z","sell","maker"
"0.03873000","1228.00000000","2024-05-27T18:12:07.839Z","sell","maker"
"0.03872000","527.00000000","2024-05-27T18:12:04.584Z","sell","maker"
"0.03870000","7159.00000000","2024-05-27T18:12:04.584Z","sell","maker"
"0.03859000","26.00000000","2024-05-27T18:12:01.011Z","buy","maker"
"0.03870000","12555.00000000","2024-05-27T18:11:53.853Z","sell","maker"
"0.03869000","12628.00000000","2024-05-27T18:11:40.786Z","sell","maker"
"0.03868000","6000.00000000","2024-05-27T18:11:40.786Z","sell","maker"
"0.03868000","1400.00000000","2024-05-27T18:11:40.786Z","sell","maker"
"0.03867000","2000.00000000","2024-05-27T18:11:40.786Z","sell","maker"
"0.03867000","2000.00000000","2024-05-27T18:11:40.786Z","sell","maker"
"0.03867000","51.00000000","2024-05-27T18:11:14.812Z","sell","maker"
"0.03856000","2000.00000000","2024-05-27T18:11:08.037Z","buy","maker"
"0.03856000","1400.00000000","2024-05-27T18:11:08.037Z","buy","maker"
"0.03856000","6000.00000000","2024-05-27T18:11:08.037Z","buy","maker"
"0.03857000","2000.00000000","2024-05-27T18:11:08.037Z","buy","maker"
"0.03863000","15078.00000000","2024-05-27T18:11:08.026Z","buy","maker"
"0.03870000","1567.00000000","2024-05-27T18:10:57.636Z","sell","maker"
"0.03869000","515.00000000","2024-05-27T18:10:57.636Z","sell","maker"
"0.03869000","1500.00000000","2024-05-27T18:10:57.636Z","sell","maker"
"0.03869000","103.00000000","2024-05-27T18:10:44.542Z","sell","maker"
"0.03856000","515.00000000","2024-05-27T18:10:40.343Z","buy","maker"
"0.03857000","2000.00000000","2024-05-27T18:10:40.343Z","buy","maker"
"0.03859000","1400.00000000","2024-05-27T18:10:40.343Z","buy","maker"
"0.03870000","30.00000000","2024-05-27T18:10:34.591Z","sell","maker"
"0.03870000","96.00000000","2024-05-27T18:10:34.591Z","sell","maker"
"0.03859000","239.00000000","2024-05-27T18:10:26.258Z","buy","maker"
"0.03870000","575.00000000","2024-05-27T18:10:17.799Z","sell","maker"
"0.03870000","188.00000000","2024-05-27T18:10:12.088Z","sell","maker"
"0.03870000","26.00000000","2024-05-27T18:09:55.907Z","sell","maker"
"0.03870000","100.00000000","2024-05-27T18:09:55.907Z","sell","maker"
"0.03855000","26.00000000","2024-05-27T18:09:34.880Z","buy","maker"
"0.03855000","102.00000000","2024-05-27T18:09:29.263Z","buy","maker"
"0.03869000","1279.00000000","2024-05-27T18:09:11.400Z","sell","maker"
"0.03869000","3732.00000000","2024-05-27T18:09:04.990Z","sell","maker"
"0.03869000","102.00000000","2024-05-27T18:09:03.832Z","sell","maker"
"0.03863000","652.00000000","2024-05-27T18:08:44.064Z","sell","maker"
"0.03860000","100.00000000","2024-05-27T18:08:44.064Z","sell","maker"
"0.03859000","4100.00000000","2024-05-27T18:08:44.064Z","sell","maker"
"0.03859000","5148.00000000","2024-05-27T18:08:44.064Z","sell","maker"
"0.03859000","100.00000000","2024-05-27T18:08:44.064Z","sell","maker"
"0.03858000","169.00000000","2024-05-27T18:08:44.064Z","sell","maker"
"0.03854000","106.00000000","2024-05-27T18:08:42.636Z","sell","maker"
"0.03850000","408.00000000","2024-05-27T18:08:42.636Z","sell","maker"
"0.03850000","553.00000000","2024-05-27T18:08:12.631Z","sell","maker"
"0.03850000","5000.00000000","2024-05-27T18:08:04.663Z","sell","maker"
"0.03832000","1461.00000000","2024-05-27T18:07:50.898Z","buy","maker"
"0.03834000","1400.00000000","2024-05-27T18:07:50.898Z","buy","maker"
"0.03850000","892.00000000","2024-05-27T18:07:31.287Z","sell","maker"
"0.03850000","112.00000000","2024-05-27T18:07:17.776Z","sell","maker"
"0.03850000","1642.00000000","2024-05-27T18:07:14.590Z","sell","maker"
"0.03850000","15.00000000","2024-05-27T18:07:03.638Z","sell","maker"
"0.03850000","2819.00000000","2024-05-27T18:06:47.211Z","sell","maker"
"0.03850000","25148.00000000","2024-05-27T18:06:31.986Z","sell","maker"
"0.03850000","100.00000000","2024-05-27T18:06:31.986Z","sell","maker"
"0.03847000","27236.00000000","2024-05-27T18:05:41.673Z","sell","maker"
"0.03848000","13265.00000000","2024-05-27T18:05:11.504Z","sell","maker"
"0.03846000","1380.00000000","2024-05-27T18:04:18.785Z","sell","maker"
"0.03844000","1168.00000000","2024-05-27T18:04:18.785Z","sell","maker"
"0.03844000","232.00000000","2024-05-27T18:04:14.810Z","sell","maker"
"0.03841000","67.00000000","2024-05-27T18:03:55.102Z","sell","maker"
"0.03840000","38.00000000","2024-05-27T18:03:55.102Z","sell","maker"
"0.03840000","362.00000000","2024-05-27T18:03:37.834Z","sell","maker"
"0.03835000","4095.00000000","2024-05-27T18:03:26.874Z","sell","maker"
"0.03834000","2878.00000000","2024-05-27T18:03:26.874Z","sell","maker"
"0.03829000","1069.00000000","2024-05-27T18:03:26.874Z","sell","maker"
"0.03824000","132.00000000","2024-05-27T18:03:01.942Z","buy","maker"
"0.03829000","1840.00000000","2024-05-27T18:02:42.310Z","sell","maker"
"0.03829000","3935.00000000","2024-05-27T18:02:28.870Z","sell","maker"
"0.03829000","100.00000000","2024-05-27T18:01:44.914Z","sell","maker"
"0.03829000","12795.00000000","2024-05-27T18:01:39.515Z","sell","maker"
"0.03823000","1057.00000000","2024-05-27T18:01:32.988Z","buy","maker"
"0.03833000","258.00000000","2024-05-27T18:01:01.396Z","sell","maker"
"0.03833000","241.00000000","2024-05-27T18:00:55.705Z","sell","maker"
"0.03843000","101.00000000","2024-05-27T17:59:48.630Z","sell","maker"
"0.03822000","3377.00000000","2024-05-27T17:59:13.806Z","buy","maker"
"0.03823000","1400.00000000","2024-05-27T17:59:13.806Z","buy","maker"
"0.03847000","126.00000000","2024-05-27T17:59:10.600Z","sell","maker"
"0.03839000","5174.00000000","2024-05-27T17:59:02.772Z","sell","maker"
"0.03832000","3160.00000000","2024-05-27T17:58:58.808Z","sell","maker"
"0.03831000","1400.00000000","2024-05-27T17:58:58.808Z","sell","maker"
"0.03824000","17497.00000000","2024-05-27T17:58:58.808Z","sell","maker"
"0.03827000","3234.00000000","2024-05-27T17:58:52.666Z","sell","maker"
"0.03827000","104.00000000","2024-05-27T17:58:52.433Z","sell","maker"
"0.03827000","26.00000000","2024-05-27T17:58:45.639Z","sell","maker"
"0.03832000","258.00000000","2024-05-27T17:58:21.991Z","sell","maker"
"0.03821000","416.00000000","2024-05-27T17:58:19.005Z","buy","maker"
"0.03832000","2472.00000000","2024-05-27T17:58:18.099Z","sell","maker"
"0.03837000","2094.00000000","2024-05-27T17:58:14.062Z","sell","maker"
"0.03837000","634.00000000","2024-05-27T17:57:57.504Z","sell","maker"
"0.03836000","2000.00000000","2024-05-27T17:57:57.504Z","sell","maker"
"0.03848000","1077.00000000","2024-05-27T17:57:29.674Z","sell","maker"
"0.03847000","1400.00000000","2024-05-27T17:57:29.674Z","sell","maker"
"0.03826000","390.00000000","2024-05-27T17:57:18.221Z","buy","maker"
"0.03848000","775.00000000","2024-05-27T17:57:10.453Z","sell","maker"
"0.03847000","1400.00000000","2024-05-27T17:57:10.453Z","sell","maker"
"0.03841000","649.00000000","2024-05-27T17:56:41.840Z","sell","maker"
"0.03840000","1400.00000000","2024-05-27T17:56:41.840Z","sell","maker"
"0.03840000","100.00000000","2024-05-27T17:56:41.840Z","sell","maker"
"0.03839000","682.00000000","2024-05-27T17:56:39.935Z","sell","maker"
"0.03839000","893.00000000","2024-05-27T17:56:39.935Z","sell","maker"
"0.03838000","500.00000000","2024-05-27T17:56:39.935Z","sell","maker"
"0.03837000","1144.00000000","2024-05-27T17:56:39.935Z","sell","maker"
"0.03837000","51.00000000","2024-05-27T17:56:19.387Z","sell","maker"
"0.03837000","129.00000000","2024-05-27T17:56:11.710Z","sell","maker"
"0.03819000","1228.00000000","2024-05-27T17:56:09.810Z","buy","maker"
"0.03820000","1400.00000000","2024-05-27T17:56:09.810Z","buy","maker"
"0.03837000","76.00000000","2024-05-27T17:55:56.497Z","sell","maker"
"0.03830000","317.00000000","2024-05-27T17:55:52.755Z","sell","maker"
"0.03830000","100.00000000","2024-05-27T17:55:52.755Z","sell","maker"
"0.03829000","1100.00000000","2024-05-27T17:55:34.061Z","sell","maker"
"0.03828000","1400.00000000","2024-05-27T17:55:34.061Z","sell","maker"
"0.03822000","2553.00000000","2024-05-27T17:55:32.258Z","sell","maker"
"0.03821000","862.00000000","2024-05-27T17:55:32.258Z","sell","maker"
"0.03821000","2000.00000000","2024-05-27T17:55:32.258Z","sell","maker"
"0.03820000","75.00000000","2024-05-27T17:55:30.414Z","sell","maker"
"0.03809000","156.00000000","2024-05-27T17:55:11.709Z","buy","maker"
"0.03810000","1400.00000000","2024-05-27T17:55:11.709Z","buy","maker"
"0.03810000","863.00000000","2024-05-27T17:55:04.629Z","buy","maker"
"0.03811000","1741.00000000","2024-05-27T17:55:04.629Z","buy","maker"
"0.03817000","77.00000000","2024-05-27T17:55:02.384Z","sell","maker"
"0.03805000","3500.00000000","2024-05-27T17:55:00.702Z","buy","maker"
"0.03806000","61071.00000000","2024-05-27T17:55:00.702Z","buy","maker"
"0.03807000","3482.00000000","2024-05-27T17:55:00.702Z","buy","maker"
"0.03807000","893.00000000","2024-05-27T17:55:00.702Z","buy","maker"
"0.03810000","999.00000000","2024-05-27T17:54:49.734Z","sell","maker"
"0.03810000","2000.00000000","2024-05-27T17:54:43.447Z","buy","maker"
"0.03810000","100.00000000","2024-05-27T17:54:43.447Z","buy","maker"
"0.03812000","1400.00000000","2024-05-27T17:54:43.447Z","buy","maker"
"0.03819000","128.00000000","2024-05-27T17:54:37.577Z","sell","maker"
"0.03819000","1245.00000000","2024-05-27T17:54:30.835Z","sell","maker"
"0.03819000","683.00000000","2024-05-27T17:54:24.211Z","sell","maker"