"price","volume","timestamp","type"
"0.02949","939","2024-05-27T19:01:35.101Z","bid"
"0.02947","1213","2024-05-27T19:01:35.101Z","bid"
"0.02939","797","2024-05-27T19:01:35.101Z","bid"
"0.02927","1708","2024-05-27T19:01:35.101Z","bid"
"0.02918","2422","2024-05-27T19:01:35.101Z","bid"
"0.02909","20664","2024-05-27T19:01:35.101Z","bid"
"0.02903","1232","2024-05-27T19:01:35.101Z","bid"
"0.029","6103","2024-05-27T19:01:35.101Z","bid"
"0.02895","2331","2024-05-27T19:01:35.101Z","bid"
"0.02888","2000","2024-05-27T19:01:35.101Z","bid"
"0.02882","138","2024-05-27T19:01:35.101Z","bid"
"0.02879","200","2024-05-27T19:01:35.101Z","bid"
"0.02877","963","2024-05-27T19:01:35.101Z","bid"
"0.02875","2458","2024-05-27T19:01:35.101Z","bid"
"0.02873","52205","2024-05-27T19:01:35.101Z","bid"
"0.0287","412","2024-05-27T19:01:35.101Z","bid"
"0.02869","17427","2024-05-27T19:01:35.101Z","bid"
"0.02865","10828","2024-05-27T19:01:35.101Z","bid"
"0.0286","1599","2024-05-27T19:01:35.101Z","bid"
"0.02852","964","2024-05-27T19:01:35.101Z","bid"
"0.0285","12797","2024-05-27T19:01:35.101Z","bid"
"0.0284","2500","2024-05-27T19:01:35.101Z","bid"
"0.02833","2495","2024-05-27T19:01:35.101Z","bid"
"0.02825","1238","2024-05-27T19:01:35.101Z","bid"
"0.02824","3526","2024-05-27T19:01:35.101Z","bid"
"0.0282","282978","2024-05-27T19:01:35.101Z","bid"
"0.02817","1269","2024-05-27T19:01:35.101Z","bid"
"0.02809","979","2024-05-27T19:01:35.101Z","bid"
"0.02807","987","2024-05-27T19:01:35.101Z","bid"
"0.028","1764662","2024-05-27T19:01:35.101Z","bid"
"0.02797","499284","2024-05-27T19:01:35.101Z","bid"
"0.02791","2532","2024-05-27T19:01:35.101Z","bid"
"0.0279","3584","2024-05-27T19:01:35.101Z","bid"
"0.02784","3572","2024-05-27T19:01:35.101Z","bid"
"0.0278","102500","2024-05-27T19:01:35.101Z","bid"
"0.02776","1288","2024-05-27T19:01:35.101Z","bid"
"0.02767","994","2024-05-27T19:01:35.101Z","bid"
"0.0275","76369","2024-05-27T19:01:35.101Z","bid"
"0.02739","1012","2024-05-27T19:01:35.101Z","bid"
"0.02735","5510","2024-05-27T19:01:35.101Z","bid"
"0.02726","1009","2024-05-27T19:01:35.101Z","bid"
"0.02709","2609","2024-05-27T19:01:35.101Z","bid"
"0.027","137373","2024-05-27T19:01:35.101Z","bid"
"0.02694","1327","2024-05-27T19:01:35.101Z","bid"
"0.02686","1024","2024-05-27T19:01:35.101Z","bid"
"0.0268","50000","2024-05-27T19:01:35.101Z","bid"
"0.02672","1037","2024-05-27T19:01:35.101Z","bid"
"0.0267","4519","2024-05-27T19:01:35.101Z","bid"
"0.02659","4170","2024-05-27T19:01:35.101Z","bid"
"0.02654","1347","2024-05-27T19:01:35.101Z","bid"
"0.02651","13552","2024-05-27T19:01:35.101Z","bid"
"0.0265","4009","2024-05-27T19:01:35.101Z","bid"
"0.02646","1040","2024-05-27T19:01:35.101Z","bid"
"0.0263","2687","2024-05-27T19:01:35.101Z","bid"
"0.02615","1368","2024-05-27T19:01:35.101Z","bid"
"0.02607","1063","2024-05-27T19:01:35.101Z","bid"
"0.02606","1574","2024-05-27T19:01:35.101Z","bid"
"0.02605","10000","2024-05-27T19:01:35.101Z","bid"
"0.02604","381","2024-05-27T19:01:35.101Z","bid"
"0.026","10988","2024-05-27T19:01:35.101Z","bid"
"0.02598","405","2024-05-27T19:01:35.101Z","bid"
"0.02591","2728","2024-05-27T19:01:35.101Z","bid"
"0.0259","20800","2024-05-27T19:01:35.101Z","bid"
"0.02576","1388","2024-05-27T19:01:35.101Z","bid"
"0.02567","1072","2024-05-27T19:01:35.101Z","bid"
"0.02553","2768","2024-05-27T19:01:35.101Z","bid"
"0.02543","1090","2024-05-27T19:01:35.101Z","bid"
"0.02538","1409","2024-05-27T19:01:35.101Z","bid"
"0.02529","1088","2024-05-27T19:01:35.101Z","bid"
"0.02516","2809","2024-05-27T19:01:35.101Z","bid"
"0.02512","30000","2024-05-27T19:01:35.101Z","bid"
"0.0251","500","2024-05-27T19:01:35.101Z","bid"
"0.025","116406","2024-05-27T19:01:35.101Z","bid"
"0.02499","20002","2024-05-27T19:01:35.101Z","bid"
"0.02492","1104","2024-05-27T19:01:35.101Z","bid"
"0.02481","1117","2024-05-27T19:01:35.101Z","bid"
"0.02479","2851","2024-05-27T19:01:35.101Z","bid"
"0.0247","422","2024-05-27T19:01:35.101Z","bid"
"0.02463","1452","2024-05-27T19:01:35.101Z","bid"
"0.02442","3167","2024-05-27T19:01:35.101Z","bid"
"0.02426","1474","2024-05-27T19:01:35.101Z","bid"
"0.0242","1145","2024-05-27T19:01:35.101Z","bid"
"0.02406","2937","2024-05-27T19:01:35.101Z","bid"
"0.024","60600","2024-05-27T19:01:35.101Z","bid"
"0.0239","1496","2024-05-27T19:01:35.101Z","bid"
"0.02377","393","2024-05-27T19:01:35.101Z","bid"
"0.02371","2981","2024-05-27T19:01:35.101Z","bid"
"0.02361","1174","2024-05-27T19:01:35.101Z","bid"
"0.02358","2099","2024-05-27T19:01:35.101Z","bid"
"0.02355","1519","2024-05-27T19:01:35.101Z","bid"
"0.0235","1000","2024-05-27T19:01:35.101Z","bid"
"0.02336","3025","2024-05-27T19:01:35.101Z","bid"
"0.02328","1987","2024-05-27T19:01:35.101Z","bid"
"0.02324","42","2024-05-27T19:01:35.101Z","bid"
"0.0232","1541","2024-05-27T19:01:35.101Z","bid"
"0.02304","1203","2024-05-27T19:01:35.101Z","bid"
"0.02301","3071","2024-05-27T19:01:35.101Z","bid"
"0.023","4497","2024-05-27T19:01:35.101Z","bid"
"0.02286","1564","2024-05-27T19:01:35.101Z","bid"
"0.02267","3117","2024-05-27T19:01:35.101Z","bid"
"0.02252","1588","2024-05-27T19:01:35.101Z","bid"
"0.0225","220","2024-05-27T19:01:35.101Z","bid"
"0.02248","1233","2024-05-27T19:01:35.101Z","bid"
"0.0224","100","2024-05-27T19:01:35.101Z","bid"
"0.02234","3164","2024-05-27T19:01:35.101Z","bid"
"0.02222","301","2024-05-27T19:01:35.101Z","bid"
"0.02218","1612","2024-05-27T19:01:35.101Z","bid"
"0.02211","1123","2024-05-27T19:01:35.101Z","bid"
"0.02201","3211","2024-05-27T19:01:35.101Z","bid"
"0.022","9590","2024-05-27T19:01:35.101Z","bid"
"0.02193","1264","2024-05-27T19:01:35.101Z","bid"
"0.02185","1637","2024-05-27T19:01:35.101Z","bid"
"0.02177","29391","2024-05-27T19:01:35.101Z","bid"
"0.02169","3258","2024-05-27T19:01:35.101Z","bid"
"0.02163","138","2024-05-27T19:01:35.101Z","bid"
"0.02153","1661","2024-05-27T19:01:35.101Z","bid"
"0.0215","1000","2024-05-27T19:01:35.101Z","bid"
"0.02139","1295","2024-05-27T19:01:35.101Z","bid"
"0.02137","3307","2024-05-27T19:01:35.101Z","bid"
"0.02121","1686","2024-05-27T19:01:35.101Z","bid"
"0.02105","3357","2024-05-27T19:01:35.101Z","bid"
"0.0209","1711","2024-05-27T19:01:35.101Z","bid"
"0.02087","1328","2024-05-27T19:01:35.101Z","bid"
"0.02081","84067","2024-05-27T19:01:35.101Z","bid"
"0.02074","3408","2024-05-27T19:01:35.101Z","bid"
"0.02059","1737","2024-05-27T19:01:35.101Z","bid"
"0.0205","15482","2024-05-27T19:01:35.101Z","bid"
"0.02043","3459","2024-05-27T19:01:35.101Z","bid"
"0.02036","1361","2024-05-27T19:01:35.101Z","bid"
"0.02028","1763","2024-05-27T19:01:35.101Z","bid"
"0.02013","3511","2024-05-27T19:01:35.101Z","bid"
"0.02","29923","2024-05-27T19:01:35.101Z","bid"
"0.01998","1790","2024-05-27T19:01:35.101Z","bid"
"0.01986","1395","2024-05-27T19:01:35.101Z","bid"
"0.01984","3562","2024-05-27T19:01:35.101Z","bid"
"0.01968","1817","2024-05-27T19:01:35.101Z","bid"
"0.01954","3617","2024-05-27T19:01:35.101Z","bid"
"0.0195","3263","2024-05-27T19:01:35.101Z","bid"
"0.01939","1844","2024-05-27T19:01:35.101Z","bid"
"0.01938","1430","2024-05-27T19:01:35.101Z","bid"
"0.01926","3670","2024-05-27T19:01:35.101Z","bid"
"0.0191","1872","2024-05-27T19:01:35.101Z","bid"
"0.019","35822","2024-05-27T19:01:35.101Z","bid"
"0.01897","3726","2024-05-27T19:01:35.101Z","bid"
"0.01891","1465","2024-05-27T19:01:35.101Z","bid"
"0.01882","1900","2024-05-27T19:01:35.101Z","bid"
"0.01869","3781","2024-05-27T19:01:35.101Z","bid"
"0.01845","1502","2024-05-27T19:01:35.101Z","bid"
"0.01842","3837","2024-05-27T19:01:35.101Z","bid"
"0.01815","3894","2024-05-27T19:01:35.101Z","bid"
"0.018","6209","2024-05-27T19:01:35.101Z","bid"
"0.01799","900","2024-05-27T19:01:35.101Z","bid"
"0.01756","1578","2024-05-27T19:01:35.101Z","bid"
"0.0175","5714","2024-05-27T19:01:35.101Z","bid"
"0.01713","1618","2024-05-27T19:01:35.101Z","bid"
"0.01671","1658","2024-05-27T19:01:35.101Z","bid"
"0.0165","163","2024-05-27T19:01:35.101Z","bid"
"0.0163","1700","2024-05-27T19:01:35.101Z","bid"
"0.01621","3363","2024-05-27T19:01:35.101Z","bid"
"0.016","900","2024-05-27T19:01:35.101Z","bid"
"0.01591","1742","2024-05-27T19:01:35.101Z","bid"
"0.01552","1786","2024-05-27T19:01:35.101Z","bid"
"0.0154","174","2024-05-27T19:01:35.101Z","bid"
"0.01514","1830","2024-05-27T19:01:35.101Z","bid"
"0.015","106381","2024-05-27T19:01:35.101Z","bid"
"0.01477","1876","2024-05-27T19:01:35.101Z","bid"
"0.0145","186","2024-05-27T19:01:35.101Z","bid"
"0.01445","138","2024-05-27T19:01:35.101Z","bid"
"0.01441","1923","2024-05-27T19:01:35.101Z","bid"
"0.01406","1971","2024-05-27T19:01:35.101Z","bid"
"0.014","56467","2024-05-27T19:01:35.101Z","bid"
"0.01371","2021","2024-05-27T19:01:35.101Z","bid"
"0.01368","54944","2024-05-27T19:01:35.101Z","bid"
"0.0136","41494","2024-05-27T19:01:35.101Z","bid"
"0.0135","199","2024-05-27T19:01:35.101Z","bid"
"0.01338","2071","2024-05-27T19:01:35.101Z","bid"
"0.01305","2124","2024-05-27T19:01:35.101Z","bid"
"0.01274","2175","2024-05-27T19:01:35.101Z","bid"
"0.01259","8826","2024-05-27T19:01:35.101Z","bid"
"0.0125","63380","2024-05-27T19:01:35.101Z","bid"
"0.012","2317","2024-05-27T19:01:35.101Z","bid"
"0.01192","414","2024-05-27T19:01:35.101Z","bid"
"0.01178","83","2024-05-27T19:01:35.101Z","bid"
"0.0112","2800","2024-05-27T19:01:35.101Z","bid"
"0.011","200000","2024-05-27T19:01:35.101Z","bid"
"0.0108","220","2024-05-27T19:01:35.101Z","bid"
"0.0105","190476","2024-05-27T19:01:35.101Z","bid"
"0.01","445090","2024-05-27T19:01:35.101Z","bid"
"0.0099","49999","2024-05-27T19:01:35.101Z","bid"
"0.00933","212","2024-05-27T19:01:35.101Z","bid"
"0.009","12100","2024-05-27T19:01:35.101Z","bid"
"0.00899","1067","2024-05-27T19:01:35.101Z","bid"
"0.0089","373263","2024-05-27T19:01:35.101Z","bid"
"0.0088","227272","2024-05-27T19:01:35.101Z","bid"
"0.0082","5737","2024-05-27T19:01:35.101Z","bid"
"0.0081","550","2024-05-27T19:01:35.101Z","bid"
"0.008","4726","2024-05-27T19:01:35.101Z","bid"
"0.0075","100","2024-05-27T19:01:35.101Z","bid"
"0.00749","1322","2024-05-27T19:01:35.101Z","bid"
"0.00748","1737","2024-05-27T19:01:35.101Z","bid"
"0.0073","700","2024-05-27T19:01:35.101Z","bid"
"0.00726","138","2024-05-27T19:01:35.101Z","bid"
"0.007","1790","2024-05-27T19:01:35.101Z","bid"
"0.00681","2231","2024-05-27T19:01:35.101Z","bid"
"0.0065","500","2024-05-27T19:01:35.101Z","bid"
"0.006","2000","2024-05-27T19:01:35.101Z","bid"
"0.00515","100000","2024-05-27T19:01:35.101Z","bid"
"0.00503","4695","2024-05-27T19:01:35.101Z","bid"
"0.005","2688","2024-05-27T19:01:35.101Z","bid"
"0.004","4000","2024-05-27T19:01:35.101Z","bid"
"0.003","4000","2024-05-27T19:01:35.101Z","bid"
"0.0025","100","2024-05-27T19:01:35.101Z","bid"
"0.002","6083","2024-05-27T19:01:35.101Z","bid"
"0.001","21000","2024-05-27T19:01:35.101Z","bid"
"0.0003","739109","2024-05-27T19:01:35.101Z","bid"
"0.00001","200099400","2024-05-27T19:01:35.101Z","bid"
"0.27975","100","2024-05-27T19:01:35.100Z","ask"
"0.28","214141","2024-05-27T19:01:35.100Z","ask"
"0.28191","200","2024-05-27T19:01:35.100Z","ask"
"0.2889","1000","2024-05-27T19:01:35.100Z","ask"
"0.28999","5316","2024-05-27T19:01:35.100Z","ask"
"0.29","206457","2024-05-27T19:01:35.100Z","ask"
"0.291","440","2024-05-27T19:01:35.100Z","ask"
"0.29201","200","2024-05-27T19:01:35.100Z","ask"
"0.293","85","2024-05-27T19:01:35.100Z","ask"
"0.2938","500","2024-05-27T19:01:35.100Z","ask"
"0.29398","500","2024-05-27T19:01:35.100Z","ask"
"0.2948","1500","2024-05-27T19:01:35.100Z","ask"
"0.298","300","2024-05-27T19:01:35.100Z","ask"
"0.2985","100","2024-05-27T19:01:35.100Z","ask"
"0.2988","10000","2024-05-27T19:01:35.100Z","ask"
"0.29965","100","2024-05-27T19:01:35.100Z","ask"
"0.3","389621","2024-05-27T19:01:35.100Z","ask"
"0.302","200","2024-05-27T19:01:35.100Z","ask"
"0.30743","109","2024-05-27T19:01:35.100Z","ask"
"0.308","84","2024-05-27T19:01:35.100Z","ask"
"0.31","102843","2024-05-27T19:01:35.100Z","ask"
"0.3113","111111","2024-05-27T19:01:35.100Z","ask"
"0.31267","319","2024-05-27T19:01:35.100Z","ask"
"0.314","4687","2024-05-27T19:01:35.100Z","ask"
"0.315","602","2024-05-27T19:01:35.100Z","ask"
"0.32","308045","2024-05-27T19:01:35.100Z","ask"
"0.322","200","2024-05-27T19:01:35.100Z","ask"
"0.3225","1851","2024-05-27T19:01:35.100Z","ask"
"0.323","187318","2024-05-27T19:01:35.100Z","ask"
"0.3248","500","2024-05-27T19:01:35.100Z","ask"
"0.328","250","2024-05-27T19:01:35.100Z","ask"
"0.33","65462","2024-05-27T19:01:35.100Z","ask"
"0.333","320","2024-05-27T19:01:35.100Z","ask"
"0.3333","5029","2024-05-27T19:01:35.100Z","ask"
"0.33351","164","2024-05-27T19:01:35.100Z","ask"
"0.3385","100","2024-05-27T19:01:35.100Z","ask"
"0.3389","500","2024-05-27T19:01:35.100Z","ask"
"0.34","80849","2024-05-27T19:01:35.100Z","ask"
"0.34316","1759","2024-05-27T19:01:35.100Z","ask"
"0.3444","400","2024-05-27T19:01:35.100Z","ask"
"0.34728","393","2024-05-27T19:01:35.100Z","ask"
"0.3489","800","2024-05-27T19:01:35.100Z","ask"
"0.35","947768","2024-05-27T19:01:35.100Z","ask"
"0.35202","500","2024-05-27T19:01:35.100Z","ask"
"0.3522","3803","2024-05-27T19:01:35.100Z","ask"
"0.36","86911","2024-05-27T19:01:35.100Z","ask"
"0.366","200","2024-05-27T19:01:35.100Z","ask"
"0.3685","100","2024-05-27T19:01:35.100Z","ask"
"0.3689","400","2024-05-27T19:01:35.100Z","ask"
"0.37","23245","2024-05-27T19:01:35.100Z","ask"
"0.37188","171","2024-05-27T19:01:35.100Z","ask"
"0.37259","87020","2024-05-27T19:01:35.100Z","ask"
"0.3748","300","2024-05-27T19:01:35.100Z","ask"
"0.377","233","2024-05-27T19:01:35.100Z","ask"
"0.37766","1299","2024-05-27T19:01:35.100Z","ask"
"0.3794","400","2024-05-27T19:01:35.100Z","ask"
"0.38","7140","2024-05-27T19:01:35.100Z","ask"
"0.3833","355","2024-05-27T19:01:35.100Z","ask"
"0.384","131","2024-05-27T19:01:35.100Z","ask"
"0.385","1792","2024-05-27T19:01:35.100Z","ask"
"0.387","754","2024-05-27T19:01:35.100Z","ask"
"0.3889","900","2024-05-27T19:01:35.100Z","ask"
"0.39","3976","2024-05-27T19:01:35.100Z","ask"
"0.39201","500","2024-05-27T19:01:35.100Z","ask"
"0.3948","1400","2024-05-27T19:01:35.100Z","ask"
"0.395","4000","2024-05-27T19:01:35.100Z","ask"
"0.39649","1215","2024-05-27T19:01:35.100Z","ask"
"0.3973","116","2024-05-27T19:01:35.100Z","ask"
"0.398","300","2024-05-27T19:01:35.100Z","ask"
"0.3985","100","2024-05-27T19:01:35.100Z","ask"
"0.3999","157","2024-05-27T19:01:35.100Z","ask"
"0.4","305075","2024-05-27T19:01:35.100Z","ask"
"0.406","1231","2024-05-27T19:01:35.100Z","ask"
"0.42","25332","2024-05-27T19:01:35.100Z","ask"
"0.42063","319","2024-05-27T19:01:35.100Z","ask"
"0.422","200","2024-05-27T19:01:35.100Z","ask"
"0.4248","400","2024-05-27T19:01:35.100Z","ask"
"0.425","100","2024-05-27T19:01:35.100Z","ask"
"0.43","106","2024-05-27T19:01:35.100Z","ask"
"0.43201","33","2024-05-27T19:01:35.100Z","ask"
"0.4321","58224","2024-05-27T19:01:35.100Z","ask"
"0.4389","400","2024-05-27T19:01:35.100Z","ask"
"0.44","15512","2024-05-27T19:01:35.100Z","ask"
"0.441","10745","2024-05-27T19:01:35.100Z","ask"
"0.44201","500","2024-05-27T19:01:35.100Z","ask"
"0.444","200","2024-05-27T19:01:35.100Z","ask"
"0.4444","2631","2024-05-27T19:01:35.100Z","ask"
"0.4485","100","2024-05-27T19:01:35.100Z","ask"
"0.4489","800","2024-05-27T19:01:35.100Z","ask"
"0.45","13306","2024-05-27T19:01:35.100Z","ask"
"0.4525","5145","2024-05-27T19:01:35.100Z","ask"
"0.46","6000","2024-05-27T19:01:35.100Z","ask"
"0.4689","300","2024-05-27T19:01:35.100Z","ask"
"0.47","17490","2024-05-27T19:01:35.100Z","ask"
"0.4723","7000","2024-05-27T19:01:35.100Z","ask"
"0.4748","250","2024-05-27T19:01:35.100Z","ask"
"0.475","479","2024-05-27T19:01:35.100Z","ask"
"0.4794","300","2024-05-27T19:01:35.100Z","ask"
"0.48","47262","2024-05-27T19:01:35.100Z","ask"
"0.487","2222","2024-05-27T19:01:35.100Z","ask"
"0.488","231","2024-05-27T19:01:35.100Z","ask"
"0.4889","800","2024-05-27T19:01:35.100Z","ask"
"0.489","114","2024-05-27T19:01:35.100Z","ask"
"0.49","42705","2024-05-27T19:01:35.100Z","ask"
"0.49191","500","2024-05-27T19:01:35.100Z","ask"
"0.4948","1400","2024-05-27T19:01:35.100Z","ask"
"0.495","4000","2024-05-27T19:01:35.100Z","ask"
"0.498","200","2024-05-27T19:01:35.100Z","ask"
"0.4985","100","2024-05-27T19:01:35.100Z","ask"
"0.5","427763","2024-05-27T19:01:35.100Z","ask"
"0.5012","150","2024-05-27T19:01:35.100Z","ask"
"0.505","250","2024-05-27T19:01:35.100Z","ask"
"0.5069","5376","2024-05-27T19:01:35.100Z","ask"
"0.50789","319","2024-05-27T19:01:35.100Z","ask"
"0.51","814","2024-05-27T19:01:35.100Z","ask"
"0.52","15567","2024-05-27T19:01:35.100Z","ask"
"0.5345","155","2024-05-27T19:01:35.100Z","ask"
"0.5362","83","2024-05-27T19:01:35.100Z","ask"
"0.54","1086","2024-05-27T19:01:35.100Z","ask"
"0.54207","500","2024-05-27T19:01:35.100Z","ask"
"0.5485","100","2024-05-27T19:01:35.100Z","ask"
"0.5489","500","2024-05-27T19:01:35.100Z","ask"
"0.55","15784","2024-05-27T19:01:35.100Z","ask"
"0.555","400","2024-05-27T19:01:35.100Z","ask"
"0.5555","5286","2024-05-27T19:01:35.100Z","ask"
"0.56","661","2024-05-27T19:01:35.100Z","ask"
"0.56057","15560","2024-05-27T19:01:35.100Z","ask"
"0.56999","13999","2024-05-27T19:01:35.100Z","ask"
"0.58","80747","2024-05-27T19:01:35.100Z","ask"
"0.583","3333","2024-05-27T19:01:35.100Z","ask"
"0.5894","873","2024-05-27T19:01:35.100Z","ask"
"0.59","13372","2024-05-27T19:01:35.100Z","ask"
"0.59073","18536","2024-05-27T19:01:35.100Z","ask"
"0.59188","500","2024-05-27T19:01:35.100Z","ask"
"0.59514","319","2024-05-27T19:01:35.100Z","ask"
"0.598","100","2024-05-27T19:01:35.100Z","ask"
"0.5985","100","2024-05-27T19:01:35.100Z","ask"
"0.6","82037","2024-05-27T19:01:35.100Z","ask"
"0.61","478403","2024-05-27T19:01:35.100Z","ask"
"0.63","30345","2024-05-27T19:01:35.100Z","ask"
"0.635","1303","2024-05-27T19:01:35.100Z","ask"
"0.639","2197","2024-05-27T19:01:35.100Z","ask"
"0.64","123186","2024-05-27T19:01:35.100Z","ask"
"0.64209","200","2024-05-27T19:01:35.100Z","ask"
"0.6427","134","2024-05-27T19:01:35.100Z","ask"
"0.645","2500","2024-05-27T19:01:35.100Z","ask"
"0.6478","607","2024-05-27T19:01:35.100Z","ask"
"0.6489","300","2024-05-27T19:01:35.100Z","ask"
"0.65","327348","2024-05-27T19:01:35.100Z","ask"
"0.6666","200","2024-05-27T19:01:35.100Z","ask"
"0.667","3434","2024-05-27T19:01:35.100Z","ask"
"0.6719","200","2024-05-27T19:01:35.100Z","ask"
"0.68","3276","2024-05-27T19:01:35.100Z","ask"
"0.6894","800","2024-05-27T19:01:35.100Z","ask"
"0.694","5977","2024-05-27T19:01:35.100Z","ask"
"0.698","100","2024-05-27T19:01:35.100Z","ask"
"0.6985","100","2024-05-27T19:01:35.100Z","ask"
"0.7","72456","2024-05-27T19:01:35.100Z","ask"
"0.72","140","2024-05-27T19:01:35.100Z","ask"
"0.72085","319","2024-05-27T19:01:35.100Z","ask"
"0.7489","550","2024-05-27T19:01:35.100Z","ask"
"0.75","54565","2024-05-27T19:01:35.100Z","ask"
"0.755","4000","2024-05-27T19:01:35.100Z","ask"
"0.76","6","2024-05-27T19:01:35.100Z","ask"
"0.77","21967","2024-05-27T19:01:35.100Z","ask"
"0.773","199","2024-05-27T19:01:35.100Z","ask"
"0.777","422","2024-05-27T19:01:35.100Z","ask"
"0.78","208","2024-05-27T19:01:35.100Z","ask"
"0.79332","319","2024-05-27T19:01:35.100Z","ask"
"0.7948","550","2024-05-27T19:01:35.100Z","ask"
"0.7985","100","2024-05-27T19:01:35.100Z","ask"
"0.799","358","2024-05-27T19:01:35.100Z","ask"
"0.8","63764","2024-05-27T19:01:35.100Z","ask"
"0.8373","234","2024-05-27T19:01:35.100Z","ask"
"0.84","98","2024-05-27T19:01:35.100Z","ask"
"0.8489","300","2024-05-27T19:01:35.100Z","ask"
"0.8599","7689","2024-05-27T19:01:35.100Z","ask"
"0.86","10943","2024-05-27T19:01:35.100Z","ask"
"0.87","6","2024-05-27T19:01:35.100Z","ask"
"0.87762","328","2024-05-27T19:01:35.100Z","ask"
"0.88","1570368","2024-05-27T19:01:35.100Z","ask"
"0.8844","304","2024-05-27T19:01:35.100Z","ask"
"0.888","100","2024-05-27T19:01:35.100Z","ask"
"0.8894","1000","2024-05-27T19:01:35.100Z","ask"
"0.89","33","2024-05-27T19:01:35.100Z","ask"
"0.8985","100","2024-05-27T19:01:35.100Z","ask"
"0.899","1130","2024-05-27T19:01:35.100Z","ask"
"0.9","47229","2024-05-27T19:01:35.100Z","ask"
"0.91","56","2024-05-27T19:01:35.100Z","ask"
"0.91513","11669","2024-05-27T19:01:35.100Z","ask"
"0.93","1099","2024-05-27T19:01:35.100Z","ask"
"0.9389","500","2024-05-27T19:01:35.100Z","ask"
"0.9453","14031","2024-05-27T19:01:35.100Z","ask"
"0.9489","800","2024-05-27T19:01:35.100Z","ask"
"0.95","25500","2024-05-27T19:01:35.100Z","ask"
"0.96","900","2024-05-27T19:01:35.100Z","ask"
"0.978","10000","2024-05-27T19:01:35.100Z","ask"
"0.98","1106","2024-05-27T19:01:35.100Z","ask"
"0.982","83","2024-05-27T19:01:35.100Z","ask"
"0.9885","100","2024-05-27T19:01:35.100Z","ask"
"0.99","15500","2024-05-27T19:01:35.100Z","ask"
"0.9969","793","2024-05-27T19:01:35.100Z","ask"
"0.999","6850","2024-05-27T19:01:35.100Z","ask"
"1","364206","2024-05-27T19:01:35.100Z","ask"
"1.008","1000","2024-05-27T19:01:35.100Z","ask"
"1.08","100","2024-05-27T19:01:35.100Z","ask"
"1.0844","303","2024-05-27T19:01:35.100Z","ask"
"1.0985","100","2024-05-27T19:01:35.100Z","ask"
"1.1","107","2024-05-27T19:01:35.100Z","ask"
"1.11","52932","2024-05-27T19:01:35.100Z","ask"
"1.13","77565","2024-05-27T19:01:35.100Z","ask"
"1.19","5000","2024-05-27T19:01:35.100Z","ask"
"1.2","6114","2024-05-27T19:01:35.100Z","ask"
"1.2485","100","2024-05-27T19:01:35.100Z","ask"
"1.25","8250","2024-05-27T19:01:35.100Z","ask"
"1.25599","1803","2024-05-27T19:01:35.100Z","ask"
"1.2856","5600","2024-05-27T19:01:35.100Z","ask"
"1.3","3000","2024-05-27T19:01:35.100Z","ask"
"1.32","185","2024-05-27T19:01:35.100Z","ask"
"1.3985","100","2024-05-27T19:01:35.100Z","ask"
"1.46","2000","2024-05-27T19:01:35.100Z","ask"
"1.4842","558","2024-05-27T19:01:35.100Z","ask"
"1.5","6483","2024-05-27T19:01:35.100Z","ask"
"1.53","5273","2024-05-27T19:01:35.100Z","ask"
"1.57","15000","2024-05-27T19:01:35.100Z","ask"
"1.58","100","2024-05-27T19:01:35.100Z","ask"
"1.59","100","2024-05-27T19:01:35.100Z","ask"
"1.6","2344","2024-05-27T19:01:35.100Z","ask"
"1.64","7000","2024-05-27T19:01:35.100Z","ask"
"1.67","110","2024-05-27T19:01:35.100Z","ask"
"1.75","250","2024-05-27T19:01:35.100Z","ask"
"1.79","100","2024-05-27T19:01:35.100Z","ask"
"1.81302","500","2024-05-27T19:01:35.100Z","ask"
"1.85","7300","2024-05-27T19:01:35.100Z","ask"
"1.9","4764","2024-05-27T19:01:35.100Z","ask"
"1.92","950","2024-05-27T19:01:35.100Z","ask"
"1.99","200","2024-05-27T19:01:35.100Z","ask"
"2","22071","2024-05-27T19:01:35.100Z","ask"
"2.08","100","2024-05-27T19:01:35.100Z","ask"
"2.2","1629","2024-05-27T19:01:35.100Z","ask"
"2.29","300","2024-05-27T19:01:35.100Z","ask"
"2.39","8577","2024-05-27T19:01:35.100Z","ask"
"2.49","300","2024-05-27T19:01:35.100Z","ask"
"2.5","350","2024-05-27T19:01:35.100Z","ask"
"2.555","45000","2024-05-27T19:01:35.100Z","ask"
"2.58","10000","2024-05-27T19:01:35.100Z","ask"
"2.6","1000","2024-05-27T19:01:35.100Z","ask"
"2.64","2634","2024-05-27T19:01:35.100Z","ask"
"2.79","300","2024-05-27T19:01:35.100Z","ask"
"2.8","1000","2024-05-27T19:01:35.100Z","ask"
"2.81","367","2024-05-27T19:01:35.100Z","ask"
"2.88","100","2024-05-27T19:01:35.100Z","ask"
"3","30232","2024-05-27T19:01:35.100Z","ask"
"3.29","400","2024-05-27T19:01:35.100Z","ask"
"3.3","1000","2024-05-27T19:01:35.100Z","ask"
"3.5","250","2024-05-27T19:01:35.100Z","ask"
"3.57","15000","2024-05-27T19:01:35.100Z","ask"
"3.58","100","2024-05-27T19:01:35.100Z","ask"
"3.64","2000","2024-05-27T19:01:35.100Z","ask"
"3.79","400","2024-05-27T19:01:35.100Z","ask"
"3.84","950","2024-05-27T19:01:35.100Z","ask"
"4","750","2024-05-27T19:01:35.100Z","ask"
"4.39","500","2024-05-27T19:01:35.100Z","ask"
"4.58","100","2024-05-27T19:01:35.100Z","ask"
"4.61","1000","2024-05-27T19:01:35.100Z","ask"
"4.69","12500","2024-05-27T19:01:35.100Z","ask"
"4.85","140","2024-05-27T19:01:35.100Z","ask"
"4.98","500","2024-05-27T19:01:35.100Z","ask"
"5","52192","2024-05-27T19:01:35.100Z","ask"
"5.5","4829","2024-05-27T19:01:35.100Z","ask"
"5.9","100","2024-05-27T19:01:35.100Z","ask"
"5.98","500","2024-05-27T19:01:35.100Z","ask"
"6","1000","2024-05-27T19:01:35.100Z","ask"
"6.34","2000","2024-05-27T19:01:35.100Z","ask"
"6.98","500","2024-05-27T19:01:35.100Z","ask"
"7.4","1000","2024-05-27T19:01:35.100Z","ask"
"7.68","950","2024-05-27T19:01:35.100Z","ask"
"7.98","500","2024-05-27T19:01:35.100Z","ask"
"8","2000","2024-05-27T19:01:35.100Z","ask"
"9","100","2024-05-27T19:01:35.100Z","ask"
"9.8","10244","2024-05-27T19:01:35.100Z","ask"
"9.98","500","2024-05-27T19:01:35.100Z","ask"
"10","22636","2024-05-27T19:01:35.100Z","ask"
"10.21","470","2024-05-27T19:01:35.100Z","ask"
"11","1000","2024-05-27T19:01:35.100Z","ask"
"12.98","500","2024-05-27T19:01:35.100Z","ask"
"14.98","500","2024-05-27T19:01:35.100Z","ask"
"15","3690","2024-05-27T19:01:35.100Z","ask"
"15.36","1000","2024-05-27T19:01:35.100Z","ask"
"16","1000","2024-05-27T19:01:35.100Z","ask"
"19.98","1000","2024-05-27T19:01:35.100Z","ask"
"20","4255","2024-05-27T19:01:35.100Z","ask"
"24.8","5000","2024-05-27T19:01:35.100Z","ask"
"29.6","2500","2024-05-27T19:01:35.100Z","ask"
"30.72","1088","2024-05-27T19:01:35.100Z","ask"
"33","1900","2024-05-27T19:01:35.100Z","ask"
"34","5685","2024-05-27T19:01:35.100Z","ask"
"38","372","2024-05-27T19:01:35.100Z","ask"
"38.38","2611","2024-05-27T19:01:35.100Z","ask"
"40","1325","2024-05-27T19:01:35.100Z","ask"
"43","100","2024-05-27T19:01:35.100Z","ask"
"50","2345","2024-05-27T19:01:35.100Z","ask"
"64.36","822","2024-05-27T19:01:35.100Z","ask"
"100","16536","2024-05-27T19:01:35.100Z","ask"
"150","286","2024-05-27T19:01:35.100Z","ask"
"175","1777","2024-05-27T19:01:35.100Z","ask"
"500","34870","2024-05-27T19:01:35.100Z","ask"
"600","294","2024-05-27T19:01:35.100Z","ask"
"1000","700","2024-05-27T19:01:35.100Z","ask"
"15000","84","2024-05-27T19:01:35.100Z","ask"
"40000","525090","2024-05-27T19:01:35.100Z","ask"
"0.0389","1400","2024-05-27T19:01:35.100Z","bid"
"0.03888","6000","2024-05-27T19:01:35.100Z","bid"
"0.03887","5000","2024-05-27T19:01:35.100Z","bid"
"0.03883","2063","2024-05-27T19:01:35.100Z","bid"
"0.03882","4300","2024-05-27T19:01:35.100Z","bid"
"0.03881","10486","2024-05-27T19:01:35.100Z","bid"
"0.0388","27862","2024-05-27T19:01:35.100Z","bid"
"0.03871","11688","2024-05-27T19:01:35.100Z","bid"
"0.0387","9710","2024-05-27T19:01:35.100Z","bid"
"0.03869","3118","2024-05-27T19:01:35.100Z","bid"
"0.03861","30000","2024-05-27T19:01:35.100Z","bid"
"0.0386","9594","2024-05-27T19:01:35.100Z","bid"
"0.03859","2483","2024-05-27T19:01:35.100Z","bid"
"0.03856","9514","2024-05-27T19:01:35.100Z","bid"
"0.03855","5188","2024-05-27T19:01:35.100Z","bid"
"0.03854","4533","2024-05-27T19:01:35.100Z","bid"
"0.03853","10383","2024-05-27T19:01:35.100Z","bid"
"0.0385","814","2024-05-27T19:01:35.100Z","bid"
"0.03847","1458","2024-05-27T19:01:35.100Z","bid"
"0.03842","3160","2024-05-27T19:01:35.100Z","bid"
"0.03841","4427","2024-05-27T19:01:35.100Z","bid"
"0.0384","9166","2024-05-27T19:01:35.100Z","bid"
"0.03839","885","2024-05-27T19:01:35.100Z","bid"
"0.0383","218969","2024-05-27T19:01:35.100Z","bid"
"0.03829","152493","2024-05-27T19:01:35.100Z","bid"
"0.03828","7836","2024-05-27T19:01:35.100Z","bid"
"0.03827","7838","2024-05-27T19:01:35.100Z","bid"
"0.03824","15692","2024-05-27T19:01:35.100Z","bid"
"0.0382","2507","2024-05-27T19:01:35.100Z","bid"
"0.03818","100","2024-05-27T19:01:35.100Z","bid"
"0.03817","11333","2024-05-27T19:01:35.100Z","bid"
"0.03813","9447","2024-05-27T19:01:35.100Z","bid"
"0.03812","1854","2024-05-27T19:01:35.100Z","bid"
"0.03811","309","2024-05-27T19:01:35.100Z","bid"
"0.0381","100","2024-05-27T19:01:35.100Z","bid"
"0.03808","367927","2024-05-27T19:01:35.100Z","bid"
"0.03807","395677","2024-05-27T19:01:35.100Z","bid"
"0.03805","333659","2024-05-27T19:01:35.100Z","bid"
"0.03804","9494","2024-05-27T19:01:35.100Z","bid"
"0.03803","31","2024-05-27T19:01:35.100Z","bid"
"0.03802","23409","2024-05-27T19:01:35.100Z","bid"
"0.03801","239297","2024-05-27T19:01:35.100Z","bid"
"0.038","163636","2024-05-27T19:01:35.100Z","bid"
"0.03799","941","2024-05-27T19:01:35.100Z","bid"
"0.03796","716","2024-05-27T19:01:35.100Z","bid"
"0.03792","6152","2024-05-27T19:01:35.100Z","bid"
"0.0379","100","2024-05-27T19:01:35.100Z","bid"
"0.03784","529","2024-05-27T19:01:35.100Z","bid"
"0.03781","2432","2024-05-27T19:01:35.100Z","bid"
"0.0378","100","2024-05-27T19:01:35.100Z","bid"
"0.03778","100","2024-05-27T19:01:35.100Z","bid"
"0.03776","900","2024-05-27T19:01:35.100Z","bid"
"0.03775","734","2024-05-27T19:01:35.100Z","bid"
"0.03773","5455","2024-05-27T19:01:35.100Z","bid"
"0.03772","5456","2024-05-27T19:01:35.100Z","bid"
"0.0377","100","2024-05-27T19:01:35.100Z","bid"
"0.03769","505","2024-05-27T19:01:35.100Z","bid"
"0.03768","500000","2024-05-27T19:01:35.100Z","bid"
"0.03767","22666","2024-05-27T19:01:35.100Z","bid"
"0.03765","32","2024-05-27T19:01:35.100Z","bid"
"0.03763","2735","2024-05-27T19:01:35.100Z","bid"
"0.03762","419","2024-05-27T19:01:35.100Z","bid"
"0.03761","13241","2024-05-27T19:01:35.100Z","bid"
"0.0376","100","2024-05-27T19:01:35.100Z","bid"
"0.03756","10140","2024-05-27T19:01:35.100Z","bid"
"0.03755","533","2024-05-27T19:01:35.100Z","bid"
"0.0375","100","2024-05-27T19:01:35.100Z","bid"
"0.03748","9534","2024-05-27T19:01:35.100Z","bid"
"0.03747","8520","2024-05-27T19:01:35.100Z","bid"
"0.03746","2170","2024-05-27T19:01:35.100Z","bid"
"0.03745","907","2024-05-27T19:01:35.100Z","bid"
"0.03743","955","2024-05-27T19:01:35.100Z","bid"
"0.03742","3024","2024-05-27T19:01:35.100Z","bid"
"0.03737","100","2024-05-27T19:01:35.100Z","bid"
"0.03736","2389","2024-05-27T19:01:35.100Z","bid"
"0.03735","158295","2024-05-27T19:01:35.100Z","bid"
"0.03732","26580","2024-05-27T19:01:35.100Z","bid"
"0.03731","1655","2024-05-27T19:01:35.100Z","bid"
"0.03727","2539","2024-05-27T19:01:35.100Z","bid"
"0.03722","2389","2024-05-27T19:01:35.100Z","bid"
"0.03719","35300","2024-05-27T19:01:35.100Z","bid"
"0.03717","2063","2024-05-27T19:01:35.100Z","bid"
"0.03715","13351","2024-05-27T19:01:35.100Z","bid"
"0.0371","500","2024-05-27T19:01:35.100Z","bid"
"0.03708","1365","2024-05-27T19:01:35.100Z","bid"
"0.03707","14242","2024-05-27T19:01:35.100Z","bid"
"0.03706","4711","2024-05-27T19:01:35.100Z","bid"
"0.03704","2483","2024-05-27T19:01:35.100Z","bid"
"0.03701","1909","2024-05-27T19:01:35.100Z","bid"
"0.037","10026","2024-05-27T19:01:35.100Z","bid"
"0.03699","691","2024-05-27T19:01:35.100Z","bid"
"0.03698","1670","2024-05-27T19:01:35.100Z","bid"
"0.03697","100","2024-05-27T19:01:35.100Z","bid"
"0.03696","1295","2024-05-27T19:01:35.100Z","bid"
"0.03695","41756","2024-05-27T19:01:35.100Z","bid"
"0.03694","9494","2024-05-27T19:01:35.100Z","bid"
"0.03693","1672","2024-05-27T19:01:35.100Z","bid"
"0.03692","7021","2024-05-27T19:01:35.100Z","bid"
"0.03691","1371","2024-05-27T19:01:35.100Z","bid"
"0.0369","32","2024-05-27T19:01:35.100Z","bid"
"0.03688","1674","2024-05-27T19:01:35.100Z","bid"
"0.03687","1510","2024-05-27T19:01:35.100Z","bid"
"0.03685","66748","2024-05-27T19:01:35.100Z","bid"
"0.03684","449","2024-05-27T19:01:35.100Z","bid"
"0.03683","752","2024-05-27T19:01:35.100Z","bid"
"0.0368","747","2024-05-27T19:01:35.100Z","bid"
"0.03677","13489","2024-05-27T19:01:35.100Z","bid"
"0.03667","16034","2024-05-27T19:01:35.100Z","bid"
"0.03666","82105","2024-05-27T19:01:35.100Z","bid"
"0.03665","13588","2024-05-27T19:01:35.100Z","bid"
"0.03662","27300","2024-05-27T19:01:35.100Z","bid"
"0.03654","822","2024-05-27T19:01:35.100Z","bid"
"0.03653","33","2024-05-27T19:01:35.100Z","bid"
"0.03652","27187","2024-05-27T19:01:35.100Z","bid"
"0.0365","10257","2024-05-27T19:01:35.100Z","bid"
"0.03649","1537","2024-05-27T19:01:35.100Z","bid"
"0.03646","1938","2024-05-27T19:01:35.100Z","bid"
"0.03645","8511","2024-05-27T19:01:35.100Z","bid"
"0.03643","180","2024-05-27T19:01:35.100Z","bid"
"0.0364","25119","2024-05-27T19:01:35.100Z","bid"
"0.03639","7022","2024-05-27T19:01:35.100Z","bid"
"0.03633","99","2024-05-27T19:01:35.100Z","bid"
"0.03632","17504","2024-05-27T19:01:35.100Z","bid"
"0.03631","22840","2024-05-27T19:01:35.100Z","bid"
"0.03625","759","2024-05-27T19:01:35.100Z","bid"
"0.03619","13534","2024-05-27T19:01:35.100Z","bid"
"0.03617","33","2024-05-27T19:01:35.100Z","bid"
"0.03616","3582","2024-05-27T19:01:35.100Z","bid"
"0.03615","2268","2024-05-27T19:01:35.100Z","bid"
"0.03613","15237","2024-05-27T19:01:35.100Z","bid"
"0.0361","15146","2024-05-27T19:01:35.100Z","bid"
"0.03609","13572","2024-05-27T19:01:35.100Z","bid"
"0.03608","520","2024-05-27T19:01:35.100Z","bid"
"0.03602","13770","2024-05-27T19:01:35.100Z","bid"
"0.036","20733","2024-05-27T19:01:35.100Z","bid"
"0.03597","33999","2024-05-27T19:01:35.100Z","bid"
"0.03594","6900","2024-05-27T19:01:35.100Z","bid"
"0.03593","771","2024-05-27T19:01:35.100Z","bid"
"0.03592","1967","2024-05-27T19:01:35.100Z","bid"
"0.03591","8639","2024-05-27T19:01:35.100Z","bid"
"0.03587","9495","2024-05-27T19:01:35.100Z","bid"
"0.03586","7023","2024-05-27T19:01:35.100Z","bid"
"0.03585","10000","2024-05-27T19:01:35.100Z","bid"
"0.03583","66721","2024-05-27T19:01:35.100Z","bid"
"0.0358","1470","2024-05-27T19:01:35.100Z","bid"
"0.03579","4157","2024-05-27T19:01:35.100Z","bid"
"0.03578","999","2024-05-27T19:01:35.100Z","bid"
"0.03574","4163","2024-05-27T19:01:35.100Z","bid"
"0.03573","13938","2024-05-27T19:01:35.100Z","bid"
"0.03571","770","2024-05-27T19:01:35.100Z","bid"
"0.0357","6768","2024-05-27T19:01:35.100Z","bid"
"0.03566","4173","2024-05-27T19:01:35.100Z","bid"
"0.03561","4178","2024-05-27T19:01:35.100Z","bid"
"0.0356","3425","2024-05-27T19:01:35.100Z","bid"
"0.03559","5505","2024-05-27T19:01:35.100Z","bid"
"0.03558","3427","2024-05-27T19:01:35.100Z","bid"
"0.03554","1579","2024-05-27T19:01:35.100Z","bid"
"0.03545","34","2024-05-27T19:01:35.100Z","bid"
"0.03543","7642","2024-05-27T19:01:35.100Z","bid"
"0.0354","1996","2024-05-27T19:01:35.100Z","bid"
"0.03538","37992","2024-05-27T19:01:35.100Z","bid"
"0.03537","8771","2024-05-27T19:01:35.100Z","bid"
"0.03534","16516","2024-05-27T19:01:35.100Z","bid"
"0.03533","4212","2024-05-27T19:01:35.100Z","bid"
"0.03529","33872","2024-05-27T19:01:35.100Z","bid"
"0.03528","33881","2024-05-27T19:01:35.100Z","bid"
"0.03525","1014","2024-05-27T19:01:35.100Z","bid"
"0.03524","287874","2024-05-27T19:01:35.100Z","bid"
"0.03521","33949","2024-05-27T19:01:35.100Z","bid"
"0.03518","782","2024-05-27T19:01:35.100Z","bid"
"0.03515","3484","2024-05-27T19:01:35.100Z","bid"
"0.03513","1280","2024-05-27T19:01:35.100Z","bid"
"0.03511","34044","2024-05-27T19:01:35.100Z","bid"
"0.0351","181087","2024-05-27T19:01:35.100Z","bid"
"0.03509","34","2024-05-27T19:01:35.100Z","bid"
"0.03506","790","2024-05-27T19:01:35.100Z","bid"
"0.03504","23880","2024-05-27T19:01:35.100Z","bid"
"0.035","969185","2024-05-27T19:01:35.100Z","bid"
"0.03494","34211","2024-05-27T19:01:35.100Z","bid"
"0.03487","2027","2024-05-27T19:01:35.100Z","bid"
"0.03485","8902","2024-05-27T19:01:35.100Z","bid"
"0.03484","8577","2024-05-27T19:01:35.100Z","bid"
"0.03483","9496","2024-05-27T19:01:35.100Z","bid"
"0.03482","20157","2024-05-27T19:01:35.100Z","bid"
"0.03481","7023","2024-05-27T19:01:35.100Z","bid"
"0.0348","69738","2024-05-27T19:01:35.100Z","bid"
"0.03477","34377","2024-05-27T19:01:35.100Z","bid"
"0.03474","34","2024-05-27T19:01:35.100Z","bid"
"0.03473","1030","2024-05-27T19:01:35.100Z","bid"
"0.03466","793","2024-05-27T19:01:35.100Z","bid"
"0.03465","5000","2024-05-27T19:01:35.100Z","bid"
"0.03462","578","2024-05-27T19:01:35.100Z","bid"
"0.03461","1621","2024-05-27T19:01:35.100Z","bid"
"0.03459","34556","2024-05-27T19:01:35.100Z","bid"
"0.0345","867391","2024-05-27T19:01:35.100Z","bid"
"0.03447","103196","2024-05-27T19:01:35.100Z","bid"
"0.03444","581","2024-05-27T19:01:35.100Z","bid"
"0.03443","580","2024-05-27T19:01:35.100Z","bid"
"0.03442","790","2024-05-27T19:01:35.100Z","bid"
"0.0344","38747","2024-05-27T19:01:35.100Z","bid"
"0.03439","11666","2024-05-27T19:01:35.100Z","bid"
"0.03438","34335","2024-05-27T19:01:35.100Z","bid"
"0.03436","2057","2024-05-27T19:01:35.100Z","bid"
"0.03433","9036","2024-05-27T19:01:35.100Z","bid"
"0.03432","17414","2024-05-27T19:01:35.100Z","bid"
"0.03431","9493","2024-05-27T19:01:35.100Z","bid"
"0.03429","90333","2024-05-27T19:01:35.100Z","bid"
"0.03424","10473","2024-05-27T19:01:35.100Z","bid"
"0.03422","125405","2024-05-27T19:01:35.100Z","bid"
"0.03421","581","2024-05-27T19:01:35.100Z","bid"
"0.0342","11294","2024-05-27T19:01:35.100Z","bid"
"0.03418","8598","2024-05-27T19:01:35.100Z","bid"
"0.03416","19099","2024-05-27T19:01:35.100Z","bid"
"0.03414","806","2024-05-27T19:01:35.100Z","bid"
"0.03411","10513","2024-05-27T19:01:35.100Z","bid"
"0.03405","35","2024-05-27T19:01:35.100Z","bid"
"0.03401","8641","2024-05-27T19:01:35.100Z","bid"
"0.034","905147","2024-05-27T19:01:35.100Z","bid"
"0.03394","10564","2024-05-27T19:01:35.100Z","bid"
"0.0339","29380","2024-05-27T19:01:35.100Z","bid"
"0.03389","10580","2024-05-27T19:01:35.100Z","bid"
"0.03385","12681","2024-05-27T19:01:35.100Z","bid"
"0.03382","9173","2024-05-27T19:01:35.100Z","bid"
"0.03381","13966","2024-05-27T19:01:35.100Z","bid"
"0.0338","13994","2024-05-27T19:01:35.100Z","bid"
"0.03378","7022","2024-05-27T19:01:35.100Z","bid"
"0.03376","59629","2024-05-27T19:01:35.100Z","bid"
"0.03371","2725","2024-05-27T19:01:35.100Z","bid"
"0.03363","818","2024-05-27T19:01:35.100Z","bid"
"0.0335","893283","2024-05-27T19:01:35.100Z","bid"
"0.03339","8839","2024-05-27T19:01:35.100Z","bid"
"0.03337","830","2024-05-27T19:01:35.100Z","bid"
"0.03335","2119","2024-05-27T19:01:35.100Z","bid"
"0.03333","783","2024-05-27T19:01:35.100Z","bid"
"0.03331","9313","2024-05-27T19:01:35.100Z","bid"
"0.03329","9494","2024-05-27T19:01:35.100Z","bid"
"0.03328","7022","2024-05-27T19:01:35.100Z","bid"
"0.03321","1077","2024-05-27T19:01:35.100Z","bid"
"0.0332","4000","2024-05-27T19:01:35.100Z","bid"
"0.03313","830","2024-05-27T19:01:35.100Z","bid"
"0.03311","821","2024-05-27T19:01:35.100Z","bid"
"0.033","1244553","2024-05-27T19:01:35.100Z","bid"
"0.0329","14888","2024-05-27T19:01:35.100Z","bid"
"0.03289","3648","2024-05-27T19:01:35.100Z","bid"
"0.03288","1500","2024-05-27T19:01:35.100Z","bid"
"0.03286","2151","2024-05-27T19:01:35.100Z","bid"
"0.03283","1709","2024-05-27T19:01:35.100Z","bid"
"0.03282","9452","2024-05-27T19:01:35.100Z","bid"
"0.03281","32087","2024-05-27T19:01:35.100Z","bid"
"0.03279","31096","2024-05-27T19:01:35.100Z","bid"
"0.03278","7022","2024-05-27T19:01:35.100Z","bid"
"0.03272","31533","2024-05-27T19:01:35.100Z","bid"
"0.03265","21693","2024-05-27T19:01:35.100Z","bid"
"0.03264","843","2024-05-27T19:01:35.100Z","bid"
"0.0326","4000","2024-05-27T19:01:35.100Z","bid"
"0.03258","9058","2024-05-27T19:01:35.100Z","bid"
"0.03257","1068","2024-05-27T19:01:35.100Z","bid"
"0.03255","851","2024-05-27T19:01:35.100Z","bid"
"0.0325","721105","2024-05-27T19:01:35.100Z","bid"
"0.03238","2182","2024-05-27T19:01:35.100Z","bid"
"0.03233","9596","2024-05-27T19:01:35.100Z","bid"
"0.0323","9495","2024-05-27T19:01:35.100Z","bid"
"0.03229","8066","2024-05-27T19:01:35.100Z","bid"
"0.03223","1109","2024-05-27T19:01:35.100Z","bid"
"0.03216","773","2024-05-27T19:01:35.100Z","bid"
"0.03215","855","2024-05-27T19:01:35.100Z","bid"
"0.03211","347090","2024-05-27T19:01:35.100Z","bid"
"0.03207","814","2024-05-27T19:01:35.100Z","bid"
"0.032","1346769","2024-05-27T19:01:35.100Z","bid"
"0.03197","1755","2024-05-27T19:01:35.100Z","bid"
"0.03196","104007","2024-05-27T19:01:35.100Z","bid"
"0.03195","69360","2024-05-27T19:01:35.100Z","bid"
"0.03192","104140","2024-05-27T19:01:35.100Z","bid"
"0.0319","94839","2024-05-27T19:01:35.100Z","bid"
"0.03185","9740","2024-05-27T19:01:35.100Z","bid"
"0.03182","9495","2024-05-27T19:01:35.100Z","bid"
"0.03181","7023","2024-05-27T19:01:35.100Z","bid"
"0.03176","872","2024-05-27T19:01:35.100Z","bid"
"0.03175","1126","2024-05-27T19:01:35.100Z","bid"
"0.0317","114511","2024-05-27T19:01:35.100Z","bid"
"0.03167","868","2024-05-27T19:01:35.100Z","bid"
"0.0316","31518","2024-05-27T19:01:35.100Z","bid"
"0.03159","31528","2024-05-27T19:01:35.100Z","bid"
"0.03157","1654","2024-05-27T19:01:35.100Z","bid"
"0.0315","169580","2024-05-27T19:01:35.100Z","bid"
"0.03143","2248","2024-05-27T19:01:35.100Z","bid"
"0.03142","4082","2024-05-27T19:01:35.100Z","bid"
"0.03137","9889","2024-05-27T19:01:35.100Z","bid"
"0.03134","7023","2024-05-27T19:01:35.100Z","bid"
"0.0313","1594249","2024-05-27T19:01:35.100Z","bid"
"0.03128","51143","2024-05-27T19:01:35.100Z","bid"
"0.03125","199359","2024-05-27T19:01:35.100Z","bid"
"0.0312","281596","2024-05-27T19:01:35.100Z","bid"
"0.03114","1802","2024-05-27T19:01:35.100Z","bid"
"0.03109","37968","2024-05-27T19:01:35.100Z","bid"
"0.031","267120","2024-05-27T19:01:35.100Z","bid"
"0.03098","894","2024-05-27T19:01:35.100Z","bid"
"0.03097","2282","2024-05-27T19:01:35.100Z","bid"
"0.03091","10036","2024-05-27T19:01:35.100Z","bid"
"0.03087","16518","2024-05-27T19:01:35.100Z","bid"
"0.03083","158","2024-05-27T19:01:35.100Z","bid"
"0.03082","1160","2024-05-27T19:01:35.100Z","bid"
"0.03075","34228","2024-05-27T19:01:35.100Z","bid"
"0.03074","895","2024-05-27T19:01:35.100Z","bid"
"0.03072","500","2024-05-27T19:01:35.100Z","bid"
"0.0307","22877","2024-05-27T19:01:35.100Z","bid"
"0.03051","2316","2024-05-27T19:01:35.100Z","bid"
"0.0305","18548","2024-05-27T19:01:35.100Z","bid"
"0.03045","10188","2024-05-27T19:01:35.100Z","bid"
"0.03041","16514","2024-05-27T19:01:35.100Z","bid"
"0.03036","1178","2024-05-27T19:01:35.100Z","bid"
"0.03033","1850","2024-05-27T19:01:35.100Z","bid"
"0.0303","16501","2024-05-27T19:01:35.100Z","bid"
"0.03028","908","2024-05-27T19:01:35.100Z","bid"
"0.03023","916","2024-05-27T19:01:35.100Z","bid"
"0.0302","57000","2024-05-27T19:01:35.100Z","bid"
"0.03018","662","2024-05-27T19:01:35.100Z","bid"
"0.03011","8301","2024-05-27T19:01:35.100Z","bid"
"0.03007","2446","2024-05-27T19:01:35.100Z","bid"
"0.03006","2351","2024-05-27T19:01:35.100Z","bid"
"0.03","271259","2024-05-27T19:01:35.100Z","bid"
"0.02996","7022","2024-05-27T19:01:35.100Z","bid"
"0.02995","9493","2024-05-27T19:01:35.100Z","bid"
"0.02991","1196","2024-05-27T19:01:35.100Z","bid"
"0.02988","50000","2024-05-27T19:01:35.100Z","bid"
"0.02983","922","2024-05-27T19:01:35.100Z","bid"
"0.0298","7550","2024-05-27T19:01:35.100Z","bid"
"0.0297","7090","2024-05-27T19:01:35.100Z","bid"
"0.02962","2386","2024-05-27T19:01:35.100Z","bid"
"0.0296","2500","2024-05-27T19:01:35.100Z","bid"
"0.02954","10502","2024-05-27T19:01:35.100Z","bid"
"0.02951","7021","2024-05-27T19:01:35.100Z","bid"
"0.0295","9493","2024-05-27T19:01:35.100Z","bid"
"0.07099","79188","2024-05-27T19:01:35.099Z","ask"
"0.071","458905","2024-05-27T19:01:35.099Z","ask"
"0.07101","965","2024-05-27T19:01:35.099Z","ask"
"0.0715","25842","2024-05-27T19:01:35.099Z","ask"
"0.0716","24822","2024-05-27T19:01:35.099Z","ask"
"0.0718","331","2024-05-27T19:01:35.099Z","ask"
"0.07192","138","2024-05-27T19:01:35.099Z","ask"
"0.07195","1222","2024-05-27T19:01:35.099Z","ask"
"0.07196","709","2024-05-27T19:01:35.099Z","ask"
"0.07199","13193","2024-05-27T19:01:35.099Z","ask"
"0.072","31652","2024-05-27T19:01:35.099Z","ask"
"0.07203","805","2024-05-27T19:01:35.099Z","ask"
"0.07221","956","2024-05-27T19:01:35.099Z","ask"
"0.07231","396","2024-05-27T19:01:35.099Z","ask"
"0.07244","21859","2024-05-27T19:01:35.099Z","ask"
"0.07256","359","2024-05-27T19:01:35.099Z","ask"
"0.07266","33933","2024-05-27T19:01:35.099Z","ask"
"0.0727","2819","2024-05-27T19:01:35.099Z","ask"
"0.07274","3133","2024-05-27T19:01:35.099Z","ask"
"0.07279","3171","2024-05-27T19:01:35.099Z","ask"
"0.07284","1881","2024-05-27T19:01:35.099Z","ask"
"0.07296","723","2024-05-27T19:01:35.099Z","ask"
"0.07337","88","2024-05-27T19:01:35.099Z","ask"
"0.07342","956","2024-05-27T19:01:35.099Z","ask"
"0.0735","17705","2024-05-27T19:01:35.099Z","ask"
"0.0737","175847","2024-05-27T19:01:35.099Z","ask"
"0.0738","1370","2024-05-27T19:01:35.099Z","ask"
"0.0739","784","2024-05-27T19:01:35.099Z","ask"
"0.07399","123","2024-05-27T19:01:35.099Z","ask"
"0.074","18880","2024-05-27T19:01:35.099Z","ask"
"0.07435","250","2024-05-27T19:01:35.099Z","ask"
"0.0745","200","2024-05-27T19:01:35.099Z","ask"
"0.07455","5000","2024-05-27T19:01:35.099Z","ask"
"0.07462","956","2024-05-27T19:01:35.099Z","ask"
"0.07479","88","2024-05-27T19:01:35.099Z","ask"
"0.07482","5000","2024-05-27T19:01:35.099Z","ask"
"0.07496","88","2024-05-27T19:01:35.099Z","ask"
"0.075","513188","2024-05-27T19:01:35.099Z","ask"
"0.07513","88","2024-05-27T19:01:35.099Z","ask"
"0.07531","88","2024-05-27T19:01:35.099Z","ask"
"0.07548","88","2024-05-27T19:01:35.099Z","ask"
"0.07564","88","2024-05-27T19:01:35.099Z","ask"
"0.07581","88","2024-05-27T19:01:35.099Z","ask"
"0.07583","956","2024-05-27T19:01:35.099Z","ask"
"0.07587","290","2024-05-27T19:01:35.099Z","ask"
"0.07599","88","2024-05-27T19:01:35.099Z","ask"
"0.076","1739","2024-05-27T19:01:35.099Z","ask"
"0.07622","147","2024-05-27T19:01:35.099Z","ask"
"0.07642","418","2024-05-27T19:01:35.099Z","ask"
"0.0765","66987","2024-05-27T19:01:35.099Z","ask"
"0.07695","840","2024-05-27T19:01:35.099Z","ask"
"0.07697","85","2024-05-27T19:01:35.099Z","ask"
"0.077","4120","2024-05-27T19:01:35.099Z","ask"
"0.07703","956","2024-05-27T19:01:35.099Z","ask"
"0.0773","10000","2024-05-27T19:01:35.099Z","ask"
"0.0774","2595","2024-05-27T19:01:35.099Z","ask"
"0.0775","12936","2024-05-27T19:01:35.099Z","ask"
"0.0776","6000","2024-05-27T19:01:35.099Z","ask"
"0.0777","3720","2024-05-27T19:01:35.099Z","ask"
"0.07777","200","2024-05-27T19:01:35.099Z","ask"
"0.07785","250","2024-05-27T19:01:35.099Z","ask"
"0.078","403646","2024-05-27T19:01:35.099Z","ask"
"0.07824","956","2024-05-27T19:01:35.099Z","ask"
"0.0783","384197","2024-05-27T19:01:35.099Z","ask"
"0.0784","48928","2024-05-27T19:01:35.099Z","ask"
"0.0785","19215","2024-05-27T19:01:35.099Z","ask"
"0.07852","579","2024-05-27T19:01:35.099Z","ask"
"0.0786","6900","2024-05-27T19:01:35.099Z","ask"
"0.0787","1945","2024-05-27T19:01:35.099Z","ask"
"0.07884","6343","2024-05-27T19:01:35.099Z","ask"
"0.0789","1363","2024-05-27T19:01:35.099Z","ask"
"0.079","15080","2024-05-27T19:01:35.099Z","ask"
"0.0791","138","2024-05-27T19:01:35.099Z","ask"
"0.07911","2000","2024-05-27T19:01:35.099Z","ask"
"0.0794","24382","2024-05-27T19:01:35.099Z","ask"
"0.07944","956","2024-05-27T19:01:35.099Z","ask"
"0.07945","388","2024-05-27T19:01:35.099Z","ask"
"0.0795","4144","2024-05-27T19:01:35.099Z","ask"
"0.0796","25605","2024-05-27T19:01:35.099Z","ask"
"0.07966","33934","2024-05-27T19:01:35.099Z","ask"
"0.0797","3000","2024-05-27T19:01:35.099Z","ask"
"0.07978","1340","2024-05-27T19:01:35.099Z","ask"
"0.07989","20000","2024-05-27T19:01:35.099Z","ask"
"0.0799","24937","2024-05-27T19:01:35.099Z","ask"
"0.08","1748877","2024-05-27T19:01:35.099Z","ask"
"0.08033","876","2024-05-27T19:01:35.099Z","ask"
"0.08036","134","2024-05-27T19:01:35.099Z","ask"
"0.0805","602","2024-05-27T19:01:35.099Z","ask"
"0.08065","956","2024-05-27T19:01:35.099Z","ask"
"0.08099","124","2024-05-27T19:01:35.099Z","ask"
"0.081","10758","2024-05-27T19:01:35.099Z","ask"
"0.08111","4523","2024-05-27T19:01:35.099Z","ask"
"0.0812","120","2024-05-27T19:01:35.099Z","ask"
"0.0813","571","2024-05-27T19:01:35.099Z","ask"
"0.08185","200","2024-05-27T19:01:35.099Z","ask"
"0.08188","61188","2024-05-27T19:01:35.099Z","ask"
"0.082","232379","2024-05-27T19:01:35.099Z","ask"
"0.08206","500","2024-05-27T19:01:35.099Z","ask"
"0.0822","1270","2024-05-27T19:01:35.099Z","ask"
"0.0823","18272","2024-05-27T19:01:35.099Z","ask"
"0.08235","945","2024-05-27T19:01:35.099Z","ask"
"0.0824","2439","2024-05-27T19:01:35.099Z","ask"
"0.0825","59624","2024-05-27T19:01:35.099Z","ask"
"0.083","12461","2024-05-27T19:01:35.099Z","ask"
"0.08368","1197","2024-05-27T19:01:35.099Z","ask"
"0.08387","4303","2024-05-27T19:01:35.099Z","ask"
"0.0839","613031","2024-05-27T19:01:35.099Z","ask"
"0.08397","876","2024-05-27T19:01:35.099Z","ask"
"0.084","347360","2024-05-27T19:01:35.099Z","ask"
"0.08478","4812","2024-05-27T19:01:35.099Z","ask"
"0.0848","1200","2024-05-27T19:01:35.099Z","ask"
"0.0849","1833","2024-05-27T19:01:35.099Z","ask"
"0.085","1281806","2024-05-27T19:01:35.099Z","ask"
"0.08559","10010","2024-05-27T19:01:35.099Z","ask"
"0.08585","200","2024-05-27T19:01:35.099Z","ask"
"0.086","18028","2024-05-27T19:01:35.099Z","ask"
"0.08609","83","2024-05-27T19:01:35.099Z","ask"
"0.08629","138","2024-05-27T19:01:35.099Z","ask"
"0.0866","25606","2024-05-27T19:01:35.099Z","ask"
"0.0867","1000","2024-05-27T19:01:35.099Z","ask"
"0.08682","168","2024-05-27T19:01:35.099Z","ask"
"0.087","10174","2024-05-27T19:01:35.099Z","ask"
"0.0875","1714","2024-05-27T19:01:35.099Z","ask"
"0.08755","10150","2024-05-27T19:01:35.099Z","ask"
"0.08767","165","2024-05-27T19:01:35.099Z","ask"
"0.08769","29020","2024-05-27T19:01:35.099Z","ask"
"0.088","123381","2024-05-27T19:01:35.099Z","ask"
"0.0882","628","2024-05-27T19:01:35.099Z","ask"
"0.08829","1191","2024-05-27T19:01:35.099Z","ask"
"0.0888","21481","2024-05-27T19:01:35.099Z","ask"
"0.08888","421","2024-05-27T19:01:35.099Z","ask"
"0.0889","2601","2024-05-27T19:01:35.099Z","ask"
"0.08898","175","2024-05-27T19:01:35.099Z","ask"
"0.089","203295","2024-05-27T19:01:35.099Z","ask"
"0.0893","114","2024-05-27T19:01:35.099Z","ask"
"0.0894","1125","2024-05-27T19:01:35.099Z","ask"
"0.08944","1000","2024-05-27T19:01:35.099Z","ask"
"0.0895","2606","2024-05-27T19:01:35.099Z","ask"
"0.0896","20457","2024-05-27T19:01:35.099Z","ask"
"0.08975","23290","2024-05-27T19:01:35.099Z","ask"
"0.08978","10000","2024-05-27T19:01:35.099Z","ask"
"0.0899","20000","2024-05-27T19:01:35.099Z","ask"
"0.09","1277813","2024-05-27T19:01:35.099Z","ask"
"0.0901","50","2024-05-27T19:01:35.099Z","ask"
"0.09019","2728","2024-05-27T19:01:35.099Z","ask"
"0.09085","200","2024-05-27T19:01:35.099Z","ask"
"0.0909","1000","2024-05-27T19:01:35.099Z","ask"
"0.091","101000","2024-05-27T19:01:35.099Z","ask"
"0.0912","120","2024-05-27T19:01:35.099Z","ask"
"0.09135","220","2024-05-27T19:01:35.099Z","ask"
"0.0914","14832","2024-05-27T19:01:35.099Z","ask"
"0.092","108434","2024-05-27T19:01:35.099Z","ask"
"0.0922","24001","2024-05-27T19:01:35.099Z","ask"
"0.0925","25435","2024-05-27T19:01:35.099Z","ask"
"0.09265","11852","2024-05-27T19:01:35.099Z","ask"
"0.09288","53941","2024-05-27T19:01:35.099Z","ask"
"0.093","112230","2024-05-27T19:01:35.099Z","ask"
"0.09304","103","2024-05-27T19:01:35.099Z","ask"
"0.09389","13596","2024-05-27T19:01:35.099Z","ask"
"0.094","100090","2024-05-27T19:01:35.099Z","ask"
"0.0944","5420","2024-05-27T19:01:35.099Z","ask"
"0.0947","1150","2024-05-27T19:01:35.099Z","ask"
"0.09472","1286","2024-05-27T19:01:35.099Z","ask"
"0.09474","2700","2024-05-27T19:01:35.099Z","ask"
"0.09489","1323","2024-05-27T19:01:35.099Z","ask"
"0.095","989612","2024-05-27T19:01:35.099Z","ask"
"0.0954","651","2024-05-27T19:01:35.099Z","ask"
"0.09561","220","2024-05-27T19:01:35.099Z","ask"
"0.09565","30439","2024-05-27T19:01:35.099Z","ask"
"0.09585","200","2024-05-27T19:01:35.099Z","ask"
"0.096","138915","2024-05-27T19:01:35.099Z","ask"
"0.09613","1585","2024-05-27T19:01:35.099Z","ask"
"0.09667","1073","2024-05-27T19:01:35.099Z","ask"
"0.0969","63477","2024-05-27T19:01:35.099Z","ask"
"0.09694","10268","2024-05-27T19:01:35.099Z","ask"
"0.097","104361","2024-05-27T19:01:35.099Z","ask"
"0.09714","1067","2024-05-27T19:01:35.099Z","ask"
"0.09728","202","2024-05-27T19:01:35.099Z","ask"
"0.0973","55275","2024-05-27T19:01:35.099Z","ask"
"0.0975","11410","2024-05-27T19:01:35.099Z","ask"
"0.09761","1067","2024-05-27T19:01:35.099Z","ask"
"0.09767","1268","2024-05-27T19:01:35.099Z","ask"
"0.0977","4117","2024-05-27T19:01:35.099Z","ask"
"0.09781","16949","2024-05-27T19:01:35.099Z","ask"
"0.098","239386","2024-05-27T19:01:35.099Z","ask"
"0.09844","1268","2024-05-27T19:01:35.099Z","ask"
"0.09849","568","2024-05-27T19:01:35.099Z","ask"
"0.09867","6413","2024-05-27T19:01:35.099Z","ask"
"0.09885","17000","2024-05-27T19:01:35.099Z","ask"
"0.0989","13868","2024-05-27T19:01:35.099Z","ask"
"0.09897","2849","2024-05-27T19:01:35.099Z","ask"
"0.09898","5000","2024-05-27T19:01:35.099Z","ask"
"0.099","468821","2024-05-27T19:01:35.099Z","ask"
"0.09903","51","2024-05-27T19:01:35.099Z","ask"
"0.09921","1268","2024-05-27T19:01:35.099Z","ask"
"0.09923","113","2024-05-27T19:01:35.099Z","ask"
"0.0995","112","2024-05-27T19:01:35.099Z","ask"
"0.09968","9203","2024-05-27T19:01:35.099Z","ask"
"0.0997","1010","2024-05-27T19:01:35.099Z","ask"
"0.09985","200","2024-05-27T19:01:35.099Z","ask"
"0.0999","3723","2024-05-27T19:01:35.099Z","ask"
"0.09998","1268","2024-05-27T19:01:35.099Z","ask"
"0.09999","2767","2024-05-27T19:01:35.099Z","ask"
"0.1","4686352","2024-05-27T19:01:35.099Z","ask"
"0.10038","2125","2024-05-27T19:01:35.099Z","ask"
"0.10064","2000","2024-05-27T19:01:35.099Z","ask"
"0.10066","138","2024-05-27T19:01:35.099Z","ask"
"0.101","33454","2024-05-27T19:01:35.099Z","ask"
"0.102","1640","2024-05-27T19:01:35.099Z","ask"
"0.1025","127711","2024-05-27T19:01:35.099Z","ask"
"0.10318","623","2024-05-27T19:01:35.099Z","ask"
"0.10343","1010","2024-05-27T19:01:35.099Z","ask"
"0.10361","500","2024-05-27T19:01:35.099Z","ask"
"0.104","400","2024-05-27T19:01:35.099Z","ask"
"0.10435","150","2024-05-27T19:01:35.099Z","ask"
"0.10474","190","2024-05-27T19:01:35.099Z","ask"
"0.1049","490","2024-05-27T19:01:35.099Z","ask"
"0.105","1150903","2024-05-27T19:01:35.099Z","ask"
"0.10657","98","2024-05-27T19:01:35.099Z","ask"
"0.10669","599","2024-05-27T19:01:35.099Z","ask"
"0.1077","333","2024-05-27T19:01:35.099Z","ask"
"0.108","300","2024-05-27T19:01:35.099Z","ask"
"0.10834","623","2024-05-27T19:01:35.099Z","ask"
"0.10885","150","2024-05-27T19:01:35.099Z","ask"
"0.109","18481","2024-05-27T19:01:35.099Z","ask"
"0.10906","838","2024-05-27T19:01:35.099Z","ask"
"0.10924","597","2024-05-27T19:01:35.099Z","ask"
"0.1095","100000","2024-05-27T19:01:35.099Z","ask"
"0.10952","136","2024-05-27T19:01:35.099Z","ask"
"0.1098","574852","2024-05-27T19:01:35.099Z","ask"
"0.10999","83","2024-05-27T19:01:35.099Z","ask"
"0.11","4406232","2024-05-27T19:01:35.099Z","ask"
"0.11026","1412","2024-05-27T19:01:35.099Z","ask"
"0.1108","21083","2024-05-27T19:01:35.099Z","ask"
"0.111","76750","2024-05-27T19:01:35.099Z","ask"
"0.1111","112903","2024-05-27T19:01:35.099Z","ask"
"0.11177","83","2024-05-27T19:01:35.099Z","ask"
"0.112","475","2024-05-27T19:01:35.099Z","ask"
"0.1121","12750","2024-05-27T19:01:35.099Z","ask"
"0.1122","134","2024-05-27T19:01:35.099Z","ask"
"0.1125","94042","2024-05-27T19:01:35.099Z","ask"
"0.1128","1000","2024-05-27T19:01:35.099Z","ask"
"0.113","85","2024-05-27T19:01:35.099Z","ask"
"0.1135","5000","2024-05-27T19:01:35.099Z","ask"
"0.11385","150","2024-05-27T19:01:35.099Z","ask"
"0.1148","1000","2024-05-27T19:01:35.099Z","ask"
"0.115","2806326","2024-05-27T19:01:35.099Z","ask"
"0.11503","138","2024-05-27T19:01:35.099Z","ask"
"0.11524","394","2024-05-27T19:01:35.099Z","ask"
"0.11543","561","2024-05-27T19:01:35.099Z","ask"
"0.116","657","2024-05-27T19:01:35.099Z","ask"
"0.1166","113","2024-05-27T19:01:35.099Z","ask"
"0.1167","14844","2024-05-27T19:01:35.099Z","ask"
"0.1175","10166","2024-05-27T19:01:35.099Z","ask"
"0.1177","54","2024-05-27T19:01:35.099Z","ask"
"0.118","2806","2024-05-27T19:01:35.099Z","ask"
"0.1185","851","2024-05-27T19:01:35.099Z","ask"
"0.1188","5079","2024-05-27T19:01:35.099Z","ask"
"0.11885","150","2024-05-27T19:01:35.099Z","ask"
"0.11888","84287","2024-05-27T19:01:35.099Z","ask"
"0.1189","5201","2024-05-27T19:01:35.099Z","ask"
"0.119","8490","2024-05-27T19:01:35.099Z","ask"
"0.1193","6485","2024-05-27T19:01:35.099Z","ask"
"0.11933","500","2024-05-27T19:01:35.099Z","ask"
"0.1197","22824","2024-05-27T19:01:35.099Z","ask"
"0.1198","1000","2024-05-27T19:01:35.099Z","ask"
"0.11987","1673","2024-05-27T19:01:35.099Z","ask"
"0.11997","2849","2024-05-27T19:01:35.099Z","ask"
"0.11999","88","2024-05-27T19:01:35.099Z","ask"
"0.12","1651286","2024-05-27T19:01:35.099Z","ask"
"0.1205","111","2024-05-27T19:01:35.099Z","ask"
"0.12061","2151","2024-05-27T19:01:35.099Z","ask"
"0.1221","83","2024-05-27T19:01:35.099Z","ask"
"0.1222","426","2024-05-27T19:01:35.099Z","ask"
"0.1224","352247","2024-05-27T19:01:35.099Z","ask"
"0.1228","29949","2024-05-27T19:01:35.099Z","ask"
"0.123","3508278","2024-05-27T19:01:35.099Z","ask"
"0.12372","221","2024-05-27T19:01:35.099Z","ask"
"0.12385","150","2024-05-27T19:01:35.099Z","ask"
"0.1239","5190","2024-05-27T19:01:35.099Z","ask"
"0.124","2738","2024-05-27T19:01:35.099Z","ask"
"0.1248","4130","2024-05-27T19:01:35.099Z","ask"
"0.125","204959","2024-05-27T19:01:35.099Z","ask"
"0.12591","300","2024-05-27T19:01:35.099Z","ask"
"0.126","1111015","2024-05-27T19:01:35.099Z","ask"
"0.1269","500","2024-05-27T19:01:35.099Z","ask"
"0.12695","350","2024-05-27T19:01:35.099Z","ask"
"0.127","20408","2024-05-27T19:01:35.099Z","ask"
"0.12748","2883","2024-05-27T19:01:35.099Z","ask"
"0.128","30730","2024-05-27T19:01:35.099Z","ask"
"0.12885","150","2024-05-27T19:01:35.099Z","ask"
"0.129","193717","2024-05-27T19:01:35.099Z","ask"
"0.12909","487","2024-05-27T19:01:35.099Z","ask"
"0.1294","138","2024-05-27T19:01:35.099Z","ask"
"0.1296","1000","2024-05-27T19:01:35.099Z","ask"
"0.1298","2016","2024-05-27T19:01:35.099Z","ask"
"0.13","844236","2024-05-27T19:01:35.099Z","ask"
"0.13074","3600","2024-05-27T19:01:35.099Z","ask"
"0.13111","38250","2024-05-27T19:01:35.099Z","ask"
"0.1312","21956","2024-05-27T19:01:35.099Z","ask"
"0.13155","200","2024-05-27T19:01:35.099Z","ask"
"0.13187","12572","2024-05-27T19:01:35.099Z","ask"
"0.13195","2000","2024-05-27T19:01:35.099Z","ask"
"0.13223","117","2024-05-27T19:01:35.099Z","ask"
"0.13253","203","2024-05-27T19:01:35.099Z","ask"
"0.133","200","2024-05-27T19:01:35.099Z","ask"
"0.13355","500","2024-05-27T19:01:35.099Z","ask"
"0.13385","150","2024-05-27T19:01:35.099Z","ask"
"0.1339","969","2024-05-27T19:01:35.099Z","ask"
"0.134","225","2024-05-27T19:01:35.099Z","ask"
"0.1348","60394","2024-05-27T19:01:35.099Z","ask"
"0.135","294451","2024-05-27T19:01:35.099Z","ask"
"0.13514","2098","2024-05-27T19:01:35.099Z","ask"
"0.13579","100","2024-05-27T19:01:35.099Z","ask"
"0.136","107536","2024-05-27T19:01:35.099Z","ask"
"0.13615","1385","2024-05-27T19:01:35.099Z","ask"
"0.1369","200","2024-05-27T19:01:35.099Z","ask"
"0.137","7592","2024-05-27T19:01:35.099Z","ask"
"0.1373","67214","2024-05-27T19:01:35.099Z","ask"
"0.1374","500","2024-05-27T19:01:35.099Z","ask"
"0.1375","6835","2024-05-27T19:01:35.099Z","ask"
"0.13758","400","2024-05-27T19:01:35.099Z","ask"
"0.138","5150","2024-05-27T19:01:35.099Z","ask"
"0.13815","555","2024-05-27T19:01:35.099Z","ask"
"0.13826","615","2024-05-27T19:01:35.099Z","ask"
"0.1385","100","2024-05-27T19:01:35.099Z","ask"
"0.13856","905","2024-05-27T19:01:35.099Z","ask"
"0.1387","330","2024-05-27T19:01:35.099Z","ask"
"0.13885","150","2024-05-27T19:01:35.099Z","ask"
"0.1389","700","2024-05-27T19:01:35.099Z","ask"
"0.139","69671","2024-05-27T19:01:35.099Z","ask"
"0.1395","421","2024-05-27T19:01:35.099Z","ask"
"0.1396","700","2024-05-27T19:01:35.099Z","ask"
"0.13965","65208","2024-05-27T19:01:35.099Z","ask"
"0.13966","71746","2024-05-27T19:01:35.099Z","ask"
"0.1399","131430","2024-05-27T19:01:35.099Z","ask"
"0.14","2069018","2024-05-27T19:01:35.099Z","ask"
"0.14025","36830","2024-05-27T19:01:35.099Z","ask"
"0.14027","83","2024-05-27T19:01:35.099Z","ask"
"0.14031","387","2024-05-27T19:01:35.099Z","ask"
"0.14042","211","2024-05-27T19:01:35.099Z","ask"
"0.1406","17564","2024-05-27T19:01:35.099Z","ask"
"0.141","2500","2024-05-27T19:01:35.099Z","ask"
"0.14125","1200","2024-05-27T19:01:35.099Z","ask"
"0.14131","33","2024-05-27T19:01:35.099Z","ask"
"0.142","438","2024-05-27T19:01:35.099Z","ask"
"0.14306","580","2024-05-27T19:01:35.099Z","ask"
"0.1433","7500","2024-05-27T19:01:35.099Z","ask"
"0.14335","666","2024-05-27T19:01:35.099Z","ask"
"0.1436","333","2024-05-27T19:01:35.099Z","ask"
"0.14376","138","2024-05-27T19:01:35.099Z","ask"
"0.14399","20833","2024-05-27T19:01:35.099Z","ask"
"0.144","116628","2024-05-27T19:01:35.099Z","ask"
"0.14404","294","2024-05-27T19:01:35.099Z","ask"
"0.1444","7346","2024-05-27T19:01:35.099Z","ask"
"0.1445","350","2024-05-27T19:01:35.099Z","ask"
"0.14458","1824","2024-05-27T19:01:35.099Z","ask"
"0.1448","650","2024-05-27T19:01:35.099Z","ask"
"0.14485","150","2024-05-27T19:01:35.099Z","ask"
"0.14499","2589","2024-05-27T19:01:35.099Z","ask"
"0.145","200852","2024-05-27T19:01:35.099Z","ask"
"0.1452","196","2024-05-27T19:01:35.099Z","ask"
"0.1456","113","2024-05-27T19:01:35.099Z","ask"
"0.14599","2191","2024-05-27T19:01:35.099Z","ask"
"0.147","11469","2024-05-27T19:01:35.099Z","ask"
"0.1472","4782","2024-05-27T19:01:35.099Z","ask"
"0.1477","100","2024-05-27T19:01:35.099Z","ask"
"0.148","2000","2024-05-27T19:01:35.099Z","ask"
"0.1489","1000","2024-05-27T19:01:35.099Z","ask"
"0.149","172951","2024-05-27T19:01:35.099Z","ask"
"0.1494","1000","2024-05-27T19:01:35.099Z","ask"
"0.1496","599","2024-05-27T19:01:35.099Z","ask"
"0.1497","826","2024-05-27T19:01:35.099Z","ask"
"0.1498","239","2024-05-27T19:01:35.099Z","ask"
"0.1499","286839","2024-05-27T19:01:35.099Z","ask"
"0.15","7178453","2024-05-27T19:01:35.099Z","ask"
"0.15099","83","2024-05-27T19:01:35.099Z","ask"
"0.15125","150","2024-05-27T19:01:35.099Z","ask"
"0.152","63328","2024-05-27T19:01:35.099Z","ask"
"0.153","200","2024-05-27T19:01:35.099Z","ask"
"0.15346","2598","2024-05-27T19:01:35.099Z","ask"
"0.154","1322","2024-05-27T19:01:35.099Z","ask"
"0.1543","98","2024-05-27T19:01:35.099Z","ask"
"0.15469","175000","2024-05-27T19:01:35.099Z","ask"
"0.1548","85","2024-05-27T19:01:35.099Z","ask"
"0.155","541339","2024-05-27T19:01:35.099Z","ask"
"0.1551","77777","2024-05-27T19:01:35.099Z","ask"
"0.156","1939575","2024-05-27T19:01:35.099Z","ask"
"0.15625","67","2024-05-27T19:01:35.099Z","ask"
"0.1567","10599","2024-05-27T19:01:35.099Z","ask"
"0.15731","16600","2024-05-27T19:01:35.099Z","ask"
"0.1574","342","2024-05-27T19:01:35.099Z","ask"
"0.1577","50100","2024-05-27T19:01:35.099Z","ask"
"0.158","403404","2024-05-27T19:01:35.099Z","ask"
"0.15812","138","2024-05-27T19:01:35.099Z","ask"
"0.1586","2241","2024-05-27T19:01:35.099Z","ask"
"0.1587","84116","2024-05-27T19:01:35.099Z","ask"
"0.1588","1813","2024-05-27T19:01:35.099Z","ask"
"0.15885","150","2024-05-27T19:01:35.099Z","ask"
"0.159","63381","2024-05-27T19:01:35.099Z","ask"
"0.15925","318","2024-05-27T19:01:35.099Z","ask"
"0.1594","130","2024-05-27T19:01:35.099Z","ask"
"0.15947","3658","2024-05-27T19:01:35.099Z","ask"
"0.15964","3585","2024-05-27T19:01:35.099Z","ask"
"0.1597","100","2024-05-27T19:01:35.099Z","ask"
"0.1598","600","2024-05-27T19:01:35.099Z","ask"
"0.1599","89769","2024-05-27T19:01:35.099Z","ask"
"0.15999","178000","2024-05-27T19:01:35.099Z","ask"
"0.16","1228705","2024-05-27T19:01:35.099Z","ask"
"0.1605","1511","2024-05-27T19:01:35.099Z","ask"
"0.16059","400","2024-05-27T19:01:35.099Z","ask"
"0.16082","692","2024-05-27T19:01:35.099Z","ask"
"0.161","5117","2024-05-27T19:01:35.099Z","ask"
"0.1615","6191","2024-05-27T19:01:35.099Z","ask"
"0.162","392132","2024-05-27T19:01:35.099Z","ask"
"0.1625","118829","2024-05-27T19:01:35.099Z","ask"
"0.16254","421020","2024-05-27T19:01:35.099Z","ask"
"0.163","626","2024-05-27T19:01:35.099Z","ask"
"0.16329","185084","2024-05-27T19:01:35.099Z","ask"
"0.1634","2831","2024-05-27T19:01:35.099Z","ask"
"0.1635","101001","2024-05-27T19:01:35.099Z","ask"
"0.16374","83","2024-05-27T19:01:35.099Z","ask"
"0.164","5485","2024-05-27T19:01:35.099Z","ask"
"0.1642","306610","2024-05-27T19:01:35.099Z","ask"
"0.16497","609","2024-05-27T19:01:35.099Z","ask"
"0.165","3389021","2024-05-27T19:01:35.099Z","ask"
"0.16528","60625","2024-05-27T19:01:35.099Z","ask"
"0.1655","10000","2024-05-27T19:01:35.099Z","ask"
"0.1662","263","2024-05-27T19:01:35.099Z","ask"
"0.16641","215","2024-05-27T19:01:35.099Z","ask"
"0.16645","774","2024-05-27T19:01:35.099Z","ask"
"0.1665","300","2024-05-27T19:01:35.099Z","ask"
"0.1666","150","2024-05-27T19:01:35.099Z","ask"
"0.16685","150","2024-05-27T19:01:35.099Z","ask"
"0.16689","3900","2024-05-27T19:01:35.099Z","ask"
"0.1669","654","2024-05-27T19:01:35.099Z","ask"
"0.167","10540","2024-05-27T19:01:35.099Z","ask"
"0.16712","1462","2024-05-27T19:01:35.099Z","ask"
"0.1673","100000","2024-05-27T19:01:35.099Z","ask"
"0.1674","372298","2024-05-27T19:01:35.099Z","ask"
"0.16741","2194","2024-05-27T19:01:35.099Z","ask"
"0.16769","2194","2024-05-27T19:01:35.099Z","ask"
"0.1677","5500","2024-05-27T19:01:35.099Z","ask"
"0.16772","1772","2024-05-27T19:01:35.099Z","ask"
"0.16776","1776","2024-05-27T19:01:35.099Z","ask"
"0.16779","1779","2024-05-27T19:01:35.099Z","ask"
"0.16786","1786","2024-05-27T19:01:35.099Z","ask"
"0.16792","1792","2024-05-27T19:01:35.099Z","ask"
"0.16799","30011","2024-05-27T19:01:35.099Z","ask"
"0.168","253153","2024-05-27T19:01:35.099Z","ask"
"0.16806","1613","2024-05-27T19:01:35.099Z","ask"
"0.16816","31119","2024-05-27T19:01:35.099Z","ask"
"0.16821","1614","2024-05-27T19:01:35.099Z","ask"
"0.1684","15000","2024-05-27T19:01:35.099Z","ask"
"0.16859","487","2024-05-27T19:01:35.099Z","ask"
"0.1687","600000","2024-05-27T19:01:35.099Z","ask"
"0.16886","5850","2024-05-27T19:01:35.099Z","ask"
"0.1689","600","2024-05-27T19:01:35.099Z","ask"
"0.16895","500","2024-05-27T19:01:35.099Z","ask"
"0.169","3150","2024-05-27T19:01:35.099Z","ask"
"0.16926","9243","2024-05-27T19:01:35.099Z","ask"
"0.16927","2006","2024-05-27T19:01:35.099Z","ask"
"0.1697","600","2024-05-27T19:01:35.099Z","ask"
"0.16982","12325","2024-05-27T19:01:35.099Z","ask"
"0.1699","194","2024-05-27T19:01:35.099Z","ask"
"0.17","2039629","2024-05-27T19:01:35.099Z","ask"
"0.17018","2422","2024-05-27T19:01:35.099Z","ask"
"0.17019","4765","2024-05-27T19:01:35.099Z","ask"
"0.17155","100","2024-05-27T19:01:35.099Z","ask"
"0.17165","100","2024-05-27T19:01:35.099Z","ask"
"0.1717","83","2024-05-27T19:01:35.099Z","ask"
"0.1723","164","2024-05-27T19:01:35.099Z","ask"
"0.17248","138","2024-05-27T19:01:35.099Z","ask"
"0.173","430","2024-05-27T19:01:35.099Z","ask"
"0.1733","600","2024-05-27T19:01:35.099Z","ask"
"0.17368","310","2024-05-27T19:01:35.099Z","ask"
"0.1737","5000","2024-05-27T19:01:35.099Z","ask"
"0.1739","584","2024-05-27T19:01:35.099Z","ask"
"0.1746","1671","2024-05-27T19:01:35.099Z","ask"
"0.1747","3047","2024-05-27T19:01:35.099Z","ask"
"0.1748","600","2024-05-27T19:01:35.099Z","ask"
"0.17493","250","2024-05-27T19:01:35.099Z","ask"
"0.175","1098176","2024-05-27T19:01:35.099Z","ask"
"0.17533","228","2024-05-27T19:01:35.099Z","ask"
"0.17555","256","2024-05-27T19:01:35.099Z","ask"
"0.176","5959","2024-05-27T19:01:35.099Z","ask"
"0.177","4668","2024-05-27T19:01:35.099Z","ask"
"0.1771","131111","2024-05-27T19:01:35.099Z","ask"
"0.1774","600","2024-05-27T19:01:35.099Z","ask"
"0.1775","70422","2024-05-27T19:01:35.099Z","ask"
"0.1777","20000","2024-05-27T19:01:35.099Z","ask"
"0.17785","2744","2024-05-27T19:01:35.099Z","ask"
"0.178","79569","2024-05-27T19:01:35.099Z","ask"
"0.1783","606870","2024-05-27T19:01:35.099Z","ask"
"0.1785","120","2024-05-27T19:01:35.099Z","ask"
"0.1789","177","2024-05-27T19:01:35.099Z","ask"
"0.179","129905","2024-05-27T19:01:35.099Z","ask"
"0.17921","2000","2024-05-27T19:01:35.099Z","ask"
"0.1794","600","2024-05-27T19:01:35.099Z","ask"
"0.17947","574","2024-05-27T19:01:35.099Z","ask"
"0.1798","560","2024-05-27T19:01:35.099Z","ask"
"0.1799","100","2024-05-27T19:01:35.099Z","ask"
"0.17999","370","2024-05-27T19:01:35.099Z","ask"
"0.18","890917","2024-05-27T19:01:35.099Z","ask"
"0.181","2450","2024-05-27T19:01:35.099Z","ask"
"0.1812","54959","2024-05-27T19:01:35.099Z","ask"
"0.1816","100","2024-05-27T19:01:35.099Z","ask"
"0.1818","179928","2024-05-27T19:01:35.099Z","ask"
"0.182","15987","2024-05-27T19:01:35.099Z","ask"
"0.18221","307","2024-05-27T19:01:35.099Z","ask"
"0.183","5524","2024-05-27T19:01:35.099Z","ask"
"0.1832","503980","2024-05-27T19:01:35.099Z","ask"
"0.1834","550","2024-05-27T19:01:35.099Z","ask"
"0.1836","1672","2024-05-27T19:01:35.099Z","ask"
"0.18373","3140","2024-05-27T19:01:35.099Z","ask"
"0.1841","25800","2024-05-27T19:01:35.099Z","ask"
"0.1844","2688","2024-05-27T19:01:35.099Z","ask"
"0.18482","200","2024-05-27T19:01:35.099Z","ask"
"0.18484","167","2024-05-27T19:01:35.099Z","ask"
"0.185","555728","2024-05-27T19:01:35.099Z","ask"
"0.1859","540","2024-05-27T19:01:35.099Z","ask"
"0.186","1453","2024-05-27T19:01:35.099Z","ask"
"0.18684","138","2024-05-27T19:01:35.099Z","ask"
"0.18785","150","2024-05-27T19:01:35.099Z","ask"
"0.188","53391","2024-05-27T19:01:35.099Z","ask"
"0.1881","111111","2024-05-27T19:01:35.099Z","ask"
"0.1884","535","2024-05-27T19:01:35.099Z","ask"
"0.1889","4101","2024-05-27T19:01:35.099Z","ask"
"0.189","52927","2024-05-27T19:01:35.099Z","ask"
"0.18944","500","2024-05-27T19:01:35.099Z","ask"
"0.19","451273","2024-05-27T19:01:35.099Z","ask"
"0.19053","436","2024-05-27T19:01:35.099Z","ask"
"0.191","500","2024-05-27T19:01:35.099Z","ask"
"0.1911","154","2024-05-27T19:01:35.099Z","ask"
"0.1914","100","2024-05-27T19:01:35.099Z","ask"
"0.19185","289","2024-05-27T19:01:35.099Z","ask"
"0.192","200","2024-05-27T19:01:35.099Z","ask"
"0.19246","55466","2024-05-27T19:01:35.099Z","ask"
"0.1928","10520","2024-05-27T19:01:35.099Z","ask"
"0.1938","1500","2024-05-27T19:01:35.099Z","ask"
"0.1948","2000","2024-05-27T19:01:35.099Z","ask"
"0.195","352625","2024-05-27T19:01:35.099Z","ask"
"0.1954","260","2024-05-27T19:01:35.099Z","ask"
"0.196","397","2024-05-27T19:01:35.099Z","ask"
"0.1961","480","2024-05-27T19:01:35.099Z","ask"
"0.197","4677","2024-05-27T19:01:35.099Z","ask"
"0.1973","33607","2024-05-27T19:01:35.099Z","ask"
"0.1985","100","2024-05-27T19:01:35.099Z","ask"
"0.1987","123","2024-05-27T19:01:35.099Z","ask"
"0.1989","510","2024-05-27T19:01:35.099Z","ask"
"0.199","4110","2024-05-27T19:01:35.099Z","ask"
"0.19935","150","2024-05-27T19:01:35.099Z","ask"
"0.1995","500","2024-05-27T19:01:35.099Z","ask"
"0.1997","83","2024-05-27T19:01:35.099Z","ask"
"0.1998","521","2024-05-27T19:01:35.099Z","ask"
"0.1999","6101","2024-05-27T19:01:35.099Z","ask"
"0.19998","12186","2024-05-27T19:01:35.099Z","ask"
"0.19999","583","2024-05-27T19:01:35.099Z","ask"
"0.2","2489792","2024-05-27T19:01:35.099Z","ask"
"0.201","10000","2024-05-27T19:01:35.099Z","ask"
"0.20111","400","2024-05-27T19:01:35.099Z","ask"
"0.2012","138","2024-05-27T19:01:35.099Z","ask"
"0.20198","100","2024-05-27T19:01:35.099Z","ask"
"0.2028","738","2024-05-27T19:01:35.099Z","ask"
"0.20471","319","2024-05-27T19:01:35.099Z","ask"
"0.205","156","2024-05-27T19:01:35.099Z","ask"
"0.20552","100","2024-05-27T19:01:35.099Z","ask"
"0.207","24727","2024-05-27T19:01:35.099Z","ask"
"0.2085","240","2024-05-27T19:01:35.099Z","ask"
"0.209","100","2024-05-27T19:01:35.099Z","ask"
"0.21","275673","2024-05-27T19:01:35.099Z","ask"
"0.2118","886","2024-05-27T19:01:35.099Z","ask"
"0.21204","100","2024-05-27T19:01:35.099Z","ask"
"0.2121","111111","2024-05-27T19:01:35.099Z","ask"
"0.2125","616","2024-05-27T19:01:35.099Z","ask"
"0.21285","100","2024-05-27T19:01:35.099Z","ask"
"0.213","235","2024-05-27T19:01:35.099Z","ask"
"0.21325","394","2024-05-27T19:01:35.099Z","ask"
"0.2147","256","2024-05-27T19:01:35.099Z","ask"
"0.21478","425","2024-05-27T19:01:35.099Z","ask"
"0.215","4000","2024-05-27T19:01:35.099Z","ask"
"0.21556","138","2024-05-27T19:01:35.099Z","ask"
"0.2172","400","2024-05-27T19:01:35.099Z","ask"
"0.2173","71795","2024-05-27T19:01:35.099Z","ask"
"0.218","230","2024-05-27T19:01:35.099Z","ask"
"0.21818","138","2024-05-27T19:01:35.099Z","ask"
"0.22","617811","2024-05-27T19:01:35.099Z","ask"
"0.221","484","2024-05-27T19:01:35.099Z","ask"
"0.22197","100","2024-05-27T19:01:35.099Z","ask"
"0.222","626","2024-05-27T19:01:35.099Z","ask"
"0.2222","2907","2024-05-27T19:01:35.099Z","ask"
"0.22264","167","2024-05-27T19:01:35.099Z","ask"
"0.22404","262","2024-05-27T19:01:35.099Z","ask"
"0.225","6528","2024-05-27T19:01:35.099Z","ask"
"0.226","300","2024-05-27T19:01:35.099Z","ask"
"0.22785","100","2024-05-27T19:01:35.099Z","ask"
"0.2285","100","2024-05-27T19:01:35.099Z","ask"
"0.229","2898","2024-05-27T19:01:35.099Z","ask"
"0.2295","456755","2024-05-27T19:01:35.099Z","ask"
"0.22999","85","2024-05-27T19:01:35.099Z","ask"
"0.23","207624","2024-05-27T19:01:35.099Z","ask"
"0.2332","111111","2024-05-27T19:01:35.099Z","ask"
"0.234","43658","2024-05-27T19:01:35.099Z","ask"
"0.235","119123","2024-05-27T19:01:35.099Z","ask"
"0.23645","505","2024-05-27T19:01:35.099Z","ask"
"0.23724","60804","2024-05-27T19:01:35.099Z","ask"
"0.2373","33607","2024-05-27T19:01:35.099Z","ask"
"0.2384","83","2024-05-27T19:01:35.099Z","ask"
"0.2389","638","2024-05-27T19:01:35.099Z","ask"
"0.239","36700","2024-05-27T19:01:35.099Z","ask"
"0.23949","100","2024-05-27T19:01:35.099Z","ask"
"0.24","408286","2024-05-27T19:01:35.099Z","ask"
"0.24199","200","2024-05-27T19:01:35.099Z","ask"
"0.243","7000","2024-05-27T19:01:35.099Z","ask"
"0.2432","111","2024-05-27T19:01:35.099Z","ask"
"0.24321","650","2024-05-27T19:01:35.099Z","ask"
"0.24385","100","2024-05-27T19:01:35.099Z","ask"
"0.244","6147","2024-05-27T19:01:35.099Z","ask"
"0.2444","924","2024-05-27T19:01:35.099Z","ask"
"0.245","11236","2024-05-27T19:01:35.099Z","ask"
"0.24612","319","2024-05-27T19:01:35.099Z","ask"
"0.2485","8198","2024-05-27T19:01:35.099Z","ask"
"0.2489","1200","2024-05-27T19:01:35.099Z","ask"
"0.2495","250276","2024-05-27T19:01:35.099Z","ask"
"0.24984","10000","2024-05-27T19:01:35.099Z","ask"
"0.25","1016580","2024-05-27T19:01:35.099Z","ask"
"0.253","90","2024-05-27T19:01:35.099Z","ask"
"0.255","433778","2024-05-27T19:01:35.099Z","ask"
"0.2552","111111","2024-05-27T19:01:35.099Z","ask"
"0.256","300","2024-05-27T19:01:35.099Z","ask"
"0.258","99","2024-05-27T19:01:35.099Z","ask"
"0.2582","168","2024-05-27T19:01:35.099Z","ask"
"0.25878","1937","2024-05-27T19:01:35.099Z","ask"
"0.26","355237","2024-05-27T19:01:35.099Z","ask"
"0.2606","3373","2024-05-27T19:01:35.099Z","ask"
"0.26185","100","2024-05-27T19:01:35.099Z","ask"
"0.26198","200","2024-05-27T19:01:35.099Z","ask"
"0.263","38441","2024-05-27T19:01:35.099Z","ask"
"0.266","87","2024-05-27T19:01:35.099Z","ask"
"0.2685","100","2024-05-27T19:01:35.099Z","ask"
"0.27","457940","2024-05-27T19:01:35.099Z","ask"
"0.2707","13295","2024-05-27T19:01:35.099Z","ask"
"0.27346","100","2024-05-27T19:01:35.099Z","ask"
"0.2748","400","2024-05-27T19:01:35.099Z","ask"
"0.2758","336","2024-05-27T19:01:35.099Z","ask"
"0.277","200","2024-05-27T19:01:35.099Z","ask"
"0.2772","111111","2024-05-27T19:01:35.099Z","ask"
"0.279","86","2024-05-27T19:01:35.099Z","ask"
"0.03906","1400","2024-05-27T19:01:35.098Z","ask"
"0.03908","2000","2024-05-27T19:01:35.098Z","ask"
"0.03909","8000","2024-05-27T19:01:35.098Z","ask"
"0.0391","4400","2024-05-27T19:01:35.098Z","ask"
"0.03915","4300","2024-05-27T19:01:35.098Z","ask"
"0.03919","60234","2024-05-27T19:01:35.098Z","ask"
"0.0392","5600","2024-05-27T19:01:35.098Z","ask"
"0.03923","29785","2024-05-27T19:01:35.098Z","ask"
"0.0393","100","2024-05-27T19:01:35.098Z","ask"
"0.03934","46482","2024-05-27T19:01:35.098Z","ask"
"0.03935","415307","2024-05-27T19:01:35.098Z","ask"
"0.03939","100","2024-05-27T19:01:35.098Z","ask"
"0.0394","100","2024-05-27T19:01:35.098Z","ask"
"0.03947","1006","2024-05-27T19:01:35.098Z","ask"
"0.0395","100","2024-05-27T19:01:35.098Z","ask"
"0.03951","2012","2024-05-27T19:01:35.098Z","ask"
"0.03958","4024","2024-05-27T19:01:35.098Z","ask"
"0.03959","1030","2024-05-27T19:01:35.098Z","ask"
"0.0396","100","2024-05-27T19:01:35.098Z","ask"
"0.03967","864","2024-05-27T19:01:35.098Z","ask"
"0.03968","72064","2024-05-27T19:01:35.098Z","ask"
"0.03969","2359","2024-05-27T19:01:35.098Z","ask"
"0.0397","20583","2024-05-27T19:01:35.098Z","ask"
"0.03973","8047","2024-05-27T19:01:35.098Z","ask"
"0.0398","200","2024-05-27T19:01:35.098Z","ask"
"0.03989","17224","2024-05-27T19:01:35.098Z","ask"
"0.0399","10130","2024-05-27T19:01:35.098Z","ask"
"0.03996","232202","2024-05-27T19:01:35.098Z","ask"
"0.03997","83287","2024-05-27T19:01:35.098Z","ask"
"0.03998","415231","2024-05-27T19:01:35.098Z","ask"
"0.03999","362401","2024-05-27T19:01:35.098Z","ask"
"0.04","539298","2024-05-27T19:01:35.098Z","ask"
"0.04004","913","2024-05-27T19:01:35.098Z","ask"
"0.04005","658","2024-05-27T19:01:35.098Z","ask"
"0.04008","10241","2024-05-27T19:01:35.098Z","ask"
"0.04009","10774","2024-05-27T19:01:35.098Z","ask"
"0.0401","8025","2024-05-27T19:01:35.098Z","ask"
"0.04013","41121","2024-05-27T19:01:35.098Z","ask"
"0.04014","500","2024-05-27T19:01:35.098Z","ask"
"0.04015","1273","2024-05-27T19:01:35.098Z","ask"
"0.04017","12628","2024-05-27T19:01:35.098Z","ask"
"0.04019","8698","2024-05-27T19:01:35.098Z","ask"
"0.0402","19826","2024-05-27T19:01:35.098Z","ask"
"0.04021","655","2024-05-27T19:01:35.098Z","ask"
"0.04022","13792","2024-05-27T19:01:35.098Z","ask"
"0.04023","5016","2024-05-27T19:01:35.098Z","ask"
"0.04024","64087","2024-05-27T19:01:35.098Z","ask"
"0.04025","31195","2024-05-27T19:01:35.098Z","ask"
"0.04029","800","2024-05-27T19:01:35.098Z","ask"
"0.0403","22986","2024-05-27T19:01:35.098Z","ask"
"0.04033","3890","2024-05-27T19:01:35.098Z","ask"
"0.04039","30","2024-05-27T19:01:35.098Z","ask"
"0.0404","100","2024-05-27T19:01:35.098Z","ask"
"0.04045","1670","2024-05-27T19:01:35.098Z","ask"
"0.0405","18958","2024-05-27T19:01:35.098Z","ask"
"0.04055","2781","2024-05-27T19:01:35.098Z","ask"
"0.04057","20807","2024-05-27T19:01:35.098Z","ask"
"0.04058","1694","2024-05-27T19:01:35.098Z","ask"
"0.0406","11552","2024-05-27T19:01:35.098Z","ask"
"0.04061","1894","2024-05-27T19:01:35.098Z","ask"
"0.04064","900","2024-05-27T19:01:35.098Z","ask"
"0.04066","1629","2024-05-27T19:01:35.098Z","ask"
"0.0407","13352","2024-05-27T19:01:35.098Z","ask"
"0.04071","792","2024-05-27T19:01:35.098Z","ask"
"0.04073","1255","2024-05-27T19:01:35.098Z","ask"
"0.04075","10674","2024-05-27T19:01:35.098Z","ask"
"0.04077","1773","2024-05-27T19:01:35.098Z","ask"
"0.04079","7779","2024-05-27T19:01:35.098Z","ask"
"0.0408","446639","2024-05-27T19:01:35.098Z","ask"
"0.04083","1420","2024-05-27T19:01:35.098Z","ask"
"0.04085","20000","2024-05-27T19:01:35.098Z","ask"
"0.0409","100","2024-05-27T19:01:35.098Z","ask"
"0.04092","4479","2024-05-27T19:01:35.098Z","ask"
"0.04096","698","2024-05-27T19:01:35.098Z","ask"
"0.041","1079335","2024-05-27T19:01:35.098Z","ask"
"0.04101","100","2024-05-27T19:01:35.098Z","ask"
"0.0411","100","2024-05-27T19:01:35.098Z","ask"
"0.04115","5217","2024-05-27T19:01:35.098Z","ask"
"0.04117","7761","2024-05-27T19:01:35.098Z","ask"
"0.04119","683","2024-05-27T19:01:35.098Z","ask"
"0.0412","117677","2024-05-27T19:01:35.098Z","ask"
"0.04121","29","2024-05-27T19:01:35.098Z","ask"
"0.04125","2705","2024-05-27T19:01:35.098Z","ask"
"0.04126","1306","2024-05-27T19:01:35.098Z","ask"
"0.04127","1081","2024-05-27T19:01:35.098Z","ask"
"0.0413","100","2024-05-27T19:01:35.098Z","ask"
"0.04132","1237","2024-05-27T19:01:35.098Z","ask"
"0.04134","12786","2024-05-27T19:01:35.098Z","ask"
"0.04135","1278","2024-05-27T19:01:35.098Z","ask"
"0.04136","2605","2024-05-27T19:01:35.098Z","ask"
"0.04137","675","2024-05-27T19:01:35.098Z","ask"
"0.04138","1747","2024-05-27T19:01:35.098Z","ask"
"0.0414","38855","2024-05-27T19:01:35.098Z","ask"
"0.04141","7664","2024-05-27T19:01:35.098Z","ask"
"0.0415","42401","2024-05-27T19:01:35.098Z","ask"
"0.04151","3421","2024-05-27T19:01:35.098Z","ask"
"0.04154","3557","2024-05-27T19:01:35.098Z","ask"
"0.04156","120270","2024-05-27T19:01:35.098Z","ask"
"0.04158","3650","2024-05-27T19:01:35.098Z","ask"
"0.04159","2593","2024-05-27T19:01:35.098Z","ask"
"0.0416","100","2024-05-27T19:01:35.098Z","ask"
"0.04162","3650","2024-05-27T19:01:35.098Z","ask"
"0.04163","29","2024-05-27T19:01:35.098Z","ask"
"0.04166","3763","2024-05-27T19:01:35.098Z","ask"
"0.0417","100","2024-05-27T19:01:35.098Z","ask"
"0.0418","22161","2024-05-27T19:01:35.098Z","ask"
"0.04182","673","2024-05-27T19:01:35.098Z","ask"
"0.04188","873","2024-05-27T19:01:35.098Z","ask"
"0.0419","699786","2024-05-27T19:01:35.098Z","ask"
"0.04193","79754","2024-05-27T19:01:35.098Z","ask"
"0.04194","10372","2024-05-27T19:01:35.098Z","ask"
"0.04195","1918","2024-05-27T19:01:35.098Z","ask"
"0.04196","314","2024-05-27T19:01:35.098Z","ask"
"0.04197","13856","2024-05-27T19:01:35.098Z","ask"
"0.042","1093576","2024-05-27T19:01:35.098Z","ask"
"0.04201","1004","2024-05-27T19:01:35.098Z","ask"
"0.04203","7550","2024-05-27T19:01:35.098Z","ask"
"0.0421","100","2024-05-27T19:01:35.098Z","ask"
"0.04211","2128","2024-05-27T19:01:35.098Z","ask"
"0.04213","30177","2024-05-27T19:01:35.098Z","ask"
"0.04219","662","2024-05-27T19:01:35.098Z","ask"
"0.0422","100","2024-05-27T19:01:35.098Z","ask"
"0.04223","24","2024-05-27T19:01:35.098Z","ask"
"0.04225","8","2024-05-27T19:01:35.098Z","ask"
"0.04226","54","2024-05-27T19:01:35.098Z","ask"
"0.04227","639","2024-05-27T19:01:35.098Z","ask"
"0.0423","100","2024-05-27T19:01:35.098Z","ask"
"0.04233","21","2024-05-27T19:01:35.098Z","ask"
"0.0424","48637","2024-05-27T19:01:35.098Z","ask"
"0.04241","28","2024-05-27T19:01:35.098Z","ask"
"0.04242","61009","2024-05-27T19:01:35.098Z","ask"
"0.04245","663","2024-05-27T19:01:35.098Z","ask"
"0.04247","15","2024-05-27T19:01:35.098Z","ask"
"0.04249","10014","2024-05-27T19:01:35.098Z","ask"
"0.0425","435329","2024-05-27T19:01:35.098Z","ask"
"0.04253","71","2024-05-27T19:01:35.098Z","ask"
"0.04254","1201","2024-05-27T19:01:35.098Z","ask"
"0.04255","10223","2024-05-27T19:01:35.098Z","ask"
"0.0426","100","2024-05-27T19:01:35.098Z","ask"
"0.04263","1695","2024-05-27T19:01:35.098Z","ask"
"0.04266","547","2024-05-27T19:01:35.098Z","ask"
"0.0427","55409","2024-05-27T19:01:35.098Z","ask"
"0.04272","2098","2024-05-27T19:01:35.098Z","ask"
"0.0428","24540","2024-05-27T19:01:35.098Z","ask"
"0.04285","6500","2024-05-27T19:01:35.098Z","ask"
"0.0429","2020202","2024-05-27T19:01:35.098Z","ask"
"0.043","318866","2024-05-27T19:01:35.098Z","ask"
"0.04303","649","2024-05-27T19:01:35.098Z","ask"
"0.04304","665","2024-05-27T19:01:35.098Z","ask"
"0.04305","1347","2024-05-27T19:01:35.098Z","ask"
"0.04308","653","2024-05-27T19:01:35.098Z","ask"
"0.0431","7100","2024-05-27T19:01:35.098Z","ask"
"0.04315","848","2024-05-27T19:01:35.098Z","ask"
"0.04317","748","2024-05-27T19:01:35.098Z","ask"
"0.04318","138","2024-05-27T19:01:35.098Z","ask"
"0.0432","100","2024-05-27T19:01:35.098Z","ask"
"0.04328","5457","2024-05-27T19:01:35.098Z","ask"
"0.0433","100","2024-05-27T19:01:35.098Z","ask"
"0.04333","2068","2024-05-27T19:01:35.098Z","ask"
"0.0434","22978","2024-05-27T19:01:35.098Z","ask"
"0.04341","2195","2024-05-27T19:01:35.098Z","ask"
"0.04343","39697","2024-05-27T19:01:35.098Z","ask"
"0.04348","610","2024-05-27T19:01:35.098Z","ask"
"0.0435","221330","2024-05-27T19:01:35.098Z","ask"
"0.04356","70","2024-05-27T19:01:35.098Z","ask"
"0.0436","100","2024-05-27T19:01:35.098Z","ask"
"0.04364","30","2024-05-27T19:01:35.098Z","ask"
"0.0437","7662","2024-05-27T19:01:35.098Z","ask"
"0.04374","643","2024-05-27T19:01:35.098Z","ask"
"0.04377","10000","2024-05-27T19:01:35.098Z","ask"
"0.04378","1500","2024-05-27T19:01:35.098Z","ask"
"0.04379","835","2024-05-27T19:01:35.098Z","ask"
"0.0438","10031","2024-05-27T19:01:35.098Z","ask"
"0.04383","235","2024-05-27T19:01:35.098Z","ask"
"0.04387","637","2024-05-27T19:01:35.098Z","ask"
"0.0439","118156","2024-05-27T19:01:35.098Z","ask"
"0.04395","2039","2024-05-27T19:01:35.098Z","ask"
"0.044","658779","2024-05-27T19:01:35.098Z","ask"
"0.0441","100","2024-05-27T19:01:35.098Z","ask"
"0.04411","649","2024-05-27T19:01:35.098Z","ask"
"0.0442","1412","2024-05-27T19:01:35.098Z","ask"
"0.04424","100","2024-05-27T19:01:35.098Z","ask"
"0.04435","350","2024-05-27T19:01:35.098Z","ask"
"0.0444","252583","2024-05-27T19:01:35.098Z","ask"
"0.04443","96370","2024-05-27T19:01:35.098Z","ask"
"0.04444","24387","2024-05-27T19:01:35.098Z","ask"
"0.04445","823","2024-05-27T19:01:35.098Z","ask"
"0.0445","219277","2024-05-27T19:01:35.098Z","ask"
"0.04465","77473","2024-05-27T19:01:35.098Z","ask"
"0.0447","2250","2024-05-27T19:01:35.098Z","ask"
"0.04474","624","2024-05-27T19:01:35.098Z","ask"
"0.0448","358","2024-05-27T19:01:35.098Z","ask"
"0.04481","586","2024-05-27T19:01:35.098Z","ask"
"0.0449","388564","2024-05-27T19:01:35.098Z","ask"
"0.04498","10000","2024-05-27T19:01:35.098Z","ask"
"0.045","1105476","2024-05-27T19:01:35.098Z","ask"
"0.04501","224","2024-05-27T19:01:35.098Z","ask"
"0.04507","624","2024-05-27T19:01:35.098Z","ask"
"0.0451","9645","2024-05-27T19:01:35.098Z","ask"
"0.04512","811","2024-05-27T19:01:35.098Z","ask"
"0.04519","3092","2024-05-27T19:01:35.098Z","ask"
"0.0452","3169","2024-05-27T19:01:35.098Z","ask"
"0.04522","633","2024-05-27T19:01:35.098Z","ask"
"0.04533","1107","2024-05-27T19:01:35.098Z","ask"
"0.04538","1278","2024-05-27T19:01:35.098Z","ask"
"0.04544","243","2024-05-27T19:01:35.098Z","ask"
"0.0455","372362","2024-05-27T19:01:35.098Z","ask"
"0.04555","9997","2024-05-27T19:01:35.098Z","ask"
"0.04557","1641","2024-05-27T19:01:35.098Z","ask"
"0.04563","612","2024-05-27T19:01:35.098Z","ask"
"0.04575","615","2024-05-27T19:01:35.098Z","ask"
"0.0458","798","2024-05-27T19:01:35.098Z","ask"
"0.0459","2160","2024-05-27T19:01:35.098Z","ask"
"0.04597","1095","2024-05-27T19:01:35.098Z","ask"
"0.046","773016","2024-05-27T19:01:35.098Z","ask"
"0.04608","2804","2024-05-27T19:01:35.098Z","ask"
"0.04619","612","2024-05-27T19:01:35.098Z","ask"
"0.04628","6200","2024-05-27T19:01:35.098Z","ask"
"0.04636","617","2024-05-27T19:01:35.098Z","ask"
"0.04642","8349","2024-05-27T19:01:35.098Z","ask"
"0.04644","691384","2024-05-27T19:01:35.098Z","ask"
"0.04645","275500","2024-05-27T19:01:35.098Z","ask"
"0.04649","787","2024-05-27T19:01:35.098Z","ask"
"0.0465","300481","2024-05-27T19:01:35.098Z","ask"
"0.04659","1245","2024-05-27T19:01:35.098Z","ask"
"0.04666","46616","2024-05-27T19:01:35.098Z","ask"
"0.0468","5924","2024-05-27T19:01:35.098Z","ask"
"0.04685","300","2024-05-27T19:01:35.098Z","ask"
"0.047","226726","2024-05-27T19:01:35.098Z","ask"
"0.0471","5000","2024-05-27T19:01:35.098Z","ask"
"0.04713","217143","2024-05-27T19:01:35.098Z","ask"
"0.04715","24111","2024-05-27T19:01:35.098Z","ask"
"0.04716","177","2024-05-27T19:01:35.098Z","ask"
"0.04719","775","2024-05-27T19:01:35.098Z","ask"
"0.0472","212340","2024-05-27T19:01:35.098Z","ask"
"0.0475","316753","2024-05-27T19:01:35.098Z","ask"
"0.04751","602","2024-05-27T19:01:35.098Z","ask"
"0.0476","12730","2024-05-27T19:01:35.098Z","ask"
"0.04777","4000","2024-05-27T19:01:35.098Z","ask"
"0.04778","1809","2024-05-27T19:01:35.098Z","ask"
"0.04779","1213","2024-05-27T19:01:35.098Z","ask"
"0.0478","2105","2024-05-27T19:01:35.098Z","ask"
"0.04786","588","2024-05-27T19:01:35.098Z","ask"
"0.04788","10000","2024-05-27T19:01:35.098Z","ask"
"0.0479","2007633","2024-05-27T19:01:35.098Z","ask"
"0.04792","3392","2024-05-27T19:01:35.098Z","ask"
"0.04799","205351","2024-05-27T19:01:35.098Z","ask"
"0.048","363554","2024-05-27T19:01:35.098Z","ask"
"0.04801","2207","2024-05-27T19:01:35.098Z","ask"
"0.04838","518084","2024-05-27T19:01:35.098Z","ask"
"0.04848","7500","2024-05-27T19:01:35.098Z","ask"
"0.0485","205081","2024-05-27T19:01:35.098Z","ask"
"0.04858","579","2024-05-27T19:01:35.098Z","ask"
"0.04862","752","2024-05-27T19:01:35.098Z","ask"
"0.0487","587","2024-05-27T19:01:35.098Z","ask"
"0.04875","100571","2024-05-27T19:01:35.098Z","ask"
"0.0488","101000","2024-05-27T19:01:35.098Z","ask"
"0.04888","72525","2024-05-27T19:01:35.098Z","ask"
"0.04889","1850","2024-05-27T19:01:35.098Z","ask"
"0.0489","49381","2024-05-27T19:01:35.098Z","ask"
"0.049","1217223","2024-05-27T19:01:35.098Z","ask"
"0.04903","1183","2024-05-27T19:01:35.098Z","ask"
"0.0491","198867","2024-05-27T19:01:35.098Z","ask"
"0.0493","123231","2024-05-27T19:01:35.098Z","ask"
"0.04931","570","2024-05-27T19:01:35.098Z","ask"
"0.04935","1669","2024-05-27T19:01:35.098Z","ask"
"0.04939","2929","2024-05-27T19:01:35.098Z","ask"
"0.04943","447","2024-05-27T19:01:35.098Z","ask"
"0.04946","1116","2024-05-27T19:01:35.098Z","ask"
"0.04947","156931","2024-05-27T19:01:35.098Z","ask"
"0.0495","200000","2024-05-27T19:01:35.098Z","ask"
"0.04965","5661","2024-05-27T19:01:35.098Z","ask"
"0.04966","528825","2024-05-27T19:01:35.098Z","ask"
"0.0497","32937","2024-05-27T19:01:35.098Z","ask"
"0.0498","203176","2024-05-27T19:01:35.098Z","ask"
"0.0499","518084","2024-05-27T19:01:35.098Z","ask"
"0.04991","1014","2024-05-27T19:01:35.098Z","ask"
"0.04992","573","2024-05-27T19:01:35.098Z","ask"
"0.04998","1517","2024-05-27T19:01:35.098Z","ask"
"0.04999","244030","2024-05-27T19:01:35.098Z","ask"
"0.05","1582767","2024-05-27T19:01:35.098Z","ask"
"0.05004","3571","2024-05-27T19:01:35.098Z","ask"
"0.05006","623","2024-05-27T19:01:35.098Z","ask"
"0.0501","730","2024-05-27T19:01:35.098Z","ask"
"0.05015","1036","2024-05-27T19:01:35.098Z","ask"
"0.0503","1153","2024-05-27T19:01:35.098Z","ask"
"0.05036","138","2024-05-27T19:01:35.098Z","ask"
"0.05078","2500","2024-05-27T19:01:35.098Z","ask"
"0.05082","553","2024-05-27T19:01:35.098Z","ask"
"0.05085","719","2024-05-27T19:01:35.098Z","ask"
"0.05086","10000","2024-05-27T19:01:35.098Z","ask"
"0.051","30000","2024-05-27T19:01:35.098Z","ask"
"0.05106","2022","2024-05-27T19:01:35.098Z","ask"
"0.05113","35139","2024-05-27T19:01:35.098Z","ask"
"0.05117","559","2024-05-27T19:01:35.098Z","ask"
"0.05126","155071","2024-05-27T19:01:35.098Z","ask"
"0.0514","2009","2024-05-27T19:01:35.098Z","ask"
"0.05152","4294","2024-05-27T19:01:35.098Z","ask"
"0.05158","545","2024-05-27T19:01:35.098Z","ask"
"0.05161","1123","2024-05-27T19:01:35.098Z","ask"
"0.05162","708","2024-05-27T19:01:35.098Z","ask"
"0.05175","1574","2024-05-27T19:01:35.098Z","ask"
"0.0518","1950","2024-05-27T19:01:35.098Z","ask"
"0.05185","2083","2024-05-27T19:01:35.098Z","ask"
"0.05196","985971","2024-05-27T19:01:35.098Z","ask"
"0.05198","10000","2024-05-27T19:01:35.098Z","ask"
"0.052","462067","2024-05-27T19:01:35.098Z","ask"
"0.0521","20000","2024-05-27T19:01:35.098Z","ask"
"0.0522","6280","2024-05-27T19:01:35.098Z","ask"
"0.0523","93262","2024-05-27T19:01:35.098Z","ask"
"0.05233","2000","2024-05-27T19:01:35.098Z","ask"
"0.05234","2560","2024-05-27T19:01:35.098Z","ask"
"0.05236","537","2024-05-27T19:01:35.098Z","ask"
"0.05239","698","2024-05-27T19:01:35.098Z","ask"
"0.05244","545","2024-05-27T19:01:35.098Z","ask"
"0.0525","32465","2024-05-27T19:01:35.098Z","ask"
"0.05255","43571","2024-05-27T19:01:35.098Z","ask"
"0.05259","30623","2024-05-27T19:01:35.098Z","ask"
"0.05286","49606","2024-05-27T19:01:35.098Z","ask"
"0.05288","510","2024-05-27T19:01:35.098Z","ask"
"0.05295","1095","2024-05-27T19:01:35.098Z","ask"
"0.053","1016864","2024-05-27T19:01:35.098Z","ask"
"0.05316","529","2024-05-27T19:01:35.098Z","ask"
"0.05318","23769","2024-05-27T19:01:35.098Z","ask"
"0.05319","4700","2024-05-27T19:01:35.098Z","ask"
"0.0532","10016","2024-05-27T19:01:35.098Z","ask"
"0.05321","2666","2024-05-27T19:01:35.098Z","ask"
"0.05324","1051","2024-05-27T19:01:35.098Z","ask"
"0.05327","14682","2024-05-27T19:01:35.098Z","ask"
"0.05344","2000","2024-05-27T19:01:35.098Z","ask"
"0.0535","1159337","2024-05-27T19:01:35.098Z","ask"
"0.0536","50432","2024-05-27T19:01:35.098Z","ask"
"0.05368","17000","2024-05-27T19:01:35.098Z","ask"
"0.0537","72000","2024-05-27T19:01:35.098Z","ask"
"0.05375","532","2024-05-27T19:01:35.098Z","ask"
"0.0538","51000","2024-05-27T19:01:35.098Z","ask"
"0.05395","10000","2024-05-27T19:01:35.098Z","ask"
"0.05396","9521","2024-05-27T19:01:35.098Z","ask"
"0.05399","677","2024-05-27T19:01:35.098Z","ask"
"0.054","1128055","2024-05-27T19:01:35.098Z","ask"
"0.05405","2404","2024-05-27T19:01:35.098Z","ask"
"0.05407","1500","2024-05-27T19:01:35.098Z","ask"
"0.0541","59242","2024-05-27T19:01:35.098Z","ask"
"0.05415","31734","2024-05-27T19:01:35.098Z","ask"
"0.0542","50000","2024-05-27T19:01:35.098Z","ask"
"0.05432","1067","2024-05-27T19:01:35.098Z","ask"
"0.05435","383","2024-05-27T19:01:35.098Z","ask"
"0.0545","12425","2024-05-27T19:01:35.098Z","ask"
"0.05458","2661","2024-05-27T19:01:35.098Z","ask"
"0.05459","4049","2024-05-27T19:01:35.098Z","ask"
"0.0546","1900","2024-05-27T19:01:35.098Z","ask"
"0.05478","513","2024-05-27T19:01:35.098Z","ask"
"0.05481","667","2024-05-27T19:01:35.098Z","ask"
"0.05488","250","2024-05-27T19:01:35.098Z","ask"
"0.0549","21336","2024-05-27T19:01:35.098Z","ask"
"0.05498","10000","2024-05-27T19:01:35.098Z","ask"
"0.055","1071254","2024-05-27T19:01:35.098Z","ask"
"0.05505","18511","2024-05-27T19:01:35.098Z","ask"
"0.05506","698","2024-05-27T19:01:35.098Z","ask"
"0.0551","1356","2024-05-27T19:01:35.098Z","ask"
"0.05511","519","2024-05-27T19:01:35.098Z","ask"
"0.0552","83","2024-05-27T19:01:35.098Z","ask"
"0.05531","915","2024-05-27T19:01:35.098Z","ask"
"0.05535","11611","2024-05-27T19:01:35.098Z","ask"
"0.0555","754518","2024-05-27T19:01:35.098Z","ask"
"0.05555","33236","2024-05-27T19:01:35.098Z","ask"
"0.05557","7378","2024-05-27T19:01:35.098Z","ask"
"0.05561","506","2024-05-27T19:01:35.098Z","ask"
"0.05564","657","2024-05-27T19:01:35.098Z","ask"
"0.05565","65295","2024-05-27T19:01:35.098Z","ask"
"0.05573","1040","2024-05-27T19:01:35.098Z","ask"
"0.05575","512","2024-05-27T19:01:35.098Z","ask"
"0.05576","29582","2024-05-27T19:01:35.098Z","ask"
"0.05588","449","2024-05-27T19:01:35.098Z","ask"
"0.05595","3646","2024-05-27T19:01:35.098Z","ask"
"0.056","467637","2024-05-27T19:01:35.098Z","ask"
"0.05602","716","2024-05-27T19:01:35.098Z","ask"
"0.05644","498","2024-05-27T19:01:35.098Z","ask"
"0.05647","647","2024-05-27T19:01:35.098Z","ask"
"0.05648","506","2024-05-27T19:01:35.098Z","ask"
"0.0567","283","2024-05-27T19:01:35.098Z","ask"
"0.05685","300","2024-05-27T19:01:35.098Z","ask"
"0.0569","4393","2024-05-27T19:01:35.098Z","ask"
"0.05699","159","2024-05-27T19:01:35.098Z","ask"
"0.057","114866","2024-05-27T19:01:35.098Z","ask"
"0.0571","265","2024-05-27T19:01:35.098Z","ask"
"0.05717","1014","2024-05-27T19:01:35.098Z","ask"
"0.0572","1760","2024-05-27T19:01:35.098Z","ask"
"0.05729","491","2024-05-27T19:01:35.098Z","ask"
"0.0573","2341","2024-05-27T19:01:35.098Z","ask"
"0.05754","80495","2024-05-27T19:01:35.098Z","ask"
"0.05755","138","2024-05-27T19:01:35.098Z","ask"
"0.05775","1504","2024-05-27T19:01:35.098Z","ask"
"0.05788","53","2024-05-27T19:01:35.098Z","ask"
"0.05789","494","2024-05-27T19:01:35.098Z","ask"
"0.0579","647","2024-05-27T19:01:35.098Z","ask"
"0.058","140773","2024-05-27T19:01:35.098Z","ask"
"0.05811","105","2024-05-27T19:01:35.098Z","ask"
"0.05835","2552","2024-05-27T19:01:35.098Z","ask"
"0.05837","873","2024-05-27T19:01:35.098Z","ask"
"0.05852","5000","2024-05-27T19:01:35.098Z","ask"
"0.05865","989","2024-05-27T19:01:35.098Z","ask"
"0.05866","36576","2024-05-27T19:01:35.098Z","ask"
"0.05899","25432","2024-05-27T19:01:35.098Z","ask"
"0.059","340582","2024-05-27T19:01:35.098Z","ask"
"0.05909","96370","2024-05-27T19:01:35.098Z","ask"
"0.0592","16555","2024-05-27T19:01:35.098Z","ask"
"0.05933","46673","2024-05-27T19:01:35.098Z","ask"
"0.05934","482","2024-05-27T19:01:35.098Z","ask"
"0.05935","300","2024-05-27T19:01:35.098Z","ask"
"0.0595","21047","2024-05-27T19:01:35.098Z","ask"
"0.05969","54","2024-05-27T19:01:35.098Z","ask"
"0.0598","1700","2024-05-27T19:01:35.098Z","ask"
"0.05987","1275","2024-05-27T19:01:35.098Z","ask"
"0.05988","21235","2024-05-27T19:01:35.098Z","ask"
"0.0599","15000","2024-05-27T19:01:35.098Z","ask"
"0.05992","309350","2024-05-27T19:01:35.098Z","ask"
"0.05995","10000","2024-05-27T19:01:35.098Z","ask"
"0.05996","778","2024-05-27T19:01:35.098Z","ask"
"0.05999","5489","2024-05-27T19:01:35.098Z","ask"
"0.06","1822737","2024-05-27T19:01:35.098Z","ask"
"0.06018","963","2024-05-27T19:01:35.098Z","ask"
"0.0605","862","2024-05-27T19:01:35.098Z","ask"
"0.06063","19630","2024-05-27T19:01:35.098Z","ask"
"0.0608","1720","2024-05-27T19:01:35.098Z","ask"
"0.06082","470","2024-05-27T19:01:35.098Z","ask"
"0.06088","82294","2024-05-27T19:01:35.098Z","ask"
"0.061","348137","2024-05-27T19:01:35.098Z","ask"
"0.0612","15000","2024-05-27T19:01:35.098Z","ask"
"0.0615","106294","2024-05-27T19:01:35.098Z","ask"
"0.06174","939","2024-05-27T19:01:35.098Z","ask"
"0.0618","1630","2024-05-27T19:01:35.098Z","ask"
"0.06185","300","2024-05-27T19:01:35.098Z","ask"
"0.062","402186","2024-05-27T19:01:35.098Z","ask"
"0.0623","3286","2024-05-27T19:01:35.098Z","ask"
"0.06235","459","2024-05-27T19:01:35.098Z","ask"
"0.06238","51399","2024-05-27T19:01:35.098Z","ask"
"0.06246","112977","2024-05-27T19:01:35.098Z","ask"
"0.0625","59318","2024-05-27T19:01:35.098Z","ask"
"0.06269","11323","2024-05-27T19:01:35.098Z","ask"
"0.0628","135881","2024-05-27T19:01:35.098Z","ask"
"0.063","299294","2024-05-27T19:01:35.098Z","ask"
"0.06315","4069","2024-05-27T19:01:35.098Z","ask"
"0.06335","915","2024-05-27T19:01:35.098Z","ask"
"0.06343","72323","2024-05-27T19:01:35.098Z","ask"
"0.0636","13500","2024-05-27T19:01:35.098Z","ask"
"0.0637","598","2024-05-27T19:01:35.098Z","ask"
"0.0638","225842","2024-05-27T19:01:35.098Z","ask"
"0.0639","448","2024-05-27T19:01:35.098Z","ask"
"0.06395","1600","2024-05-27T19:01:35.098Z","ask"
"0.064","74075","2024-05-27T19:01:35.098Z","ask"
"0.06419","1063","2024-05-27T19:01:35.098Z","ask"
"0.0644","345","2024-05-27T19:01:35.098Z","ask"
"0.06456","2553","2024-05-27T19:01:35.098Z","ask"
"0.06458","2662","2024-05-27T19:01:35.098Z","ask"
"0.06472","267459","2024-05-27T19:01:35.098Z","ask"
"0.06473","138","2024-05-27T19:01:35.098Z","ask"
"0.06474","23748","2024-05-27T19:01:35.098Z","ask"
"0.06476","3168","2024-05-27T19:01:35.098Z","ask"
"0.06485","1078","2024-05-27T19:01:35.098Z","ask"
"0.06499","892","2024-05-27T19:01:35.098Z","ask"
"0.065","4293004","2024-05-27T19:01:35.098Z","ask"
"0.06509","11000","2024-05-27T19:01:35.098Z","ask"
"0.0653","15399","2024-05-27T19:01:35.098Z","ask"
"0.0655","437","2024-05-27T19:01:35.098Z","ask"
"0.06552","4770","2024-05-27T19:01:35.098Z","ask"
"0.06566","25000","2024-05-27T19:01:35.098Z","ask"
"0.06586","155","2024-05-27T19:01:35.098Z","ask"
"0.066","131555","2024-05-27T19:01:35.098Z","ask"
"0.06614","406657","2024-05-27T19:01:35.098Z","ask"
"0.0662","2000","2024-05-27T19:01:35.098Z","ask"
"0.06656","263","2024-05-27T19:01:35.098Z","ask"
"0.0666","31775","2024-05-27T19:01:35.098Z","ask"
"0.06666","57731","2024-05-27T19:01:35.098Z","ask"
"0.06669","869","2024-05-27T19:01:35.098Z","ask"
"0.06686","2795","2024-05-27T19:01:35.098Z","ask"
"0.0669","1530","2024-05-27T19:01:35.098Z","ask"
"0.067","82578","2024-05-27T19:01:35.098Z","ask"
"0.06707","448747","2024-05-27T19:01:35.098Z","ask"
"0.06714","426","2024-05-27T19:01:35.098Z","ask"
"0.0676","3000","2024-05-27T19:01:35.098Z","ask"
"0.0677","81905","2024-05-27T19:01:35.098Z","ask"
"0.0678","2496","2024-05-27T19:01:35.098Z","ask"
"0.06785","250","2024-05-27T19:01:35.098Z","ask"
"0.06792","11105","2024-05-27T19:01:35.098Z","ask"
"0.06799","148","2024-05-27T19:01:35.098Z","ask"
"0.068","140707","2024-05-27T19:01:35.098Z","ask"
"0.06809","5321","2024-05-27T19:01:35.098Z","ask"
"0.06812","37804","2024-05-27T19:01:35.098Z","ask"
"0.06821","4050","2024-05-27T19:01:35.098Z","ask"
"0.06835","20000","2024-05-27T19:01:35.098Z","ask"
"0.06842","847","2024-05-27T19:01:35.098Z","ask"
"0.0685","2073","2024-05-27T19:01:35.098Z","ask"
"0.06852","5000","2024-05-27T19:01:35.098Z","ask"
"0.06866","1500","2024-05-27T19:01:35.098Z","ask"
"0.06877","2559","2024-05-27T19:01:35.098Z","ask"
"0.06881","416","2024-05-27T19:01:35.098Z","ask"
"0.06888","9861","2024-05-27T19:01:35.098Z","ask"
"0.0689","553","2024-05-27T19:01:35.098Z","ask"
"0.069","933387","2024-05-27T19:01:35.098Z","ask"
"0.06902","32673","2024-05-27T19:01:35.098Z","ask"
"0.06922","414","2024-05-27T19:01:35.098Z","ask"
"0.06927","5650","2024-05-27T19:01:35.098Z","ask"
"0.06932","146","2024-05-27T19:01:35.098Z","ask"
"0.06943","66330","2024-05-27T19:01:35.098Z","ask"
"0.0695","59518","2024-05-27T19:01:35.098Z","ask"
"0.06959","11214","2024-05-27T19:01:35.098Z","ask"
"0.0696","200000","2024-05-27T19:01:35.098Z","ask"
"0.06964","100","2024-05-27T19:01:35.098Z","ask"
"0.06969","275","2024-05-27T19:01:35.098Z","ask"
"0.0697","43723","2024-05-27T19:01:35.098Z","ask"
"0.06985","10000","2024-05-27T19:01:35.098Z","ask"
"0.06997","3129","2024-05-27T19:01:35.098Z","ask"
"0.07","1914966","2024-05-27T19:01:35.098Z","ask"
"0.0701","126448","2024-05-27T19:01:35.098Z","ask"
"0.0702","826","2024-05-27T19:01:35.098Z","ask"
"0.07024","23210","2024-05-27T19:01:35.098Z","ask"
"0.07047","11322","2024-05-27T19:01:35.098Z","ask"
"0.07054","405","2024-05-27T19:01:35.098Z","ask"
"0.07074","1800","2024-05-27T19:01:35.098Z","ask"
"0.07085","250","2024-05-27T19:01:35.098Z","ask"