"price","volume","timestamp","type"
"8.449","149.27","2024-05-25T21:43:52.505Z","ask"
"8.45","103.51","2024-05-25T21:43:52.505Z","ask"
"8.451","84.01","2024-05-25T21:43:52.505Z","ask"
"8.452","84.61","2024-05-25T21:43:52.505Z","ask"
"8.453","420.89","2024-05-25T21:43:52.505Z","ask"
"8.454","1076.91","2024-05-25T21:43:52.505Z","ask"
"8.455","635.68","2024-05-25T21:43:52.505Z","ask"
"8.456","101.05","2024-05-25T21:43:52.505Z","ask"
"8.457","733.81","2024-05-25T21:43:52.505Z","ask"
"8.458","79.66","2024-05-25T21:43:52.505Z","ask"
"8.459","263.55","2024-05-25T21:43:52.505Z","ask"
"8.46","271.69","2024-05-25T21:43:52.505Z","ask"
"8.461","3.13","2024-05-25T21:43:52.505Z","ask"
"8.462","2.65","2024-05-25T21:43:52.505Z","ask"
"8.463","1.42","2024-05-25T21:43:52.505Z","ask"
"8.464","1051.38","2024-05-25T21:43:52.505Z","ask"
"8.465","544.44","2024-05-25T21:43:52.505Z","ask"
"8.466","0.88","2024-05-25T21:43:52.505Z","ask"
"8.467","15.76","2024-05-25T21:43:52.505Z","ask"
"8.468","745.89","2024-05-25T21:43:52.505Z","ask"
"8.469","800","2024-05-25T21:43:52.505Z","ask"
"8.47","3698.3","2024-05-25T21:43:52.505Z","ask"
"8.471","1317.07","2024-05-25T21:43:52.505Z","ask"
"8.472","222.5","2024-05-25T21:43:52.505Z","ask"
"8.474","42.86","2024-05-25T21:43:52.505Z","ask"
"8.479","1111.36","2024-05-25T21:43:52.505Z","ask"
"8.48","11.83","2024-05-25T21:43:52.505Z","ask"
"8.487","210.62","2024-05-25T21:43:52.505Z","ask"
"8.49","1.1","2024-05-25T21:43:52.505Z","ask"
"8.491","1.21","2024-05-25T21:43:52.505Z","ask"
"8.498","1883.89","2024-05-25T21:43:52.505Z","ask"
"8.499","42.86","2024-05-25T21:43:52.505Z","ask"
"8.5","160.57","2024-05-25T21:43:52.505Z","ask"
"8.502","744.77","2024-05-25T21:43:52.505Z","ask"
"8.503","0.13","2024-05-25T21:43:52.505Z","ask"
"8.505","2","2024-05-25T21:43:52.505Z","ask"
"8.51","209.7","2024-05-25T21:43:52.505Z","ask"
"8.511","3.65","2024-05-25T21:43:52.505Z","ask"
"8.512","42.86","2024-05-25T21:43:52.505Z","ask"
"8.514","0.54","2024-05-25T21:43:52.505Z","ask"
"8.52","95.46","2024-05-25T21:43:52.505Z","ask"
"8.525","42.86","2024-05-25T21:43:52.505Z","ask"
"8.537","415.02","2024-05-25T21:43:52.505Z","ask"
"8.539","12.91","2024-05-25T21:43:52.505Z","ask"
"8.54","302.64","2024-05-25T21:43:52.505Z","ask"
"8.542","1.2","2024-05-25T21:43:52.505Z","ask"
"8.545","3.78","2024-05-25T21:43:52.505Z","ask"
"8.55","1397.75","2024-05-25T21:43:52.505Z","ask"
"8.553","7.78","2024-05-25T21:43:52.505Z","ask"
"8.558","3.41","2024-05-25T21:43:52.505Z","ask"
"8.56","20","2024-05-25T21:43:52.505Z","ask"
"8.561","4.2","2024-05-25T21:43:52.505Z","ask"
"8.562","2.6","2024-05-25T21:43:52.505Z","ask"
"8.563","42.86","2024-05-25T21:43:52.505Z","ask"
"8.565","0.54","2024-05-25T21:43:52.505Z","ask"
"8.57","407.96","2024-05-25T21:43:52.505Z","ask"
"8.571","0.42","2024-05-25T21:43:52.505Z","ask"
"8.579","372.16","2024-05-25T21:43:52.505Z","ask"
"8.58","70","2024-05-25T21:43:52.505Z","ask"
"8.581","25.07","2024-05-25T21:43:52.505Z","ask"
"8.582","0.36","2024-05-25T21:43:52.505Z","ask"
"8.588","27.11","2024-05-25T21:43:52.505Z","ask"
"8.59","12.06","2024-05-25T21:43:52.505Z","ask"
"8.591","1","2024-05-25T21:43:52.505Z","ask"
"8.594","1.19","2024-05-25T21:43:52.505Z","ask"
"8.596","63.18","2024-05-25T21:43:52.505Z","ask"
"8.6","62","2024-05-25T21:43:52.505Z","ask"
"8.601","1690.03","2024-05-25T21:43:52.505Z","ask"
"8.602","65","2024-05-25T21:43:52.505Z","ask"
"8.603","0.18","2024-05-25T21:43:52.505Z","ask"
"8.604","26.54","2024-05-25T21:43:52.505Z","ask"
"8.605","9.84","2024-05-25T21:43:52.505Z","ask"
"8.609","77.04","2024-05-25T21:43:52.505Z","ask"
"8.611","3.07","2024-05-25T21:43:52.505Z","ask"
"8.614","3.38","2024-05-25T21:43:52.505Z","ask"
"8.617","0.53","2024-05-25T21:43:52.505Z","ask"
"8.619","4.98","2024-05-25T21:43:52.505Z","ask"
"8.62","20","2024-05-25T21:43:52.505Z","ask"
"8.625","2.59","2024-05-25T21:43:52.505Z","ask"
"8.633","9.87","2024-05-25T21:43:52.505Z","ask"
"8.638","42.42","2024-05-25T21:43:52.505Z","ask"
"8.64","79","2024-05-25T21:43:52.505Z","ask"
"8.643","185.91","2024-05-25T21:43:52.505Z","ask"
"8.645","203.47","2024-05-25T21:43:52.505Z","ask"
"8.647","115.98","2024-05-25T21:43:52.505Z","ask"
"8.648","6.06","2024-05-25T21:43:52.505Z","ask"
"8.65","24.14","2024-05-25T21:43:52.505Z","ask"
"8.651","0.52","2024-05-25T21:43:52.505Z","ask"
"8.66","749.38","2024-05-25T21:43:52.505Z","ask"
"8.667","0.3","2024-05-25T21:43:52.505Z","ask"
"8.668","0.53","2024-05-25T21:43:52.505Z","ask"
"8.67","23396.81","2024-05-25T21:43:52.505Z","ask"
"8.674","3.43","2024-05-25T21:43:52.505Z","ask"
"8.68","20","2024-05-25T21:43:52.505Z","ask"
"8.681","0.35","2024-05-25T21:43:52.505Z","ask"
"8.682","3.58","2024-05-25T21:43:52.505Z","ask"
"8.684","13.72","2024-05-25T21:43:52.505Z","ask"
"8.69","266.33","2024-05-25T21:43:52.505Z","ask"
"8.691","0.6","2024-05-25T21:43:52.505Z","ask"
"8.693","0.19","2024-05-25T21:43:52.505Z","ask"
"8.697","1.17","2024-05-25T21:43:52.505Z","ask"
"8.7","273.67","2024-05-25T21:43:52.505Z","ask"
"8.712","137.07","2024-05-25T21:43:52.505Z","ask"
"8.72","20.53","2024-05-25T21:43:52.505Z","ask"
"8.725","55.08","2024-05-25T21:43:52.505Z","ask"
"8.726","60.65","2024-05-25T21:43:52.505Z","ask"
"8.727","3.34","2024-05-25T21:43:52.505Z","ask"
"8.728","185.91","2024-05-25T21:43:52.505Z","ask"
"8.73","27.55","2024-05-25T21:43:52.505Z","ask"
"8.732","1.12","2024-05-25T21:43:52.505Z","ask"
"8.74","78","2024-05-25T21:43:52.505Z","ask"
"8.741","4.2","2024-05-25T21:43:52.505Z","ask"
"8.742","85.67","2024-05-25T21:43:52.505Z","ask"
"8.743","3.02","2024-05-25T21:43:52.505Z","ask"
"8.75","8.5","2024-05-25T21:43:52.505Z","ask"
"8.754","2.59","2024-05-25T21:43:52.505Z","ask"
"8.758","0.77","2024-05-25T21:43:52.505Z","ask"
"8.76","20","2024-05-25T21:43:52.505Z","ask"
"8.761","9.87","2024-05-25T21:43:52.505Z","ask"
"8.767","31.11","2024-05-25T21:43:52.505Z","ask"
"8.768","3.54","2024-05-25T21:43:52.505Z","ask"
"8.773","10.77","2024-05-25T21:43:52.505Z","ask"
"8.777","4.82","2024-05-25T21:43:52.505Z","ask"
"8.779","0.96","2024-05-25T21:43:52.505Z","ask"
"8.78","2335","2024-05-25T21:43:52.505Z","ask"
"8.783","3.5","2024-05-25T21:43:52.505Z","ask"
"8.788","0.3","2024-05-25T21:43:52.506Z","ask"
"8.8","2710.34","2024-05-25T21:43:52.506Z","ask"
"8.801","23.71","2024-05-25T21:43:52.506Z","ask"
"8.803","3.38","2024-05-25T21:43:52.506Z","ask"
"8.807","1.55","2024-05-25T21:43:52.506Z","ask"
"8.811","5.9","2024-05-25T21:43:52.506Z","ask"
"8.813","3.52","2024-05-25T21:43:52.506Z","ask"
"8.818","2.32","2024-05-25T21:43:52.506Z","ask"
"8.82","44.1","2024-05-25T21:43:52.506Z","ask"
"8.821","0.66","2024-05-25T21:43:52.506Z","ask"
"8.825","0.52","2024-05-25T21:43:52.506Z","ask"
"8.83","37.23","2024-05-25T21:43:52.506Z","ask"
"8.84","82","2024-05-25T21:43:52.506Z","ask"
"8.841","3.3","2024-05-25T21:43:52.506Z","ask"
"8.85","47.15","2024-05-25T21:43:52.506Z","ask"
"8.856","3.51","2024-05-25T21:43:52.506Z","ask"
"8.857","3.46","2024-05-25T21:43:52.506Z","ask"
"8.858","8.6","2024-05-25T21:43:52.506Z","ask"
"8.86","20","2024-05-25T21:43:52.506Z","ask"
"8.862","6","2024-05-25T21:43:52.506Z","ask"
"8.87","337.06","2024-05-25T21:43:52.506Z","ask"
"8.872","0.19","2024-05-25T21:43:52.506Z","ask"
"8.877","2.97","2024-05-25T21:43:52.506Z","ask"
"8.878","0.52","2024-05-25T21:43:52.506Z","ask"
"8.88","123.37","2024-05-25T21:43:52.506Z","ask"
"8.883","2.32","2024-05-25T21:43:52.506Z","ask"
"8.884","2.59","2024-05-25T21:43:52.506Z","ask"
"8.887","3.95","2024-05-25T21:43:52.506Z","ask"
"8.888","1184.83","2024-05-25T21:43:52.506Z","ask"
"8.89","47.98","2024-05-25T21:43:52.506Z","ask"
"8.891","0.34","2024-05-25T21:43:52.506Z","ask"
"8.892","9.87","2024-05-25T21:43:52.506Z","ask"
"8.899","42.33","2024-05-25T21:43:52.506Z","ask"
"8.9","324.49","2024-05-25T21:43:52.506Z","ask"
"8.902","1.46","2024-05-25T21:43:52.506Z","ask"
"8.904","0.59","2024-05-25T21:43:52.506Z","ask"
"8.906","30.17","2024-05-25T21:43:52.506Z","ask"
"8.909","57.13","2024-05-25T21:43:52.506Z","ask"
"8.911","4","2024-05-25T21:43:52.506Z","ask"
"8.917","1.05","2024-05-25T21:43:52.506Z","ask"
"8.92","132.4","2024-05-25T21:43:52.506Z","ask"
"8.925","4.2","2024-05-25T21:43:52.506Z","ask"
"8.929","17.14","2024-05-25T21:43:52.506Z","ask"
"8.93","96.6","2024-05-25T21:43:52.506Z","ask"
"8.932","0.51","2024-05-25T21:43:52.506Z","ask"
"8.936","3.33","2024-05-25T21:43:52.506Z","ask"
"8.939","116.17","2024-05-25T21:43:52.506Z","ask"
"8.94","770.31","2024-05-25T21:43:52.506Z","ask"
"8.943","65","2024-05-25T21:43:52.506Z","ask"
"8.944","3.47","2024-05-25T21:43:52.506Z","ask"
"8.956","1.02","2024-05-25T21:43:52.506Z","ask"
"8.957","3.25","2024-05-25T21:43:52.506Z","ask"
"8.96","29.2","2024-05-25T21:43:52.506Z","ask"
"8.962","0.18","2024-05-25T21:43:52.506Z","ask"
"8.966","28.91","2024-05-25T21:43:52.506Z","ask"
"8.97","31","2024-05-25T21:43:52.506Z","ask"
"8.98","131.64","2024-05-25T21:43:52.506Z","ask"
"8.982","0.34","2024-05-25T21:43:52.506Z","ask"
"8.985","0.51","2024-05-25T21:43:52.506Z","ask"
"8.989","3.46","2024-05-25T21:43:52.506Z","ask"
"8.991","3.42","2024-05-25T21:43:52.506Z","ask"
"8.998","1.51","2024-05-25T21:43:52.506Z","ask"
"8.999","464.66","2024-05-25T21:43:52.506Z","ask"
"9","2502.5","2024-05-25T21:43:52.506Z","ask"
"9.01","346.3","2024-05-25T21:43:52.506Z","ask"
"9.013","2.93","2024-05-25T21:43:52.506Z","ask"
"9.016","5.82","2024-05-25T21:43:52.506Z","ask"
"9.02","38.67","2024-05-25T21:43:52.506Z","ask"
"9.022","100","2024-05-25T21:43:52.506Z","ask"
"9.025","9.87","2024-05-25T21:43:52.506Z","ask"
"9.03","0.3","2024-05-25T21:43:52.506Z","ask"
"9.033","3.44","2024-05-25T21:43:52.506Z","ask"
"9.039","0.51","2024-05-25T21:43:52.506Z","ask"
"9.04","337.22","2024-05-25T21:43:52.506Z","ask"
"9.043","45.96","2024-05-25T21:43:52.506Z","ask"
"9.05","62.83","2024-05-25T21:43:52.506Z","ask"
"9.051","0.62","2024-05-25T21:43:52.506Z","ask"
"9.055","5.1","2024-05-25T21:43:52.506Z","ask"
"9.057","40.96","2024-05-25T21:43:52.506Z","ask"
"9.059","26.32","2024-05-25T21:43:52.506Z","ask"
"9.06","20","2024-05-25T21:43:52.506Z","ask"
"9.064","0.57","2024-05-25T21:43:52.506Z","ask"
"9.069","5","2024-05-25T21:43:52.506Z","ask"
"9.07","3.28","2024-05-25T21:43:52.506Z","ask"
"9.072","5.55","2024-05-25T21:43:52.506Z","ask"
"9.073","0.23","2024-05-25T21:43:52.506Z","ask"
"9.075","157.72","2024-05-25T21:43:52.506Z","ask"
"9.079","3.42","2024-05-25T21:43:52.506Z","ask"
"9.08","193.51","2024-05-25T21:43:52.506Z","ask"
"9.089","55","2024-05-25T21:43:52.506Z","ask"
"9.09","1391","2024-05-25T21:43:52.506Z","ask"
"9.094","0.85","2024-05-25T21:43:52.506Z","ask"
"9.1","156.8","2024-05-25T21:43:52.506Z","ask"
"9.105","1.1","2024-05-25T21:43:52.506Z","ask"
"9.108","470.12","2024-05-25T21:43:52.506Z","ask"
"9.112","11.49","2024-05-25T21:43:52.506Z","ask"
"9.113","4.2","2024-05-25T21:43:52.506Z","ask"
"9.12","22.02","2024-05-25T21:43:52.506Z","ask"
"9.125","3.4","2024-05-25T21:43:52.506Z","ask"
"9.126","3.36","2024-05-25T21:43:52.506Z","ask"
"9.129","5","2024-05-25T21:43:52.506Z","ask"
"9.133","3.19","2024-05-25T21:43:52.506Z","ask"
"9.14","244.6","2024-05-25T21:43:52.506Z","ask"
"9.148","0.5","2024-05-25T21:43:52.506Z","ask"
"9.15","203.01","2024-05-25T21:43:52.506Z","ask"
"9.151","2.88","2024-05-25T21:43:52.506Z","ask"
"9.16","29.87","2024-05-25T21:43:52.506Z","ask"
"9.166","11.79","2024-05-25T21:43:52.506Z","ask"
"9.169","3.39","2024-05-25T21:43:52.506Z","ask"
"9.17","26.57","2024-05-25T21:43:52.506Z","ask"
"9.18","1558.18","2024-05-25T21:43:52.506Z","ask"
"9.188","6.04","2024-05-25T21:43:52.506Z","ask"
"9.19","4681.86","2024-05-25T21:43:52.506Z","ask"
"9.193","3.17","2024-05-25T21:43:52.506Z","ask"
"9.2","347.59","2024-05-25T21:43:52.506Z","ask"
"9.203","0.5","2024-05-25T21:43:52.506Z","ask"
"9.204","0.33","2024-05-25T21:43:52.506Z","ask"
"9.208","3.23","2024-05-25T21:43:52.506Z","ask"
"9.209","4.88","2024-05-25T21:43:52.506Z","ask"
"9.21","621","2024-05-25T21:43:52.506Z","ask"
"9.216","3.37","2024-05-25T21:43:52.506Z","ask"
"9.22","20","2024-05-25T21:43:52.506Z","ask"
"9.225","0.02","2024-05-25T21:43:52.506Z","ask"
"9.227","11.53","2024-05-25T21:43:52.506Z","ask"
"9.23","675","2024-05-25T21:43:52.506Z","ask"
"9.231","2.52","2024-05-25T21:43:52.506Z","ask"
"9.234","53.88","2024-05-25T21:43:52.506Z","ask"
"9.237","21.64","2024-05-25T21:43:52.506Z","ask"
"9.24","88.76","2024-05-25T21:43:52.506Z","ask"
"9.241","1537.44","2024-05-25T21:43:52.506Z","ask"
"9.245","4.22","2024-05-25T21:43:52.506Z","ask"
"9.25","1261.62","2024-05-25T21:43:52.506Z","ask"
"9.253","4.28","2024-05-25T21:43:52.506Z","ask"
"9.257","2.07","2024-05-25T21:43:52.506Z","ask"
"9.258","0.5","2024-05-25T21:43:52.506Z","ask"
"9.26","20","2024-05-25T21:43:52.506Z","ask"
"9.261","3.35","2024-05-25T21:43:52.506Z","ask"
"9.264","3.31","2024-05-25T21:43:52.506Z","ask"
"9.27","554.5","2024-05-25T21:43:52.506Z","ask"
"9.276","9.43","2024-05-25T21:43:52.506Z","ask"
"9.279","30.43","2024-05-25T21:43:52.506Z","ask"
"9.28","98.78","2024-05-25T21:43:52.506Z","ask"
"9.283","1659.51","2024-05-25T21:43:52.506Z","ask"
"9.286","2.59","2024-05-25T21:43:52.506Z","ask"
"9.29","91","2024-05-25T21:43:52.506Z","ask"
"9.291","2.84","2024-05-25T21:43:52.506Z","ask"
"9.298","9.87","2024-05-25T21:43:52.506Z","ask"
"9.3","2332.02","2024-05-25T21:43:52.506Z","ask"
"9.304","4.2","2024-05-25T21:43:52.506Z","ask"
"9.306","200.45","2024-05-25T21:43:52.506Z","ask"
"9.307","3.34","2024-05-25T21:43:52.506Z","ask"
"9.31","110.65","2024-05-25T21:43:52.506Z","ask"
"9.313","390.31","2024-05-25T21:43:52.506Z","ask"
"9.314","6.5","2024-05-25T21:43:52.506Z","ask"
"9.32","20","2024-05-25T21:43:52.506Z","ask"
"9.325","0.99","2024-05-25T21:43:52.506Z","ask"
"9.33","107.93","2024-05-25T21:43:52.506Z","ask"
"9.337","44.97","2024-05-25T21:43:52.506Z","ask"
"9.34","440.04","2024-05-25T21:43:52.506Z","ask"
"9.346","8","2024-05-25T21:43:52.506Z","ask"
"9.349","50","2024-05-25T21:43:52.506Z","ask"
"9.35","40","2024-05-25T21:43:52.506Z","ask"
"9.353","189.87","2024-05-25T21:43:52.506Z","ask"
"9.354","3.32","2024-05-25T21:43:52.506Z","ask"
"9.36","932.62","2024-05-25T21:43:52.506Z","ask"
"9.368","90.24","2024-05-25T21:43:52.506Z","ask"
"9.37","21.98","2024-05-25T21:43:52.506Z","ask"
"9.372","62","2024-05-25T21:43:52.506Z","ask"
"9.375","3.11","2024-05-25T21:43:52.506Z","ask"
"9.378","2.13","2024-05-25T21:43:52.506Z","ask"
"9.38","297.59","2024-05-25T21:43:52.506Z","ask"
"9.382","4.48","2024-05-25T21:43:52.506Z","ask"
"9.39","7.09","2024-05-25T21:43:52.506Z","ask"
"9.391","0.97","2024-05-25T21:43:52.506Z","ask"
"9.392","0.61","2024-05-25T21:43:52.506Z","ask"
"9.4","494.92","2024-05-25T21:43:52.506Z","ask"
"9.403","1.63","2024-05-25T21:43:52.506Z","ask"
"9.404","3.26","2024-05-25T21:43:52.506Z","ask"
"9.41","6.99","2024-05-25T21:43:52.506Z","ask"
"9.411","7.96","2024-05-25T21:43:52.506Z","ask"
"9.414","2.67","2024-05-25T21:43:52.506Z","ask"
"9.415","0.01","2024-05-25T21:43:52.506Z","ask"
"9.419","0.88","2024-05-25T21:43:52.506Z","ask"
"9.42","360","2024-05-25T21:43:52.506Z","ask"
"9.424","35.08","2024-05-25T21:43:52.506Z","ask"
"9.43","0.43","2024-05-25T21:43:52.506Z","ask"
"9.433","1","2024-05-25T21:43:52.506Z","ask"
"9.435","12.8","2024-05-25T21:43:52.506Z","ask"
"9.437","17.96","2024-05-25T21:43:52.506Z","ask"
"9.439","17","2024-05-25T21:43:52.506Z","ask"
"9.44","5","2024-05-25T21:43:52.506Z","ask"
"9.444","0.02","2024-05-25T21:43:52.506Z","ask"
"9.447","3.29","2024-05-25T21:43:52.506Z","ask"
"9.449","26.73","2024-05-25T21:43:52.506Z","ask"
"9.45","2612.33","2024-05-25T21:43:52.506Z","ask"
"9.459","0.36","2024-05-25T21:43:52.506Z","ask"
"9.461","0.32","2024-05-25T21:43:52.506Z","ask"
"9.471","45.26","2024-05-25T21:43:52.506Z","ask"
"9.478","84.56","2024-05-25T21:43:52.506Z","ask"
"9.479","3.2","2024-05-25T21:43:52.506Z","ask"
"9.48","0.48","2024-05-25T21:43:52.506Z","ask"
"9.485","4.74","2024-05-25T21:43:52.506Z","ask"
"9.486","3.14","2024-05-25T21:43:52.506Z","ask"
"9.488","5.58","2024-05-25T21:43:52.506Z","ask"
"9.49","679.64","2024-05-25T21:43:52.506Z","ask"
"9.493","5.11","2024-05-25T21:43:52.506Z","ask"
"9.494","3.27","2024-05-25T21:43:52.506Z","ask"
"9.497","5.36","2024-05-25T21:43:52.506Z","ask"
"9.498","3.07","2024-05-25T21:43:52.506Z","ask"
"9.5","1395.69","2024-05-25T21:43:52.506Z","ask"
"9.51","111.25","2024-05-25T21:43:52.506Z","ask"
"9.519","11.61","2024-05-25T21:43:52.506Z","ask"
"9.52","227.44","2024-05-25T21:43:52.506Z","ask"
"9.526","0.67","2024-05-25T21:43:52.506Z","ask"
"9.53","1016.83","2024-05-25T21:43:52.506Z","ask"
"9.533","5.24","2024-05-25T21:43:52.506Z","ask"
"9.54","20641.79","2024-05-25T21:43:52.506Z","ask"
"9.542","3.26","2024-05-25T21:43:52.506Z","ask"
"9.546","3.21","2024-05-25T21:43:52.506Z","ask"
"9.547","1.08","2024-05-25T21:43:52.506Z","ask"
"9.548","0.22","2024-05-25T21:43:52.506Z","ask"
"9.557","547.31","2024-05-25T21:43:52.506Z","ask"
"9.559","3.05","2024-05-25T21:43:52.506Z","ask"
"9.565","2.59","2024-05-25T21:43:52.506Z","ask"
"9.567","2.96","2024-05-25T21:43:52.506Z","ask"
"9.572","0.14","2024-05-25T21:43:52.506Z","ask"
"9.578","9.87","2024-05-25T21:43:52.506Z","ask"
"9.58","2.76","2024-05-25T21:43:52.506Z","ask"
"9.59","894.62","2024-05-25T21:43:52.506Z","ask"
"9.595","0.32","2024-05-25T21:43:52.506Z","ask"
"9.598","28.72","2024-05-25T21:43:52.506Z","ask"
"9.6","13.35","2024-05-25T21:43:52.506Z","ask"
"9.621","25.98","2024-05-25T21:43:52.506Z","ask"
"9.622","3.03","2024-05-25T21:43:52.506Z","ask"
"9.623","1559.76","2024-05-25T21:43:52.506Z","ask"
"9.626","4.67","2024-05-25T21:43:52.506Z","ask"
"9.629","3.09","2024-05-25T21:43:52.506Z","ask"
"9.63","310.05","2024-05-25T21:43:52.506Z","ask"
"9.637","3.22","2024-05-25T21:43:52.506Z","ask"
"9.638","0.32","2024-05-25T21:43:52.506Z","ask"
"9.64","1.57","2024-05-25T21:43:52.506Z","ask"
"9.644","7.77","2024-05-25T21:43:52.506Z","ask"
"9.65","190.3","2024-05-25T21:43:52.506Z","ask"
"9.657","7.43","2024-05-25T21:43:52.506Z","ask"
"9.66","2.34","2024-05-25T21:43:52.506Z","ask"
"9.663","24.34","2024-05-25T21:43:52.506Z","ask"
"9.665","0.03","2024-05-25T21:43:52.506Z","ask"
"9.67","0.8","2024-05-25T21:43:52.506Z","ask"
"9.68","18.59","2024-05-25T21:43:52.506Z","ask"
"9.685","6.22","2024-05-25T21:43:52.506Z","ask"
"9.69","3.16","2024-05-25T21:43:52.506Z","ask"
"9.7","11.28","2024-05-25T21:43:52.506Z","ask"
"9.701","103.07","2024-05-25T21:43:52.506Z","ask"
"9.707","2.59","2024-05-25T21:43:52.506Z","ask"
"9.71","0.66","2024-05-25T21:43:52.506Z","ask"
"9.716","20.94","2024-05-25T21:43:52.506Z","ask"
"9.721","9.87","2024-05-25T21:43:52.506Z","ask"
"9.727","2.71","2024-05-25T21:43:52.506Z","ask"
"9.728","11.5","2024-05-25T21:43:52.506Z","ask"
"9.73","2.35","2024-05-25T21:43:52.506Z","ask"
"9.733","3.19","2024-05-25T21:43:52.506Z","ask"
"9.743","0.31","2024-05-25T21:43:52.506Z","ask"
"9.745","44.72","2024-05-25T21:43:52.506Z","ask"
"9.75","178.54","2024-05-25T21:43:52.506Z","ask"
"9.77","4.6","2024-05-25T21:43:52.506Z","ask"
"9.774","3.05","2024-05-25T21:43:52.506Z","ask"
"9.779","5","2024-05-25T21:43:52.506Z","ask"
"9.782","3.18","2024-05-25T21:43:52.506Z","ask"
"9.783","45.8","2024-05-25T21:43:52.506Z","ask"
"9.788","10","2024-05-25T21:43:52.506Z","ask"
"9.798","96.04","2024-05-25T21:43:52.506Z","ask"
"9.8","160.49","2024-05-25T21:43:52.506Z","ask"
"9.82","371","2024-05-25T21:43:52.506Z","ask"
"9.831","3.16","2024-05-25T21:43:52.506Z","ask"
"9.837","3.12","2024-05-25T21:43:52.506Z","ask"
"9.84","106.78","2024-05-25T21:43:52.506Z","ask"
"9.842","8.02","2024-05-25T21:43:52.506Z","ask"
"9.851","2.59","2024-05-25T21:43:52.506Z","ask"
"9.866","9.87","2024-05-25T21:43:52.506Z","ask"
"9.867","0.18","2024-05-25T21:43:52.506Z","ask"
"9.87","2.21","2024-05-25T21:43:52.506Z","ask"
"9.877","2.67","2024-05-25T21:43:52.506Z","ask"
"9.879","9.07","2024-05-25T21:43:52.506Z","ask"
"9.88","24.02","2024-05-25T21:43:52.506Z","ask"
"9.889","0.51","2024-05-25T21:43:52.506Z","ask"
"9.89","86.28","2024-05-25T21:43:52.506Z","ask"
"9.9","1534.96","2024-05-25T21:43:52.506Z","ask"
"9.915","4.54","2024-05-25T21:43:52.506Z","ask"
"9.916","45.8","2024-05-25T21:43:52.506Z","ask"
"9.921","3","2024-05-25T21:43:52.506Z","ask"
"9.929","3.13","2024-05-25T21:43:52.506Z","ask"
"9.93","118.68","2024-05-25T21:43:52.506Z","ask"
"9.94","2.19","2024-05-25T21:43:52.506Z","ask"
"9.95","206.07","2024-05-25T21:43:52.506Z","ask"
"9.96","576.74","2024-05-25T21:43:52.506Z","ask"
"9.966","163.3","2024-05-25T21:43:52.506Z","ask"
"9.978","3.11","2024-05-25T21:43:52.506Z","ask"
"9.98","4.32","2024-05-25T21:43:52.506Z","ask"
"9.987","6.92","2024-05-25T21:43:52.506Z","ask"
"9.99","508.47","2024-05-25T21:43:52.506Z","ask"
"9.993","1.01","2024-05-25T21:43:52.506Z","ask"
"9.998","2.59","2024-05-25T21:43:52.506Z","ask"
"9.999","11.2","2024-05-25T21:43:52.506Z","ask"
"10","1951.2","2024-05-25T21:43:52.506Z","ask"
"10.002","105.13","2024-05-25T21:43:52.506Z","ask"
"10.01","93.99","2024-05-25T21:43:52.506Z","ask"
"10.011","48.87","2024-05-25T21:43:52.506Z","ask"
"10.014","9.87","2024-05-25T21:43:52.506Z","ask"
"10.02","503.24","2024-05-25T21:43:52.506Z","ask"
"10.026","328.88","2024-05-25T21:43:52.506Z","ask"
"10.028","2.63","2024-05-25T21:43:52.506Z","ask"
"10.04","380.59","2024-05-25T21:43:52.506Z","ask"
"10.049","45.8","2024-05-25T21:43:52.506Z","ask"
"10.05","421.97","2024-05-25T21:43:52.506Z","ask"
"10.06","274.85","2024-05-25T21:43:52.506Z","ask"
"10.064","67.47","2024-05-25T21:43:52.506Z","ask"
"10.07","15.87","2024-05-25T21:43:52.506Z","ask"
"10.08","1.13","2024-05-25T21:43:52.506Z","ask"
"10.1","405.69","2024-05-25T21:43:52.506Z","ask"
"10.11","4516.34","2024-05-25T21:43:52.506Z","ask"
"10.12","21.31","2024-05-25T21:43:52.506Z","ask"
"10.13","179.2","2024-05-25T21:43:52.506Z","ask"
"10.132","13.18","2024-05-25T21:43:52.506Z","ask"
"10.146","2.03","2024-05-25T21:43:52.506Z","ask"
"10.147","2.59","2024-05-25T21:43:52.506Z","ask"
"10.15","80.85","2024-05-25T21:43:52.506Z","ask"
"10.155","50.71","2024-05-25T21:43:52.506Z","ask"
"10.159","59.5","2024-05-25T21:43:52.506Z","ask"
"10.16","1","2024-05-25T21:43:52.506Z","ask"
"10.163","9.87","2024-05-25T21:43:52.506Z","ask"
"10.166","356.16","2024-05-25T21:43:52.506Z","ask"
"10.17","18709.37","2024-05-25T21:43:52.506Z","ask"
"10.171","1.32","2024-05-25T21:43:52.506Z","ask"
"10.182","46.33","2024-05-25T21:43:52.506Z","ask"
"10.19","1.77","2024-05-25T21:43:52.506Z","ask"
"10.2","861.77","2024-05-25T21:43:52.506Z","ask"
"10.213","4.4","2024-05-25T21:43:52.506Z","ask"
"10.218","0.5","2024-05-25T21:43:52.506Z","ask"
"10.22","854","2024-05-25T21:43:52.506Z","ask"
"10.221","2.91","2024-05-25T21:43:52.506Z","ask"
"10.24","9.76","2024-05-25T21:43:52.506Z","ask"
"10.244","5","2024-05-25T21:43:52.506Z","ask"
"10.25","67.86","2024-05-25T21:43:52.506Z","ask"
"10.256","25.02","2024-05-25T21:43:52.506Z","ask"
"10.26","2.28","2024-05-25T21:43:52.506Z","ask"
"10.27","860.75","2024-05-25T21:43:52.506Z","ask"
"10.28","100","2024-05-25T21:43:52.506Z","ask"
"10.288","0.36","2024-05-25T21:43:52.506Z","ask"
"10.29","0.2","2024-05-25T21:43:52.506Z","ask"
"10.293","58.68","2024-05-25T21:43:52.506Z","ask"
"10.297","2.59","2024-05-25T21:43:52.506Z","ask"
"10.3","320.24","2024-05-25T21:43:52.506Z","ask"
"10.315","55.67","2024-05-25T21:43:52.506Z","ask"
"10.316","24.34","2024-05-25T21:43:52.506Z","ask"
"10.33","0.67","2024-05-25T21:43:52.506Z","ask"
"10.336","204.65","2024-05-25T21:43:52.506Z","ask"
"10.339","2.55","2024-05-25T21:43:52.506Z","ask"
"10.34","329.04","2024-05-25T21:43:52.506Z","ask"
"10.343","1.32","2024-05-25T21:43:52.506Z","ask"
"10.345","2","2024-05-25T21:43:52.506Z","ask"
"10.352","2.05","2024-05-25T21:43:52.506Z","ask"
"10.355","3.06","2024-05-25T21:43:52.506Z","ask"
"10.366","4.34","2024-05-25T21:43:52.506Z","ask"
"10.368","3.45","2024-05-25T21:43:52.506Z","ask"
"10.369","1.77","2024-05-25T21:43:52.506Z","ask"
"10.37","157.72","2024-05-25T21:43:52.506Z","ask"
"10.376","2.87","2024-05-25T21:43:52.506Z","ask"
"10.384","10","2024-05-25T21:43:52.506Z","ask"
"10.39","1.02","2024-05-25T21:43:52.506Z","ask"
"10.4","2187.11","2024-05-25T21:43:52.506Z","ask"
"10.416","332.28","2024-05-25T21:43:52.506Z","ask"
"10.42","300","2024-05-25T21:43:52.506Z","ask"
"10.423","0.78","2024-05-25T21:43:52.506Z","ask"
"10.43","277.5","2024-05-25T21:43:52.506Z","ask"
"10.448","45.8","2024-05-25T21:43:52.506Z","ask"
"10.45","15.66","2024-05-25T21:43:52.506Z","ask"
"10.46","2.65","2024-05-25T21:43:52.506Z","ask"
"10.469","9.87","2024-05-25T21:43:52.506Z","ask"
"10.48","300.31","2024-05-25T21:43:52.506Z","ask"
"10.486","0.78","2024-05-25T21:43:52.506Z","ask"
"10.49","580.08","2024-05-25T21:43:52.506Z","ask"
"10.498","2.51","2024-05-25T21:43:52.506Z","ask"
"10.5","1104.45","2024-05-25T21:43:52.506Z","ask"
"10.51","23.78","2024-05-25T21:43:52.506Z","ask"
"10.514","1.32","2024-05-25T21:43:52.506Z","ask"
"10.52","4.27","2024-05-25T21:43:52.507Z","ask"
"10.531","2.83","2024-05-25T21:43:52.507Z","ask"
"10.549","2.54","2024-05-25T21:43:52.507Z","ask"
"10.57","13.2","2024-05-25T21:43:52.507Z","ask"
"10.571","21.67","2024-05-25T21:43:52.507Z","ask"
"10.572","7.51","2024-05-25T21:43:52.507Z","ask"
"10.58","294.32","2024-05-25T21:43:52.507Z","ask"
"10.581","45.8","2024-05-25T21:43:52.507Z","ask"
"10.59","94.42","2024-05-25T21:43:52.507Z","ask"
"10.6","17.5","2024-05-25T21:43:52.507Z","ask"
"10.606","2.59","2024-05-25T21:43:52.507Z","ask"
"10.612","0.77","2024-05-25T21:43:52.507Z","ask"
"10.62","127.93","2024-05-25T21:43:52.507Z","ask"
"10.625","9.87","2024-05-25T21:43:52.507Z","ask"
"10.629","242.07","2024-05-25T21:43:52.507Z","ask"
"10.644","0.95","2024-05-25T21:43:52.507Z","ask"
"10.65","0.84","2024-05-25T21:43:52.507Z","ask"
"10.655","43.74","2024-05-25T21:43:52.507Z","ask"
"10.659","2.48","2024-05-25T21:43:52.507Z","ask"
"10.67","78","2024-05-25T21:43:52.507Z","ask"
"10.676","0.77","2024-05-25T21:43:52.507Z","ask"
"10.678","4.21","2024-05-25T21:43:52.507Z","ask"
"10.686","1.32","2024-05-25T21:43:52.507Z","ask"
"10.69","2.78","2024-05-25T21:43:52.507Z","ask"
"10.7","227.1","2024-05-25T21:43:52.507Z","ask"
"10.71","389.5","2024-05-25T21:43:52.507Z","ask"
"10.714","45.8","2024-05-25T21:43:52.507Z","ask"
"10.715","0.61","2024-05-25T21:43:52.507Z","ask"
"10.72","16102.6","2024-05-25T21:43:52.507Z","ask"
"10.728","1.77","2024-05-25T21:43:52.507Z","ask"
"10.73","29.38","2024-05-25T21:43:52.507Z","ask"
"10.74","0.76","2024-05-25T21:43:52.507Z","ask"
"10.755","94.44","2024-05-25T21:43:52.507Z","ask"
"10.764","2.59","2024-05-25T21:43:52.507Z","ask"
"10.78","3764","2024-05-25T21:43:52.507Z","ask"
"10.784","9.87","2024-05-25T21:43:52.507Z","ask"
"10.79","673","2024-05-25T21:43:52.507Z","ask"
"10.8","24.65","2024-05-25T21:43:52.507Z","ask"
"10.804","12.02","2024-05-25T21:43:52.507Z","ask"
"10.807","5","2024-05-25T21:43:52.507Z","ask"
"10.81","1.47","2024-05-25T21:43:52.507Z","ask"
"10.823","2.44","2024-05-25T21:43:52.507Z","ask"
"10.835","142","2024-05-25T21:43:52.507Z","ask"
"10.837","4.15","2024-05-25T21:43:52.507Z","ask"
"10.847","45.8","2024-05-25T21:43:52.507Z","ask"
"10.85","2.74","2024-05-25T21:43:52.507Z","ask"
"10.856","0.42","2024-05-25T21:43:52.507Z","ask"
"10.857","1.32","2024-05-25T21:43:52.507Z","ask"
"10.866","7.75","2024-05-25T21:43:52.507Z","ask"
"10.869","0.75","2024-05-25T21:43:52.507Z","ask"
"10.87","729.26","2024-05-25T21:43:52.507Z","ask"
"10.876","0.01","2024-05-25T21:43:52.507Z","ask"
"10.88","359.98","2024-05-25T21:43:52.507Z","ask"
"10.89","41.33","2024-05-25T21:43:52.507Z","ask"
"10.896","431.04","2024-05-25T21:43:52.507Z","ask"
"10.9","271.9","2024-05-25T21:43:52.507Z","ask"
"10.905","1","2024-05-25T21:43:52.507Z","ask"
"10.908","1.77","2024-05-25T21:43:52.507Z","ask"
"10.91","2.49","2024-05-25T21:43:52.507Z","ask"
"10.924","2.59","2024-05-25T21:43:52.507Z","ask"
"10.93","0.37","2024-05-25T21:43:52.507Z","ask"
"10.934","0.75","2024-05-25T21:43:52.507Z","ask"
"10.936","0.01","2024-05-25T21:43:52.507Z","ask"
"10.938","0.01","2024-05-25T21:43:52.507Z","ask"
"10.94","1.38","2024-05-25T21:43:52.507Z","ask"
"10.943","0.01","2024-05-25T21:43:52.507Z","ask"
"10.946","9.87","2024-05-25T21:43:52.507Z","ask"
"10.95","1.41","2024-05-25T21:43:52.507Z","ask"
"10.97","1000.25","2024-05-25T21:43:52.507Z","ask"
"10.971","0.78","2024-05-25T21:43:52.507Z","ask"
"10.978","1.88","2024-05-25T21:43:52.507Z","ask"
"10.98","47.09","2024-05-25T21:43:52.507Z","ask"
"10.981","4.78","2024-05-25T21:43:52.507Z","ask"
"10.987","1.88","2024-05-25T21:43:52.507Z","ask"
"10.989","2.41","2024-05-25T21:43:52.507Z","ask"
"10.99","27.91","2024-05-25T21:43:52.507Z","ask"
"10.993","0.92","2024-05-25T21:43:52.507Z","ask"
"10.999","4.29","2024-05-25T21:43:52.507Z","ask"
"11","2397.59","2024-05-25T21:43:52.507Z","ask"
"11.01","1.25","2024-05-25T21:43:52.507Z","ask"
"11.014","2.7","2024-05-25T21:43:52.507Z","ask"
"11.02","3.34","2024-05-25T21:43:52.507Z","ask"
"11.022","5","2024-05-25T21:43:52.507Z","ask"
"11.029","1.32","2024-05-25T21:43:52.507Z","ask"
"11.049","0.59","2024-05-25T21:43:52.507Z","ask"
"11.05","159.65","2024-05-25T21:43:52.507Z","ask"
"11.054","0.59","2024-05-25T21:43:52.507Z","ask"
"11.066","0.74","2024-05-25T21:43:52.507Z","ask"
"11.08","1.22","2024-05-25T21:43:52.507Z","ask"
"11.086","2.59","2024-05-25T21:43:52.507Z","ask"
"11.087","1.77","2024-05-25T21:43:52.507Z","ask"
"11.09","1052.9","2024-05-25T21:43:52.507Z","ask"
"11.1","1.21","2024-05-25T21:43:52.507Z","ask"
"11.105","1.86","2024-05-25T21:43:52.507Z","ask"
"11.109","9.87","2024-05-25T21:43:52.507Z","ask"
"11.11","1.54","2024-05-25T21:43:52.507Z","ask"
"11.113","45.8","2024-05-25T21:43:52.507Z","ask"
"11.12","96.2","2024-05-25T21:43:52.507Z","ask"
"11.13","182.38","2024-05-25T21:43:52.507Z","ask"
"11.132","0.73","2024-05-25T21:43:52.507Z","ask"
"11.136","0.58","2024-05-25T21:43:52.507Z","ask"
"11.15","154.38","2024-05-25T21:43:52.507Z","ask"
"11.157","2.36","2024-05-25T21:43:52.507Z","ask"
"11.16","2.69","2024-05-25T21:43:52.507Z","ask"
"11.163","4.03","2024-05-25T21:43:52.507Z","ask"
"11.18","690.99","2024-05-25T21:43:52.507Z","ask"
"11.181","6.19","2024-05-25T21:43:52.507Z","ask"
"11.19","287","2024-05-25T21:43:52.507Z","ask"
"11.198","0.73","2024-05-25T21:43:52.507Z","ask"
"11.2","750.53","2024-05-25T21:43:52.507Z","ask"
"11.215","12","2024-05-25T21:43:52.507Z","ask"
"11.22","1.17","2024-05-25T21:43:52.507Z","ask"
"11.23","35.03","2024-05-25T21:43:52.507Z","ask"
"11.24","70.65","2024-05-25T21:43:52.507Z","ask"
"11.246","45.8","2024-05-25T21:43:52.507Z","ask"
"11.249","0.9","2024-05-25T21:43:52.507Z","ask"
"11.25","985.16","2024-05-25T21:43:52.507Z","ask"
"11.251","2.59","2024-05-25T21:43:52.507Z","ask"
"11.253","3.07","2024-05-25T21:43:52.507Z","ask"
"11.265","0.63","2024-05-25T21:43:52.507Z","ask"
"11.267","1.77","2024-05-25T21:43:52.507Z","ask"
"11.27","709.03","2024-05-25T21:43:52.507Z","ask"
"11.275","9.87","2024-05-25T21:43:52.507Z","ask"
"11.28","56.37","2024-05-25T21:43:52.507Z","ask"
"11.29","51.18","2024-05-25T21:43:52.507Z","ask"
"11.3","82.37","2024-05-25T21:43:52.507Z","ask"
"11.303","4.45","2024-05-25T21:43:52.507Z","ask"
"11.308","146.17","2024-05-25T21:43:52.507Z","ask"
"11.31","81.33","2024-05-25T21:43:52.507Z","ask"
"11.32","2.68","2024-05-25T21:43:52.507Z","ask"
"11.328","2.33","2024-05-25T21:43:52.507Z","ask"
"11.33","1.76","2024-05-25T21:43:52.507Z","ask"
"11.332","0.72","2024-05-25T21:43:52.507Z","ask"
"11.336","0.27","2024-05-25T21:43:52.507Z","ask"
"11.34","75.45","2024-05-25T21:43:52.507Z","ask"
"11.346","2","2024-05-25T21:43:52.507Z","ask"
"11.349","2.62","2024-05-25T21:43:52.507Z","ask"
"11.35","368.38","2024-05-25T21:43:52.507Z","ask"
"11.36","3352.14","2024-05-25T21:43:52.507Z","ask"
"11.37","184.44","2024-05-25T21:43:52.507Z","ask"
"11.371","1.32","2024-05-25T21:43:52.507Z","ask"
"11.373","397.96","2024-05-25T21:43:52.507Z","ask"
"11.379","45.8","2024-05-25T21:43:52.507Z","ask"
"11.38","37.65","2024-05-25T21:43:52.507Z","ask"
"11.387","0.27","2024-05-25T21:43:52.507Z","ask"
"11.39","71.21","2024-05-25T21:43:52.507Z","ask"
"11.399","0.99","2024-05-25T21:43:52.507Z","ask"
"11.4","78.47","2024-05-25T21:43:52.507Z","ask"
"11.418","2.59","2024-05-25T21:43:52.507Z","ask"
"11.42","9.18","2024-05-25T21:43:52.507Z","ask"
"11.422","0.61","2024-05-25T21:43:52.507Z","ask"
"11.428","1.81","2024-05-25T21:43:52.507Z","ask"
"11.43","4.12","2024-05-25T21:43:52.507Z","ask"
"11.433","0.18","2024-05-25T21:43:52.507Z","ask"
"11.434","43.84","2024-05-25T21:43:52.507Z","ask"
"11.438","10","2024-05-25T21:43:52.507Z","ask"
"11.44","1.78","2024-05-25T21:43:52.507Z","ask"
"11.444","9.87","2024-05-25T21:43:52.507Z","ask"
"11.446","1.77","2024-05-25T21:43:52.507Z","ask"
"11.449","22.18","2024-05-25T21:43:52.507Z","ask"
"11.45","1706.51","2024-05-25T21:43:52.507Z","ask"
"11.452","2.31","2024-05-25T21:43:52.507Z","ask"
"11.453","1.24","2024-05-25T21:43:52.507Z","ask"
"11.455","1.24","2024-05-25T21:43:52.507Z","ask"
"11.46","2.45","2024-05-25T21:43:52.507Z","ask"
"11.466","314.99","2024-05-25T21:43:52.507Z","ask"
"11.467","0.71","2024-05-25T21:43:52.507Z","ask"
"11.47","1.55","2024-05-25T21:43:52.507Z","ask"
"11.48","230.93","2024-05-25T21:43:52.507Z","ask"
"11.483","2.17","2024-05-25T21:43:52.507Z","ask"
"11.49","133.7","2024-05-25T21:43:52.507Z","ask"
"11.494","5","2024-05-25T21:43:52.507Z","ask"
"11.5","1108.3","2024-05-25T21:43:52.507Z","ask"
"11.502","2.29","2024-05-25T21:43:52.507Z","ask"
"11.51","1.21","2024-05-25T21:43:52.507Z","ask"
"11.512","45.8","2024-05-25T21:43:52.507Z","ask"
"11.519","0.27","2024-05-25T21:43:52.507Z","ask"
"11.52","3.83","2024-05-25T21:43:52.507Z","ask"
"11.526","70.69","2024-05-25T21:43:52.507Z","ask"
"11.529","70.69","2024-05-25T21:43:52.507Z","ask"
"11.53","7.09","2024-05-25T21:43:52.507Z","ask"
"11.535","0.71","2024-05-25T21:43:52.507Z","ask"
"11.539","1.79","2024-05-25T21:43:52.507Z","ask"
"11.54","1.36","2024-05-25T21:43:52.507Z","ask"
"11.542","1","2024-05-25T21:43:52.507Z","ask"
"11.543","3.82","2024-05-25T21:43:52.507Z","ask"
"11.548","106.01","2024-05-25T21:43:52.507Z","ask"
"11.55","0.14","2024-05-25T21:43:52.507Z","ask"
"11.558","54.17","2024-05-25T21:43:52.507Z","ask"
"11.56","14","2024-05-25T21:43:52.507Z","ask"
"11.561","0.27","2024-05-25T21:43:52.507Z","ask"
"11.569","0.27","2024-05-25T21:43:52.507Z","ask"
"11.57","4.44","2024-05-25T21:43:52.507Z","ask"
"11.575","1.3","2024-05-25T21:43:52.507Z","ask"
"11.58","1.22","2024-05-25T21:43:52.507Z","ask"
"11.582","70.66","2024-05-25T21:43:52.507Z","ask"
"11.585","70.66","2024-05-25T21:43:52.507Z","ask"
"11.588","2.59","2024-05-25T21:43:52.507Z","ask"
"11.589","45.01","2024-05-25T21:43:52.507Z","ask"
"11.59","352.52","2024-05-25T21:43:52.507Z","ask"
"11.592","18","2024-05-25T21:43:52.507Z","ask"
"11.599","17.67","2024-05-25T21:43:52.507Z","ask"
"11.6","13666.34","2024-05-25T21:43:52.507Z","ask"
"11.604","106.7","2024-05-25T21:43:52.507Z","ask"
"11.61","1386.5","2024-05-25T21:43:52.507Z","ask"
"11.615","9.87","2024-05-25T21:43:52.507Z","ask"
"11.625","1.77","2024-05-25T21:43:52.507Z","ask"
"11.63","0.01","2024-05-25T21:43:52.507Z","ask"
"11.638","70.66","2024-05-25T21:43:52.507Z","ask"
"11.64","3.29","2024-05-25T21:43:52.507Z","ask"
"11.642","70.66","2024-05-25T21:43:52.507Z","ask"
"11.645","45.8","2024-05-25T21:43:52.507Z","ask"
"11.65","1.23","2024-05-25T21:43:52.507Z","ask"
"11.656","17.66","2024-05-25T21:43:52.507Z","ask"
"11.66","109.27","2024-05-25T21:43:52.507Z","ask"
"11.669","2.14","2024-05-25T21:43:52.507Z","ask"
"11.67","2.34","2024-05-25T21:43:52.507Z","ask"
"11.672","3.85","2024-05-25T21:43:52.507Z","ask"
"11.673","0.7","2024-05-25T21:43:52.507Z","ask"
"11.675","90","2024-05-25T21:43:52.507Z","ask"
"11.677","452.34","2024-05-25T21:43:52.507Z","ask"
"11.679","7.52","2024-05-25T21:43:52.507Z","ask"
"11.68","80.22","2024-05-25T21:43:52.507Z","ask"
"11.69","925.3","2024-05-25T21:43:52.507Z","ask"
"11.693","2.55","2024-05-25T21:43:52.507Z","ask"
"11.694","70.66","2024-05-25T21:43:52.507Z","ask"
"11.698","70.66","2024-05-25T21:43:52.507Z","ask"
"11.7","518.76","2024-05-25T21:43:52.507Z","ask"
"11.705","0.26","2024-05-25T21:43:52.507Z","ask"
"11.708","0.26","2024-05-25T21:43:52.507Z","ask"
"11.71","4.92","2024-05-25T21:43:52.507Z","ask"
"11.713","17.66","2024-05-25T21:43:52.507Z","ask"
"11.714","1.32","2024-05-25T21:43:52.507Z","ask"
"11.717","106","2024-05-25T21:43:52.507Z","ask"
"11.72","1.21","2024-05-25T21:43:52.507Z","ask"
"11.725","2.64","2024-05-25T21:43:52.507Z","ask"
"11.73","1.28","2024-05-25T21:43:52.507Z","ask"
"11.732","15","2024-05-25T21:43:52.507Z","ask"
"11.736","5.26","2024-05-25T21:43:52.507Z","ask"
"11.739","0.26","2024-05-25T21:43:52.507Z","ask"
"11.74","21.37","2024-05-25T21:43:52.507Z","ask"
"11.742","0.7","2024-05-25T21:43:52.507Z","ask"
"11.746","36.94","2024-05-25T21:43:52.507Z","ask"
"11.75","84.29","2024-05-25T21:43:52.507Z","ask"
"11.751","116.02","2024-05-25T21:43:52.507Z","ask"
"11.754","70.66","2024-05-25T21:43:52.507Z","ask"
"11.76","2.59","2024-05-25T21:43:52.507Z","ask"
"11.769","17.66","2024-05-25T21:43:52.507Z","ask"
"11.77","5","2024-05-25T21:43:52.507Z","ask"
"11.773","106","2024-05-25T21:43:52.507Z","ask"
"11.778","45.8","2024-05-25T21:43:52.507Z","ask"
"11.779","14.51","2024-05-25T21:43:52.507Z","ask"
"11.78","53.34","2024-05-25T21:43:52.507Z","ask"
"11.789","9.87","2024-05-25T21:43:52.507Z","ask"
"11.79","1.2","2024-05-25T21:43:52.507Z","ask"
"11.793","5.26","2024-05-25T21:43:52.507Z","ask"
"11.8","448.75","2024-05-25T21:43:52.507Z","ask"
"11.805","1.77","2024-05-25T21:43:52.507Z","ask"
"11.807","1.44","2024-05-25T21:43:52.507Z","ask"
"11.808","0.55","2024-05-25T21:43:52.507Z","ask"
"11.81","424.25","2024-05-25T21:43:52.507Z","ask"
"11.811","2","2024-05-25T21:43:52.507Z","ask"
"11.812","0.69","2024-05-25T21:43:52.507Z","ask"
"11.82","5.18","2024-05-25T21:43:52.507Z","ask"
"11.826","17.66","2024-05-25T21:43:52.507Z","ask"
"11.83","0.51","2024-05-25T21:43:52.507Z","ask"
"11.835","76.33","2024-05-25T21:43:52.507Z","ask"
"11.84","99.66","2024-05-25T21:43:52.507Z","ask"
"11.843","277.65","2024-05-25T21:43:52.507Z","ask"
"11.847","4.06","2024-05-25T21:43:52.507Z","ask"
"11.85","284.47","2024-05-25T21:43:52.507Z","ask"
"11.858","2.22","2024-05-25T21:43:52.507Z","ask"
"11.86","1.11","2024-05-25T21:43:52.507Z","ask"
"11.861","1.27","2024-05-25T21:43:52.507Z","ask"
"11.869","4.51","2024-05-25T21:43:52.507Z","ask"
"11.87","70.63","2024-05-25T21:43:52.507Z","ask"
"11.875","406.55","2024-05-25T21:43:52.507Z","ask"
"11.88","1.52","2024-05-25T21:43:52.507Z","ask"
"11.882","0.69","2024-05-25T21:43:52.507Z","ask"
"11.886","188.98","2024-05-25T21:43:52.507Z","ask"
"11.89","135.65","2024-05-25T21:43:52.507Z","ask"
"11.897","444.36","2024-05-25T21:43:52.507Z","ask"
"11.898","0.68","2024-05-25T21:43:52.507Z","ask"
"11.899","17.43","2024-05-25T21:43:52.507Z","ask"
"11.9","279.25","2024-05-25T21:43:52.507Z","ask"
"11.907","5.26","2024-05-25T21:43:52.507Z","ask"
"11.91","11.63","2024-05-25T21:43:52.507Z","ask"
"11.911","45.8","2024-05-25T21:43:52.507Z","ask"
"11.92","55.62","2024-05-25T21:43:52.507Z","ask"
"11.93","1","2024-05-25T21:43:52.507Z","ask"
"11.935","2.59","2024-05-25T21:43:52.507Z","ask"
"11.94","1.21","2024-05-25T21:43:52.507Z","ask"
"11.95","293.09","2024-05-25T21:43:52.507Z","ask"
"11.953","0.68","2024-05-25T21:43:52.507Z","ask"
"11.96","4.68","2024-05-25T21:43:52.507Z","ask"
"11.965","9.87","2024-05-25T21:43:52.507Z","ask"
"11.97","156.28","2024-05-25T21:43:52.507Z","ask"
"11.98","158.42","2024-05-25T21:43:52.507Z","ask"
"11.984","6.77","2024-05-25T21:43:52.507Z","ask"
"11.99","148.91","2024-05-25T21:43:52.507Z","ask"
"11.993","0.84","2024-05-25T21:43:52.507Z","ask"
"11.999","0.2","2024-05-25T21:43:52.507Z","ask"
"12","5551.54","2024-05-25T21:43:52.507Z","ask"
"12.01","1.2","2024-05-25T21:43:52.507Z","ask"
"12.02","2.57","2024-05-25T21:43:52.507Z","ask"
"12.024","0.68","2024-05-25T21:43:52.507Z","ask"
"12.03","51.89","2024-05-25T21:43:52.507Z","ask"
"12.04","1305.25","2024-05-25T21:43:52.507Z","ask"
"12.044","45.8","2024-05-25T21:43:52.507Z","ask"
"12.048","2.47","2024-05-25T21:43:52.507Z","ask"
"12.05","0.22","2024-05-25T21:43:52.507Z","ask"
"12.057","1.32","2024-05-25T21:43:52.507Z","ask"
"12.06","53.29","2024-05-25T21:43:52.507Z","ask"
"12.07","35.53","2024-05-25T21:43:52.507Z","ask"
"12.08","1.11","2024-05-25T21:43:52.507Z","ask"
"12.086","0.38","2024-05-25T21:43:52.507Z","ask"
"12.09","1.45","2024-05-25T21:43:52.507Z","ask"
"12.096","0.67","2024-05-25T21:43:52.507Z","ask"
"12.1","436.27","2024-05-25T21:43:52.507Z","ask"
"12.113","2.59","2024-05-25T21:43:52.507Z","ask"
"12.116","1.7","2024-05-25T21:43:52.507Z","ask"
"12.12","1.5","2024-05-25T21:43:52.507Z","ask"
"12.13","5.64","2024-05-25T21:43:52.507Z","ask"
"12.144","9.87","2024-05-25T21:43:52.507Z","ask"
"12.145","24","2024-05-25T21:43:52.507Z","ask"
"12.15","1","2024-05-25T21:43:52.507Z","ask"
"12.16","1.42","2024-05-25T21:43:52.507Z","ask"
"12.164","1.77","2024-05-25T21:43:52.507Z","ask"
"12.168","104.39","2024-05-25T21:43:52.507Z","ask"
"12.17","68.94","2024-05-25T21:43:52.507Z","ask"
"12.177","45.8","2024-05-25T21:43:52.507Z","ask"
"12.19","88","2024-05-25T21:43:52.507Z","ask"
"12.2","6.57","2024-05-25T21:43:52.507Z","ask"
"12.204","3.68","2024-05-25T21:43:52.507Z","ask"
"12.208","9.01","2024-05-25T21:43:52.507Z","ask"
"12.225","2.16","2024-05-25T21:43:52.507Z","ask"
"12.229","1.32","2024-05-25T21:43:52.507Z","ask"
"12.23","3.89","2024-05-25T21:43:52.507Z","ask"
"12.231","1.47","2024-05-25T21:43:52.507Z","ask"
"12.24","223.26","2024-05-25T21:43:52.507Z","ask"
"12.25","313.54","2024-05-25T21:43:52.507Z","ask"
"12.26","1.48","2024-05-25T21:43:52.507Z","ask"
"12.27","4.85","2024-05-25T21:43:52.507Z","ask"
"12.288","25","2024-05-25T21:43:52.507Z","ask"
"12.29","784","2024-05-25T21:43:52.507Z","ask"
"12.292","9.71","2024-05-25T21:43:52.507Z","ask"
"12.293","2.59","2024-05-25T21:43:52.507Z","ask"
"12.3","2431.35","2024-05-25T21:43:52.507Z","ask"
"12.31","49.82","2024-05-25T21:43:52.507Z","ask"
"12.313","13.08","2024-05-25T21:43:52.507Z","ask"
"12.32","237","2024-05-25T21:43:52.507Z","ask"
"12.321","22.66","2024-05-25T21:43:52.507Z","ask"
"12.325","9.87","2024-05-25T21:43:52.507Z","ask"
"12.33","1.4","2024-05-25T21:43:52.507Z","ask"
"12.331","65.84","2024-05-25T21:43:52.507Z","ask"
"12.34","4.63","2024-05-25T21:43:52.507Z","ask"
"12.343","1.77","2024-05-25T21:43:52.507Z","ask"
"12.345","0.37","2024-05-25T21:43:52.507Z","ask"
"12.347","2","2024-05-25T21:43:52.507Z","ask"
"12.35","28.24","2024-05-25T21:43:52.507Z","ask"
"12.364","4.57","2024-05-25T21:43:52.507Z","ask"
"12.37","1.31","2024-05-25T21:43:52.507Z","ask"
"12.38","3.94","2024-05-25T21:43:52.507Z","ask"
"12.386","4.29","2024-05-25T21:43:52.507Z","ask"
"12.391","0.1","2024-05-25T21:43:52.507Z","ask"
"12.4","174.23","2024-05-25T21:43:52.507Z","ask"
"12.41","47.17","2024-05-25T21:43:52.507Z","ask"
"12.415","2.4","2024-05-25T21:43:52.507Z","ask"
"12.42","16.17","2024-05-25T21:43:52.507Z","ask"
"12.44","1.26","2024-05-25T21:43:52.507Z","ask"
"12.45","4.69","2024-05-25T21:43:52.507Z","ask"
"12.456","161.2","2024-05-25T21:43:52.507Z","ask"
"12.46","90.9","2024-05-25T21:43:52.507Z","ask"
"12.463","0.68","2024-05-25T21:43:52.507Z","ask"
"12.466","9.78","2024-05-25T21:43:52.507Z","ask"
"12.47","5.29","2024-05-25T21:43:52.507Z","ask"
"12.476","2.59","2024-05-25T21:43:52.507Z","ask"
"12.48","3.6","2024-05-25T21:43:52.508Z","ask"
"12.484","5","2024-05-25T21:43:52.508Z","ask"
"12.49","331.14","2024-05-25T21:43:52.508Z","ask"
"12.5","585.22","2024-05-25T21:43:52.508Z","ask"
"12.509","9.87","2024-05-25T21:43:52.508Z","ask"
"12.51","42.42","2024-05-25T21:43:52.508Z","ask"
"12.52","30.65","2024-05-25T21:43:52.508Z","ask"
"12.523","1.77","2024-05-25T21:43:52.508Z","ask"
"12.526","0.25","2024-05-25T21:43:52.508Z","ask"
"12.53","115.08","2024-05-25T21:43:52.508Z","ask"
"12.534","0.65","2024-05-25T21:43:52.508Z","ask"
"12.54","2.42","2024-05-25T21:43:52.508Z","ask"
"12.546","2.33","2024-05-25T21:43:52.508Z","ask"
"12.55","3.34","2024-05-25T21:43:52.508Z","ask"
"12.557","24.32","2024-05-25T21:43:52.508Z","ask"
"12.56","1.19","2024-05-25T21:43:52.508Z","ask"
"12.562","0.11","2024-05-25T21:43:52.508Z","ask"
"12.571","1.32","2024-05-25T21:43:52.508Z","ask"
"12.58","35.6","2024-05-25T21:43:52.508Z","ask"
"12.59","5.27","2024-05-25T21:43:52.508Z","ask"
"12.596","2.09","2024-05-25T21:43:52.508Z","ask"
"12.6","313.51","2024-05-25T21:43:52.508Z","ask"
"12.602","2.36","2024-05-25T21:43:52.508Z","ask"
"12.609","1.02","2024-05-25T21:43:52.508Z","ask"
"12.61","14.31","2024-05-25T21:43:52.508Z","ask"
"12.62","78.72","2024-05-25T21:43:52.508Z","ask"
"12.63","1.2","2024-05-25T21:43:52.508Z","ask"
"12.65","837.54","2024-05-25T21:43:52.508Z","ask"
"12.652","159.28","2024-05-25T21:43:52.508Z","ask"
"12.657","0.4","2024-05-25T21:43:52.508Z","ask"
"12.658","0.17","2024-05-25T21:43:52.508Z","ask"
"12.66","154.59","2024-05-25T21:43:52.508Z","ask"
"12.661","2.59","2024-05-25T21:43:52.508Z","ask"
"12.671","12.08","2024-05-25T21:43:52.508Z","ask"
"12.674","1.58","2024-05-25T21:43:52.508Z","ask"
"12.68","43.02","2024-05-25T21:43:52.508Z","ask"
"12.684","0.64","2024-05-25T21:43:52.508Z","ask"
"12.69","4.97","2024-05-25T21:43:52.508Z","ask"
"12.696","9.87","2024-05-25T21:43:52.508Z","ask"
"12.7","2168.17","2024-05-25T21:43:52.508Z","ask"
"12.702","1.77","2024-05-25T21:43:52.508Z","ask"
"12.71","10.98","2024-05-25T21:43:52.508Z","ask"
"12.72","101.69","2024-05-25T21:43:52.508Z","ask"
"12.73","4.59","2024-05-25T21:43:52.508Z","ask"
"12.741","29.98","2024-05-25T21:43:52.508Z","ask"
"12.743","1.32","2024-05-25T21:43:52.508Z","ask"
"12.75","38.36","2024-05-25T21:43:52.508Z","ask"
"12.759","4.16","2024-05-25T21:43:52.508Z","ask"
"12.76","451.91","2024-05-25T21:43:52.508Z","ask"
"12.77","11349.81","2024-05-25T21:43:52.508Z","ask"
"12.78","1494.02","2024-05-25T21:43:52.508Z","ask"
"12.786","2.06","2024-05-25T21:43:52.508Z","ask"
"12.79","1.22","2024-05-25T21:43:52.508Z","ask"
"12.792","2.33","2024-05-25T21:43:52.508Z","ask"
"12.8","1428.36","2024-05-25T21:43:52.508Z","ask"
"12.82","2543.23","2024-05-25T21:43:52.508Z","ask"
"12.822","285.28","2024-05-25T21:43:52.508Z","ask"
"12.83","565.67","2024-05-25T21:43:52.508Z","ask"
"12.835","0.64","2024-05-25T21:43:52.508Z","ask"
"12.84","3.32","2024-05-25T21:43:52.508Z","ask"
"12.849","2.59","2024-05-25T21:43:52.508Z","ask"
"12.85","31.45","2024-05-25T21:43:52.508Z","ask"
"12.852","315.72","2024-05-25T21:43:52.508Z","ask"
"12.853","103.26","2024-05-25T21:43:52.508Z","ask"
"12.86","164.92","2024-05-25T21:43:52.508Z","ask"
"12.87","391.76","2024-05-25T21:43:52.508Z","ask"
"12.878","0.38","2024-05-25T21:43:52.508Z","ask"
"12.88","86.21","2024-05-25T21:43:52.508Z","ask"
"12.885","194.42","2024-05-25T21:43:52.508Z","ask"
"12.886","9.87","2024-05-25T21:43:52.508Z","ask"
"12.89","174.94","2024-05-25T21:43:52.508Z","ask"
"12.891","10","2024-05-25T21:43:52.508Z","ask"
"12.898","8.13","2024-05-25T21:43:52.508Z","ask"
"12.9","38.34","2024-05-25T21:43:52.508Z","ask"
"12.91","3.38","2024-05-25T21:43:52.508Z","ask"
"12.911","0.63","2024-05-25T21:43:52.508Z","ask"
"12.914","1.32","2024-05-25T21:43:52.508Z","ask"
"12.92","30","2024-05-25T21:43:52.508Z","ask"
"12.93","20.5","2024-05-25T21:43:52.508Z","ask"
"12.931","0.58","2024-05-25T21:43:52.508Z","ask"
"12.94","16.81","2024-05-25T21:43:52.508Z","ask"
"12.95","27.55","2024-05-25T21:43:52.508Z","ask"
"12.951","3.47","2024-05-25T21:43:52.508Z","ask"
"12.96","12.09","2024-05-25T21:43:52.508Z","ask"
"12.962","0.78","2024-05-25T21:43:52.508Z","ask"
"12.97","77","2024-05-25T21:43:52.508Z","ask"
"12.974","1.38","2024-05-25T21:43:52.508Z","ask"
"12.976","0.24","2024-05-25T21:43:52.508Z","ask"
"12.978","2.03","2024-05-25T21:43:52.508Z","ask"
"12.98","3.4","2024-05-25T21:43:52.508Z","ask"
"12.984","5","2024-05-25T21:43:52.508Z","ask"
"12.985","2.29","2024-05-25T21:43:52.508Z","ask"
"12.986","15","2024-05-25T21:43:52.508Z","ask"
"12.988","0.63","2024-05-25T21:43:52.508Z","ask"
"12.99","173.75","2024-05-25T21:43:52.508Z","ask"
"12.993","1.94","2024-05-25T21:43:52.508Z","ask"
"12.999","0.82","2024-05-25T21:43:52.508Z","ask"
"13","5840.51","2024-05-25T21:43:52.508Z","ask"
"13.001","200","2024-05-25T21:43:52.508Z","ask"
"13.01","7.47","2024-05-25T21:43:52.508Z","ask"
"13.02","1.06","2024-05-25T21:43:52.508Z","ask"
"13.03","58.89","2024-05-25T21:43:52.508Z","ask"
"13.04","17.85","2024-05-25T21:43:52.508Z","ask"
"13.041","2.59","2024-05-25T21:43:52.508Z","ask"
"13.049","3.84","2024-05-25T21:43:52.508Z","ask"
"13.05","12.05","2024-05-25T21:43:52.508Z","ask"
"13.06","1","2024-05-25T21:43:52.508Z","ask"
"13.065","0.62","2024-05-25T21:43:52.508Z","ask"
"13.07","1072","2024-05-25T21:43:52.508Z","ask"
"13.072","0.33","2024-05-25T21:43:52.508Z","ask"
"13.079","9.87","2024-05-25T21:43:52.508Z","ask"
"13.08","11.34","2024-05-25T21:43:52.508Z","ask"
"13.085","9.12","2024-05-25T21:43:52.508Z","ask"
"13.086","1.32","2024-05-25T21:43:52.508Z","ask"
"13.09","1.2","2024-05-25T21:43:52.508Z","ask"
"13.1","2","2024-05-25T21:43:52.508Z","ask"
"13.11","1","2024-05-25T21:43:52.508Z","ask"
"13.12","2","2024-05-25T21:43:52.508Z","ask"
"13.125","0.23","2024-05-25T21:43:52.508Z","ask"
"13.13","10.85","2024-05-25T21:43:52.508Z","ask"
"13.138","68.1","2024-05-25T21:43:52.508Z","ask"
"13.14","198","2024-05-25T21:43:52.508Z","ask"
"13.143","0.62","2024-05-25T21:43:52.508Z","ask"
"13.144","3.42","2024-05-25T21:43:52.508Z","ask"
"13.15","7","2024-05-25T21:43:52.508Z","ask"
"13.16","1","2024-05-25T21:43:52.508Z","ask"
"13.17","1.22","2024-05-25T21:43:52.508Z","ask"
"13.175","2","2024-05-25T21:43:52.508Z","ask"
"13.18","1","2024-05-25T21:43:52.508Z","ask"
"13.181","2.26","2024-05-25T21:43:52.508Z","ask"
"13.185","7.26","2024-05-25T21:43:52.508Z","ask"
"13.189","0.16","2024-05-25T21:43:52.508Z","ask"
"13.19","1","2024-05-25T21:43:52.508Z","ask"
"13.2","65.31","2024-05-25T21:43:52.508Z","ask"
"13.213","0.85","2024-05-25T21:43:52.508Z","ask"
"13.22","2","2024-05-25T21:43:52.508Z","ask"
"13.221","0.62","2024-05-25T21:43:52.508Z","ask"
"13.23","1","2024-05-25T21:43:52.508Z","ask"
"13.234","2.59","2024-05-25T21:43:52.508Z","ask"
"13.235","10","2024-05-25T21:43:52.508Z","ask"
"13.24","2","2024-05-25T21:43:52.508Z","ask"
"13.245","26.4","2024-05-25T21:43:52.508Z","ask"
"13.25","454.86","2024-05-25T21:43:52.508Z","ask"
"13.253","0.23","2024-05-25T21:43:52.508Z","ask"
"13.257","1.32","2024-05-25T21:43:52.508Z","ask"
"13.26","7.6","2024-05-25T21:43:52.508Z","ask"
"13.268","3.4","2024-05-25T21:43:52.508Z","ask"
"13.27","2","2024-05-25T21:43:52.508Z","ask"
"13.273","78.12","2024-05-25T21:43:52.508Z","ask"
"13.274","9.87","2024-05-25T21:43:52.508Z","ask"
"13.28","1","2024-05-25T21:43:52.508Z","ask"
"13.281","63.11","2024-05-25T21:43:52.508Z","ask"
"13.285","200","2024-05-25T21:43:52.508Z","ask"
"13.29","1","2024-05-25T21:43:52.508Z","ask"
"13.3","41.62","2024-05-25T21:43:52.508Z","ask"
"13.31","1","2024-05-25T21:43:52.508Z","ask"
"13.315","282.37","2024-05-25T21:43:52.508Z","ask"
"13.32","1043.65","2024-05-25T21:43:52.508Z","ask"
"13.33","182.66","2024-05-25T21:43:52.508Z","ask"
"13.331","38.9","2024-05-25T21:43:52.508Z","ask"
"13.34","16.2","2024-05-25T21:43:52.508Z","ask"
"13.35","600.5","2024-05-25T21:43:52.508Z","ask"
"13.351","943.89","2024-05-25T21:43:52.508Z","ask"
"13.355","881.12","2024-05-25T21:43:52.508Z","ask"
"13.36","1","2024-05-25T21:43:52.508Z","ask"
"13.366","1.54","2024-05-25T21:43:52.508Z","ask"
"13.368","103.25","2024-05-25T21:43:52.508Z","ask"
"13.37","1","2024-05-25T21:43:52.508Z","ask"
"13.373","1.97","2024-05-25T21:43:52.508Z","ask"
"13.376","0.23","2024-05-25T21:43:52.508Z","ask"
"13.379","0.61","2024-05-25T21:43:52.508Z","ask"
"13.38","1","2024-05-25T21:43:52.508Z","ask"
"13.39","69.09","2024-05-25T21:43:52.508Z","ask"
"13.4","1233.32","2024-05-25T21:43:52.508Z","ask"
"13.405","1.88","2024-05-25T21:43:52.508Z","ask"
"13.41","2","2024-05-25T21:43:52.508Z","ask"
"13.425","0.23","2024-05-25T21:43:52.508Z","ask"
"13.426","0.3","2024-05-25T21:43:52.508Z","ask"
"13.428","4.57","2024-05-25T21:43:52.508Z","ask"
"13.429","1.32","2024-05-25T21:43:52.508Z","ask"
"13.43","11","2024-05-25T21:43:52.508Z","ask"
"13.431","2.59","2024-05-25T21:43:52.508Z","ask"
"13.432","7","2024-05-25T21:43:52.508Z","ask"
"13.44","171","2024-05-25T21:43:52.508Z","ask"
"13.442","0.32","2024-05-25T21:43:52.508Z","ask"
"13.45","77.6","2024-05-25T21:43:52.508Z","ask"
"13.458","0.61","2024-05-25T21:43:52.508Z","ask"
"13.46","97.4","2024-05-25T21:43:52.508Z","ask"
"13.47","1","2024-05-25T21:43:52.508Z","ask"
"13.472","9.87","2024-05-25T21:43:52.508Z","ask"
"13.473","5.97","2024-05-25T21:43:52.508Z","ask"
"13.48","108.5","2024-05-25T21:43:52.508Z","ask"
"13.49","74","2024-05-25T21:43:52.508Z","ask"
"13.496","147.1","2024-05-25T21:43:52.508Z","ask"
"13.5","1811.07","2024-05-25T21:43:52.508Z","ask"
"13.51","1","2024-05-25T21:43:52.508Z","ask"
"13.512","16.64","2024-05-25T21:43:52.508Z","ask"
"13.52","15.8","2024-05-25T21:43:52.508Z","ask"
"13.523","0.5","2024-05-25T21:43:52.508Z","ask"
"13.53","2457.02","2024-05-25T21:43:52.508Z","ask"
"13.538","0.6","2024-05-25T21:43:52.508Z","ask"
"13.54","154.32","2024-05-25T21:43:52.508Z","ask"
"13.55","1","2024-05-25T21:43:52.508Z","ask"
"13.554","2.21","2024-05-25T21:43:52.508Z","ask"
"13.555","0.45","2024-05-25T21:43:52.508Z","ask"
"13.56","359","2024-05-25T21:43:52.508Z","ask"
"13.569","10","2024-05-25T21:43:52.508Z","ask"
"13.575","1.94","2024-05-25T21:43:52.508Z","ask"
"13.58","1","2024-05-25T21:43:52.508Z","ask"
"13.59","2","2024-05-25T21:43:52.508Z","ask"
"13.6","177.92","2024-05-25T21:43:52.508Z","ask"
"13.607","4.52","2024-05-25T21:43:52.508Z","ask"
"13.61","283.19","2024-05-25T21:43:52.508Z","ask"
"13.617","8.77","2024-05-25T21:43:52.508Z","ask"
"13.618","0.6","2024-05-25T21:43:52.508Z","ask"
"13.62","8833.64","2024-05-25T21:43:52.508Z","ask"
"13.631","2.59","2024-05-25T21:43:52.508Z","ask"
"13.65","6.14","2024-05-25T21:43:52.508Z","ask"
"13.66","1","2024-05-25T21:43:52.508Z","ask"
"13.67","2.7","2024-05-25T21:43:52.508Z","ask"
"13.674","9.87","2024-05-25T21:43:52.508Z","ask"
"13.68","2963.58","2024-05-25T21:43:52.508Z","ask"
"13.685","1","2024-05-25T21:43:52.508Z","ask"
"13.69","427.5","2024-05-25T21:43:52.508Z","ask"
"13.691","11.1","2024-05-25T21:43:52.508Z","ask"
"13.699","0.6","2024-05-25T21:43:52.508Z","ask"
"13.7","1479.18","2024-05-25T21:43:52.508Z","ask"
"13.72","38.09","2024-05-25T21:43:52.508Z","ask"
"13.721","0.35","2024-05-25T21:43:52.508Z","ask"
"13.722","4.32","2024-05-25T21:43:52.508Z","ask"
"13.73","1","2024-05-25T21:43:52.508Z","ask"
"13.74","1","2024-05-25T21:43:52.508Z","ask"
"13.742","3.27","2024-05-25T21:43:52.508Z","ask"
"13.75","174.57","2024-05-25T21:43:52.508Z","ask"
"13.76","6","2024-05-25T21:43:52.508Z","ask"
"13.771","1.32","2024-05-25T21:43:52.508Z","ask"
"13.779","1.91","2024-05-25T21:43:52.508Z","ask"
"13.78","0.59","2024-05-25T21:43:52.508Z","ask"
"13.798","3","2024-05-25T21:43:52.508Z","ask"
"13.8","339.48","2024-05-25T21:43:52.508Z","ask"
"13.81","1","2024-05-25T21:43:52.508Z","ask"
"13.82","3.27","2024-05-25T21:43:52.508Z","ask"
"13.83","139.47","2024-05-25T21:43:52.508Z","ask"
"13.834","2.59","2024-05-25T21:43:52.508Z","ask"
"13.84","176.25","2024-05-25T21:43:52.508Z","ask"
"13.845","1.49","2024-05-25T21:43:52.508Z","ask"
"13.85","305.93","2024-05-25T21:43:52.508Z","ask"
"13.862","0.59","2024-05-25T21:43:52.508Z","ask"
"13.87","1","2024-05-25T21:43:52.508Z","ask"
"13.871","2.17","2024-05-25T21:43:52.508Z","ask"
"13.872","20","2024-05-25T21:43:52.508Z","ask"
"13.878","9.87","2024-05-25T21:43:52.508Z","ask"
"13.88","464.86","2024-05-25T21:43:52.508Z","ask"
"13.89","1","2024-05-25T21:43:52.508Z","ask"
"13.894","14.86","2024-05-25T21:43:52.508Z","ask"
"13.898","73.69","2024-05-25T21:43:52.508Z","ask"
"13.9","550.36","2024-05-25T21:43:52.508Z","ask"
"13.91","934.11","2024-05-25T21:43:52.508Z","ask"
"13.92","654.79","2024-05-25T21:43:52.508Z","ask"
"13.937","87.3","2024-05-25T21:43:52.508Z","ask"
"13.94","1","2024-05-25T21:43:52.508Z","ask"
"13.943","1.32","2024-05-25T21:43:52.508Z","ask"
"13.944","0.58","2024-05-25T21:43:52.508Z","ask"
"13.948","3.22","2024-05-25T21:43:52.508Z","ask"
"13.95","227.48","2024-05-25T21:43:52.508Z","ask"
"13.96","1","2024-05-25T21:43:52.508Z","ask"
"13.973","0.29","2024-05-25T21:43:52.508Z","ask"
"13.98","50.23","2024-05-25T21:43:52.508Z","ask"
"13.982","4.07","2024-05-25T21:43:52.508Z","ask"
"13.987","1.89","2024-05-25T21:43:52.508Z","ask"
"13.99","61.73","2024-05-25T21:43:52.508Z","ask"
"13.999","0.2","2024-05-25T21:43:52.508Z","ask"
"14","10642.86","2024-05-25T21:43:52.508Z","ask"
"14.009","2.47","2024-05-25T21:43:52.508Z","ask"
"14.01","64.53","2024-05-25T21:43:52.508Z","ask"
"14.011","739","2024-05-25T21:43:52.508Z","ask"
"14.02","175","2024-05-25T21:43:52.508Z","ask"
"14.026","55.21","2024-05-25T21:43:52.508Z","ask"
"14.027","0.58","2024-05-25T21:43:52.508Z","ask"
"14.03","37.7","2024-05-25T21:43:52.508Z","ask"
"14.033","72.98","2024-05-25T21:43:52.508Z","ask"
"14.039","2.59","2024-05-25T21:43:52.508Z","ask"
"14.04","240.58","2024-05-25T21:43:52.508Z","ask"
"14.06","150","2024-05-25T21:43:52.508Z","ask"
"14.067","3.55","2024-05-25T21:43:52.508Z","ask"
"14.085","9.87","2024-05-25T21:43:52.508Z","ask"
"14.087","2.02","2024-05-25T21:43:52.508Z","ask"
"14.1","157.66","2024-05-25T21:43:52.508Z","ask"
"14.11","0.58","2024-05-25T21:43:52.508Z","ask"
"14.114","1.32","2024-05-25T21:43:52.508Z","ask"
"14.12","16.42","2024-05-25T21:43:52.508Z","ask"
"14.13","0.86","2024-05-25T21:43:52.508Z","ask"
"14.14","997.89","2024-05-25T21:43:52.508Z","ask"
"14.15","35.47","2024-05-25T21:43:52.508Z","ask"
"14.154","4.89","2024-05-25T21:43:52.508Z","ask"
"14.157","3.18","2024-05-25T21:43:52.508Z","ask"
"14.159","15","2024-05-25T21:43:52.508Z","ask"
"14.16","512.11","2024-05-25T21:43:52.508Z","ask"
"14.17","48.78","2024-05-25T21:43:52.508Z","ask"
"14.178","8.78","2024-05-25T21:43:52.508Z","ask"
"14.18","145","2024-05-25T21:43:52.508Z","ask"
"14.185","19.72","2024-05-25T21:43:52.508Z","ask"
"14.19","40.06","2024-05-25T21:43:52.508Z","ask"
"14.194","0.57","2024-05-25T21:43:52.508Z","ask"
"14.198","1.86","2024-05-25T21:43:52.508Z","ask"
"14.2","149.2","2024-05-25T21:43:52.508Z","ask"
"14.205","9","2024-05-25T21:43:52.508Z","ask"
"14.21","7.57","2024-05-25T21:43:52.508Z","ask"
"14.22","1.21","2024-05-25T21:43:52.508Z","ask"
"14.223","45.94","2024-05-25T21:43:52.508Z","ask"
"14.24","140.44","2024-05-25T21:43:52.508Z","ask"
"14.248","2.59","2024-05-25T21:43:52.508Z","ask"
"14.25","381.75","2024-05-25T21:43:52.508Z","ask"
"14.278","0.57","2024-05-25T21:43:52.508Z","ask"
"14.28","285.51","2024-05-25T21:43:52.508Z","ask"
"14.282","0.22","2024-05-25T21:43:52.508Z","ask"
"14.286","16.21","2024-05-25T21:43:52.508Z","ask"
"14.29","31.36","2024-05-25T21:43:52.508Z","ask"
"14.296","9.87","2024-05-25T21:43:52.508Z","ask"
"14.3","678.62","2024-05-25T21:43:52.508Z","ask"
"14.309","20","2024-05-25T21:43:52.508Z","ask"
"14.311","0.22","2024-05-25T21:43:52.508Z","ask"
"14.313","0.32","2024-05-25T21:43:52.508Z","ask"
"14.325","5.47","2024-05-25T21:43:52.508Z","ask"
"14.328","0.22","2024-05-25T21:43:52.508Z","ask"
"14.329","210.51","2024-05-25T21:43:52.508Z","ask"
"14.33","7","2024-05-25T21:43:52.508Z","ask"
"14.331","16.39","2024-05-25T21:43:52.508Z","ask"
"14.34","6670.67","2024-05-25T21:43:52.508Z","ask"
"14.342","44.71","2024-05-25T21:43:52.508Z","ask"
"14.346","1","2024-05-25T21:43:52.508Z","ask"
"14.35","891.48","2024-05-25T21:43:52.508Z","ask"
"14.36","16.1","2024-05-25T21:43:52.508Z","ask"
"14.363","0.56","2024-05-25T21:43:52.508Z","ask"
"14.369","3.13","2024-05-25T21:43:52.508Z","ask"
"14.37","34.28","2024-05-25T21:43:52.508Z","ask"
"14.376","0.21","2024-05-25T21:43:52.508Z","ask"
"14.39","383.5","2024-05-25T21:43:52.508Z","ask"
"14.4","311.08","2024-05-25T21:43:52.508Z","ask"
"14.412","1.83","2024-05-25T21:43:52.508Z","ask"
"14.42","262","2024-05-25T21:43:52.508Z","ask"
"14.427","0.8","2024-05-25T21:43:52.508Z","ask"
"14.43","1515","2024-05-25T21:43:52.508Z","ask"
"14.434","0.59","2024-05-25T21:43:52.508Z","ask"
"14.44","13.95","2024-05-25T21:43:52.508Z","ask"
"14.444","20","2024-05-25T21:43:52.508Z","ask"
"14.448","0.57","2024-05-25T21:43:52.508Z","ask"
"14.45","7.5","2024-05-25T21:43:52.508Z","ask"
"14.453","90","2024-05-25T21:43:52.508Z","ask"
"14.454","2.85","2024-05-25T21:43:52.508Z","ask"
"14.457","1.32","2024-05-25T21:43:52.508Z","ask"
"14.458","0.21","2024-05-25T21:43:52.508Z","ask"
"14.46","2.59","2024-05-25T21:43:52.508Z","ask"
"14.467","25","2024-05-25T21:43:52.508Z","ask"
"14.47","112.94","2024-05-25T21:43:52.508Z","ask"
"14.478","30.06","2024-05-25T21:43:52.508Z","ask"
"14.48","19","2024-05-25T21:43:52.508Z","ask"
"14.49","90.01","2024-05-25T21:43:52.508Z","ask"
"14.499","14.7","2024-05-25T21:43:52.508Z","ask"
"14.5","6007.31","2024-05-25T21:43:52.508Z","ask"
"14.507","4.25","2024-05-25T21:43:52.508Z","ask"
"14.51","87.15","2024-05-25T21:43:52.508Z","ask"
"14.511","4.51","2024-05-25T21:43:52.508Z","ask"
"14.522","12.56","2024-05-25T21:43:52.508Z","ask"
"14.53","410.51","2024-05-25T21:43:52.508Z","ask"
"14.531","0.29","2024-05-25T21:43:52.508Z","ask"
"14.532","10","2024-05-25T21:43:52.508Z","ask"
"14.534","0.82","2024-05-25T21:43:52.508Z","ask"
"14.543","1","2024-05-25T21:43:52.508Z","ask"
"14.55","530.34","2024-05-25T21:43:52.508Z","ask"
"14.554","5","2024-05-25T21:43:52.508Z","ask"
"14.555","186.55","2024-05-25T21:43:52.508Z","ask"
"14.57","6.89","2024-05-25T21:43:52.508Z","ask"
"14.576","40","2024-05-25T21:43:52.508Z","ask"
"14.58","1","2024-05-25T21:43:52.508Z","ask"
"14.583","3.08","2024-05-25T21:43:52.508Z","ask"
"14.6","359.06","2024-05-25T21:43:52.508Z","ask"
"14.601","1","2024-05-25T21:43:52.508Z","ask"
"14.609","206.62","2024-05-25T21:43:52.508Z","ask"
"14.61","0.06","2024-05-25T21:43:52.508Z","ask"
"14.62","0.82","2024-05-25T21:43:52.508Z","ask"
"14.621","0.45","2024-05-25T21:43:52.508Z","ask"
"14.623","0.5","2024-05-25T21:43:52.508Z","ask"
"14.627","53.17","2024-05-25T21:43:52.508Z","ask"
"14.629","3.12","2024-05-25T21:43:52.508Z","ask"
"14.63","1027","2024-05-25T21:43:52.508Z","ask"
"14.64","35","2024-05-25T21:43:52.508Z","ask"
"14.65","10.23","2024-05-25T21:43:52.508Z","ask"
"14.66","3","2024-05-25T21:43:52.508Z","ask"
"14.673","5","2024-05-25T21:43:52.508Z","ask"
"14.675","2.59","2024-05-25T21:43:52.508Z","ask"
"14.688","10","2024-05-25T21:43:52.508Z","ask"
"14.69","13.87","2024-05-25T21:43:52.508Z","ask"
"14.7","1247.73","2024-05-25T21:43:52.508Z","ask"
"14.71","2","2024-05-25T21:43:52.508Z","ask"
"14.715","10.67","2024-05-25T21:43:52.508Z","ask"
"14.72","0.18","2024-05-25T21:43:52.508Z","ask"
"14.721","694.56","2024-05-25T21:43:52.508Z","ask"
"14.727","9.87","2024-05-25T21:43:52.508Z","ask"
"14.73","57.85","2024-05-25T21:43:52.508Z","ask"
"14.75","12.88","2024-05-25T21:43:52.508Z","ask"
"14.765","1.36","2024-05-25T21:43:52.508Z","ask"
"14.766","10","2024-05-25T21:43:52.508Z","ask"
"14.769","13.3","2024-05-25T21:43:52.508Z","ask"
"14.77","1007.13","2024-05-25T21:43:52.508Z","ask"
"14.78","861.5","2024-05-25T21:43:52.508Z","ask"
"14.784","2.05","2024-05-25T21:43:52.508Z","ask"
"14.792","14.1","2024-05-25T21:43:52.508Z","ask"
"14.798","0.82","2024-05-25T21:43:52.508Z","ask"
"14.8","196.98","2024-05-25T21:43:52.508Z","ask"
"14.801","3.04","2024-05-25T21:43:52.508Z","ask"
"14.83","20","2024-05-25T21:43:52.508Z","ask"
"14.84","181.93","2024-05-25T21:43:52.508Z","ask"
"14.844","10","2024-05-25T21:43:52.508Z","ask"
"14.848","1.69","2024-05-25T21:43:52.508Z","ask"
"14.852","0.65","2024-05-25T21:43:52.508Z","ask"
"14.862","2.01","2024-05-25T21:43:52.508Z","ask"
"14.88","37.5","2024-05-25T21:43:52.508Z","ask"
"14.89","313.43","2024-05-25T21:43:52.508Z","ask"
"14.893","2.59","2024-05-25T21:43:52.508Z","ask"
"14.894","18","2024-05-25T21:43:52.508Z","ask"
"14.895","9.98","2024-05-25T21:43:52.508Z","ask"
"14.9","249.88","2024-05-25T21:43:52.508Z","ask"
"14.91","183.33","2024-05-25T21:43:52.508Z","ask"
"14.92","58.52","2024-05-25T21:43:52.508Z","ask"
"14.93","258.82","2024-05-25T21:43:52.508Z","ask"
"14.931","11.26","2024-05-25T21:43:52.508Z","ask"
"14.94","480.86","2024-05-25T21:43:52.508Z","ask"
"14.947","9.87","2024-05-25T21:43:52.508Z","ask"
"14.95","1055.44","2024-05-25T21:43:52.508Z","ask"
"14.96","792.49","2024-05-25T21:43:52.508Z","ask"
"14.969","9.53","2024-05-25T21:43:52.508Z","ask"
"14.97","0.34","2024-05-25T21:43:52.508Z","ask"
"14.971","1.32","2024-05-25T21:43:52.508Z","ask"
"14.98","28.31","2024-05-25T21:43:52.508Z","ask"
"14.982","0.82","2024-05-25T21:43:52.508Z","ask"
"14.99","79.46","2024-05-25T21:43:52.508Z","ask"
"14.995","6.42","2024-05-25T21:43:52.508Z","ask"
"14.999","500.2","2024-05-25T21:43:52.508Z","ask"
"15","10623.45","2024-05-25T21:43:52.510Z","ask"
"15.002","26.76","2024-05-25T21:43:52.510Z","ask"
"15.01","5.97","2024-05-25T21:43:52.510Z","ask"
"15.022","2.99","2024-05-25T21:43:52.510Z","ask"
"15.03","5.39","2024-05-25T21:43:52.510Z","ask"
"15.031","50","2024-05-25T21:43:52.510Z","ask"
"15.033","1.34","2024-05-25T21:43:52.510Z","ask"
"15.04","2","2024-05-25T21:43:52.510Z","ask"
"15.042","8.9","2024-05-25T21:43:52.510Z","ask"
"15.043","25.14","2024-05-25T21:43:52.510Z","ask"
"15.044","10","2024-05-25T21:43:52.510Z","ask"
"15.05","90.07","2024-05-25T21:43:52.510Z","ask"
"15.055","1","2024-05-25T21:43:52.510Z","ask"
"15.06","279.3","2024-05-25T21:43:52.510Z","ask"
"15.07","11.61","2024-05-25T21:43:52.510Z","ask"
"15.079","0.82","2024-05-25T21:43:52.510Z","ask"
"15.08","77.43","2024-05-25T21:43:52.510Z","ask"
"15.09","11.05","2024-05-25T21:43:52.510Z","ask"
"15.1","60.1","2024-05-25T21:43:52.510Z","ask"
"15.109","0.66","2024-05-25T21:43:52.510Z","ask"
"15.114","2.59","2024-05-25T21:43:52.510Z","ask"
"15.12","3.67","2024-05-25T21:43:52.510Z","ask"
"15.13","2.06","2024-05-25T21:43:52.510Z","ask"
"15.14","2","2024-05-25T21:43:52.510Z","ask"
"15.143","1.32","2024-05-25T21:43:52.510Z","ask"
"15.147","30","2024-05-25T21:43:52.510Z","ask"
"15.15","3.32","2024-05-25T21:43:52.510Z","ask"
"15.17","9.97","2024-05-25T21:43:52.510Z","ask"
"15.172","0.51","2024-05-25T21:43:52.510Z","ask"
"15.176","18.56","2024-05-25T21:43:52.510Z","ask"
"15.2","347.06","2024-05-25T21:43:52.510Z","ask"
"15.205","44.71","2024-05-25T21:43:52.510Z","ask"
"15.21","683.8","2024-05-25T21:43:52.510Z","ask"
"15.215","272.89","2024-05-25T21:43:52.510Z","ask"
"15.22","0.64","2024-05-25T21:43:52.510Z","ask"
"15.23","25.6","2024-05-25T21:43:52.510Z","ask"
"15.25","248.8","2024-05-25T21:43:52.510Z","ask"
"15.29","172.28","2024-05-25T21:43:52.510Z","ask"
"15.3","76.69","2024-05-25T21:43:52.510Z","ask"
"15.31","25","2024-05-25T21:43:52.510Z","ask"
"15.311","54.99","2024-05-25T21:43:52.510Z","ask"
"15.314","1.32","2024-05-25T21:43:52.510Z","ask"
"15.32","61.08","2024-05-25T21:43:52.510Z","ask"
"15.329","65","2024-05-25T21:43:52.510Z","ask"
"15.33","12.44","2024-05-25T21:43:52.510Z","ask"
"15.339","47.96","2024-05-25T21:43:52.510Z","ask"
"15.342","0.24","2024-05-25T21:43:52.510Z","ask"
"15.347","5.02","2024-05-25T21:43:52.510Z","ask"
"15.36","1322.08","2024-05-25T21:43:52.510Z","ask"
"15.372","0.82","2024-05-25T21:43:52.510Z","ask"
"15.375","2","2024-05-25T21:43:52.510Z","ask"
"15.38","25","2024-05-25T21:43:52.510Z","ask"
"15.39","79.42","2024-05-25T21:43:52.510Z","ask"
"15.397","9.87","2024-05-25T21:43:52.510Z","ask"
"15.4","2168.85","2024-05-25T21:43:52.510Z","ask"
"15.418","0.33","2024-05-25T21:43:52.510Z","ask"
"15.424","1","2024-05-25T21:43:52.510Z","ask"
"15.43","3.59","2024-05-25T21:43:52.510Z","ask"
"15.44","39.36","2024-05-25T21:43:52.510Z","ask"
"15.444","10","2024-05-25T21:43:52.510Z","ask"
"15.45","6.47","2024-05-25T21:43:52.510Z","ask"
"15.47","6.49","2024-05-25T21:43:52.510Z","ask"
"15.486","1.32","2024-05-25T21:43:52.510Z","ask"
"15.49","18.08","2024-05-25T21:43:52.510Z","ask"
"15.493","18.96","2024-05-25T21:43:52.510Z","ask"
"15.497","0.1","2024-05-25T21:43:52.510Z","ask"
"15.5","2545","2024-05-25T21:43:52.510Z","ask"
"15.502","11.25","2024-05-25T21:43:52.510Z","ask"
"15.51","5","2024-05-25T21:43:52.510Z","ask"
"15.516","0.22","2024-05-25T21:43:52.510Z","ask"
"15.519","12.88","2024-05-25T21:43:52.510Z","ask"
"15.53","1.1","2024-05-25T21:43:52.510Z","ask"
"15.546","6.25","2024-05-25T21:43:52.510Z","ask"
"15.55","848.51","2024-05-25T21:43:52.510Z","ask"
"15.568","2.59","2024-05-25T21:43:52.510Z","ask"
"15.578","0.82","2024-05-25T21:43:52.510Z","ask"
"15.58","1","2024-05-25T21:43:52.510Z","ask"
"15.596","10","2024-05-25T21:43:52.510Z","ask"
"15.6","10.2","2024-05-25T21:43:52.510Z","ask"
"15.61","0.17","2024-05-25T21:43:52.510Z","ask"
"15.614","143.67","2024-05-25T21:43:52.510Z","ask"
"15.62","2","2024-05-25T21:43:52.510Z","ask"
"15.621","50.74","2024-05-25T21:43:52.510Z","ask"
"15.627","9.87","2024-05-25T21:43:52.510Z","ask"
"15.64","126","2024-05-25T21:43:52.510Z","ask"
"15.65","2.25","2024-05-25T21:43:52.510Z","ask"
"15.657","1.32","2024-05-25T21:43:52.510Z","ask"
"15.658","3","2024-05-25T21:43:52.510Z","ask"
"15.66","66.43","2024-05-25T21:43:52.510Z","ask"
"15.67","3","2024-05-25T21:43:52.510Z","ask"
"15.689","0.52","2024-05-25T21:43:52.510Z","ask"
"15.69","20","2024-05-25T21:43:52.510Z","ask"
"15.7","502","2024-05-25T21:43:52.510Z","ask"
"15.72","5","2024-05-25T21:43:52.510Z","ask"
"15.75","367.79","2024-05-25T21:43:52.510Z","ask"
"15.76","3","2024-05-25T21:43:52.510Z","ask"
"15.77","725","2024-05-25T21:43:52.510Z","ask"
"15.786","14.64","2024-05-25T21:43:52.510Z","ask"
"15.79","1.29","2024-05-25T21:43:52.510Z","ask"
"15.799","2.59","2024-05-25T21:43:52.510Z","ask"
"15.8","134.58","2024-05-25T21:43:52.510Z","ask"
"15.829","3.87","2024-05-25T21:43:52.510Z","ask"
"15.83","20","2024-05-25T21:43:52.510Z","ask"
"15.844","10","2024-05-25T21:43:52.510Z","ask"
"15.86","9.87","2024-05-25T21:43:52.510Z","ask"
"15.89","44.2","2024-05-25T21:43:52.510Z","ask"
"15.9","114.88","2024-05-25T21:43:52.510Z","ask"
"15.92","303.74","2024-05-25T21:43:52.510Z","ask"
"15.926","3.27","2024-05-25T21:43:52.510Z","ask"
"15.948","10.32","2024-05-25T21:43:52.510Z","ask"
"15.967","38.67","2024-05-25T21:43:52.510Z","ask"
"15.97","36.66","2024-05-25T21:43:52.510Z","ask"
"15.98","14.52","2024-05-25T21:43:52.510Z","ask"
"15.99","68.09","2024-05-25T21:43:52.510Z","ask"
"15.999","1.26","2024-05-25T21:43:52.510Z","ask"
"16","8318.19","2024-05-25T21:43:52.510Z","ask"
"16.013","3.84","2024-05-25T21:43:52.510Z","ask"
"16.014","0.82","2024-05-25T21:43:52.510Z","ask"
"16.02","129.04","2024-05-25T21:43:52.510Z","ask"
"16.024","12.56","2024-05-25T21:43:52.510Z","ask"
"16.034","2.59","2024-05-25T21:43:52.510Z","ask"
"16.04","1596.04","2024-05-25T21:43:52.510Z","ask"
"16.06","177.8","2024-05-25T21:43:52.510Z","ask"
"16.067","44.71","2024-05-25T21:43:52.510Z","ask"
"16.07","56.83","2024-05-25T21:43:52.510Z","ask"
"16.097","9.87","2024-05-25T21:43:52.510Z","ask"
"16.1","2","2024-05-25T21:43:52.510Z","ask"
"16.11","0.62","2024-05-25T21:43:52.510Z","ask"
"16.144","7.8","2024-05-25T21:43:52.510Z","ask"
"16.157","200","2024-05-25T21:43:52.510Z","ask"
"16.16","117.05","2024-05-25T21:43:52.510Z","ask"
"16.2","149.91","2024-05-25T21:43:52.510Z","ask"
"16.21","4","2024-05-25T21:43:52.510Z","ask"
"16.219","0.4","2024-05-25T21:43:52.510Z","ask"
"16.22","44.4","2024-05-25T21:43:52.510Z","ask"
"16.23","100","2024-05-25T21:43:52.510Z","ask"
"16.244","19.92","2024-05-25T21:43:52.510Z","ask"
"16.25","63.78","2024-05-25T21:43:52.510Z","ask"
"16.27","3","2024-05-25T21:43:52.510Z","ask"
"16.28","104.31","2024-05-25T21:43:52.510Z","ask"
"16.284","300","2024-05-25T21:43:52.510Z","ask"
"16.3","91.8","2024-05-25T21:43:52.510Z","ask"
"16.35","0.38","2024-05-25T21:43:52.510Z","ask"
"16.38","6.15","2024-05-25T21:43:52.510Z","ask"
"16.4","2167.9","2024-05-25T21:43:52.510Z","ask"
"16.402","3.52","2024-05-25T21:43:52.510Z","ask"
"16.444","10","2024-05-25T21:43:52.510Z","ask"
"16.446","52.54","2024-05-25T21:43:52.510Z","ask"
"16.45","94.65","2024-05-25T21:43:52.510Z","ask"
"16.48","3.17","2024-05-25T21:43:52.510Z","ask"
"16.489","5","2024-05-25T21:43:52.510Z","ask"
"16.49","11.53","2024-05-25T21:43:52.510Z","ask"
"16.5","1938.47","2024-05-25T21:43:52.510Z","ask"
"16.54","3","2024-05-25T21:43:52.510Z","ask"
"16.55","1.5","2024-05-25T21:43:52.510Z","ask"
"16.56","0.16","2024-05-25T21:43:52.510Z","ask"
"16.579","2","2024-05-25T21:43:52.510Z","ask"
"16.58","1","2024-05-25T21:43:52.510Z","ask"
"16.6","4.61","2024-05-25T21:43:52.510Z","ask"
"16.61","496","2024-05-25T21:43:52.510Z","ask"
"16.66","37.59","2024-05-25T21:43:52.510Z","ask"
"16.69","12.09","2024-05-25T21:43:52.510Z","ask"
"16.7","236.73","2024-05-25T21:43:52.510Z","ask"
"16.702","1.07","2024-05-25T21:43:52.510Z","ask"
"16.744","10","2024-05-25T21:43:52.510Z","ask"
"16.75","132.94","2024-05-25T21:43:52.510Z","ask"
"16.77","112.63","2024-05-25T21:43:52.510Z","ask"
"16.78","23.8","2024-05-25T21:43:52.510Z","ask"
"16.79","24","2024-05-25T21:43:52.510Z","ask"
"16.8","1147.73","2024-05-25T21:43:52.510Z","ask"
"16.814","41.72","2024-05-25T21:43:52.510Z","ask"
"16.82","5","2024-05-25T21:43:52.510Z","ask"
"16.828","100","2024-05-25T21:43:52.510Z","ask"
"16.84","3","2024-05-25T21:43:52.510Z","ask"
"16.85","27","2024-05-25T21:43:52.510Z","ask"
"16.86","155.82","2024-05-25T21:43:52.510Z","ask"
"16.87","63.68","2024-05-25T21:43:52.510Z","ask"
"16.88","2.98","2024-05-25T21:43:52.510Z","ask"
"16.89","69.31","2024-05-25T21:43:52.510Z","ask"
"16.894","15","2024-05-25T21:43:52.510Z","ask"
"16.9","23.92","2024-05-25T21:43:52.510Z","ask"
"16.92","503.3","2024-05-25T21:43:52.510Z","ask"
"16.93","45.49","2024-05-25T21:43:52.510Z","ask"
"16.95","76.47","2024-05-25T21:43:52.510Z","ask"
"16.951","45.56","2024-05-25T21:43:52.510Z","ask"
"16.98","2","2024-05-25T21:43:52.510Z","ask"
"16.99","10.4","2024-05-25T21:43:52.510Z","ask"
"16.999","0.5","2024-05-25T21:43:52.510Z","ask"
"17","1933.04","2024-05-25T21:43:52.510Z","ask"
"17.01","36.59","2024-05-25T21:43:52.510Z","ask"
"17.03","1","2024-05-25T21:43:52.510Z","ask"
"17.032","18.31","2024-05-25T21:43:52.510Z","ask"
"17.078","35.64","2024-05-25T21:43:52.510Z","ask"
"17.08","3","2024-05-25T21:43:52.510Z","ask"
"17.1","95","2024-05-25T21:43:52.510Z","ask"
"17.12","2","2024-05-25T21:43:52.510Z","ask"
"17.13","30.84","2024-05-25T21:43:52.510Z","ask"
"17.135","4","2024-05-25T21:43:52.510Z","ask"
"17.16","367.15","2024-05-25T21:43:52.510Z","ask"
"17.2","32","2024-05-25T21:43:52.510Z","ask"
"17.21","12","2024-05-25T21:43:52.510Z","ask"
"17.222","1.71","2024-05-25T21:43:52.510Z","ask"
"17.24","3","2024-05-25T21:43:52.510Z","ask"
"17.244","20","2024-05-25T21:43:52.510Z","ask"
"17.25","52.66","2024-05-25T21:43:52.510Z","ask"
"17.252","419.11","2024-05-25T21:43:52.510Z","ask"
"17.26","36.41","2024-05-25T21:43:52.510Z","ask"
"17.27","5","2024-05-25T21:43:52.510Z","ask"
"17.3","30.01","2024-05-25T21:43:52.510Z","ask"
"17.379","1","2024-05-25T21:43:52.510Z","ask"
"17.38","17.45","2024-05-25T21:43:52.510Z","ask"
"17.4","2000","2024-05-25T21:43:52.510Z","ask"
"17.405","6.85","2024-05-25T21:43:52.510Z","ask"
"17.43","1.74","2024-05-25T21:43:52.510Z","ask"
"17.44","3","2024-05-25T21:43:52.510Z","ask"
"17.45","108.58","2024-05-25T21:43:52.510Z","ask"
"17.489","15","2024-05-25T21:43:52.510Z","ask"
"17.49","53.36","2024-05-25T21:43:52.510Z","ask"
"17.5","442.01","2024-05-25T21:43:52.510Z","ask"
"17.52","85.24","2024-05-25T21:43:52.510Z","ask"
"17.53","130.46","2024-05-25T21:43:52.510Z","ask"
"17.55","73.07","2024-05-25T21:43:52.510Z","ask"
"17.58","7.6","2024-05-25T21:43:52.510Z","ask"
"17.6","223.13","2024-05-25T21:43:52.510Z","ask"
"17.602","5.61","2024-05-25T21:43:52.510Z","ask"
"17.66","3","2024-05-25T21:43:52.510Z","ask"
"17.7","500","2024-05-25T21:43:52.510Z","ask"
"17.71","29.47","2024-05-25T21:43:52.510Z","ask"
"17.75","2","2024-05-25T21:43:52.510Z","ask"
"17.77","14","2024-05-25T21:43:52.510Z","ask"
"17.774","10","2024-05-25T21:43:52.510Z","ask"
"17.777","122.5","2024-05-25T21:43:52.510Z","ask"
"17.78","1.51","2024-05-25T21:43:52.510Z","ask"
"17.792","44.71","2024-05-25T21:43:52.510Z","ask"
"17.799","0.17","2024-05-25T21:43:52.510Z","ask"
"17.8","82.14","2024-05-25T21:43:52.510Z","ask"
"17.81","0.78","2024-05-25T21:43:52.510Z","ask"
"17.85","70.9","2024-05-25T21:43:52.510Z","ask"
"17.86","22.57","2024-05-25T21:43:52.510Z","ask"
"17.88","28","2024-05-25T21:43:52.510Z","ask"
"17.94","8.4","2024-05-25T21:43:52.510Z","ask"
"17.948","35","2024-05-25T21:43:52.510Z","ask"
"17.95","1.46","2024-05-25T21:43:52.510Z","ask"
"17.97","26.66","2024-05-25T21:43:52.510Z","ask"
"17.98","1.5","2024-05-25T21:43:52.510Z","ask"
"17.999","0.5","2024-05-25T21:43:52.510Z","ask"
"18","1200.88","2024-05-25T21:43:52.510Z","ask"
"18.04","0.61","2024-05-25T21:43:52.510Z","ask"
"18.05","57.01","2024-05-25T21:43:52.510Z","ask"
"18.09","104.67","2024-05-25T21:43:52.510Z","ask"
"18.1","5.51","2024-05-25T21:43:52.510Z","ask"
"18.12","1.81","2024-05-25T21:43:52.510Z","ask"
"18.195","10","2024-05-25T21:43:52.510Z","ask"
"18.2","58","2024-05-25T21:43:52.510Z","ask"
"18.21","27.75","2024-05-25T21:43:52.510Z","ask"
"18.22","3","2024-05-25T21:43:52.510Z","ask"
"18.26","14","2024-05-25T21:43:52.510Z","ask"
"18.28","18.28","2024-05-25T21:43:52.510Z","ask"
"18.3","1.82","2024-05-25T21:43:52.510Z","ask"
"18.36","80","2024-05-25T21:43:52.510Z","ask"
"18.397","10","2024-05-25T21:43:52.510Z","ask"
"18.4","23.09","2024-05-25T21:43:52.510Z","ask"
"18.419","1.64","2024-05-25T21:43:52.510Z","ask"
"18.43","1.65","2024-05-25T21:43:52.510Z","ask"
"18.444","20","2024-05-25T21:43:52.510Z","ask"
"18.47","8","2024-05-25T21:43:52.510Z","ask"
"18.489","10","2024-05-25T21:43:52.510Z","ask"
"18.5","242.71","2024-05-25T21:43:52.510Z","ask"
"18.55","21.41","2024-05-25T21:43:52.510Z","ask"
"18.567","58.92","2024-05-25T21:43:52.510Z","ask"
"18.58","1","2024-05-25T21:43:52.510Z","ask"
"18.62","1394","2024-05-25T21:43:52.510Z","ask"
"18.654","44.71","2024-05-25T21:43:52.510Z","ask"
"18.75","53.22","2024-05-25T21:43:52.510Z","ask"
"18.77","3","2024-05-25T21:43:52.510Z","ask"
"18.8","38.7","2024-05-25T21:43:52.510Z","ask"
"18.836","0.36","2024-05-25T21:43:52.510Z","ask"
"18.888","1.72","2024-05-25T21:43:52.510Z","ask"
"18.889","20","2024-05-25T21:43:52.510Z","ask"
"18.9","60.54","2024-05-25T21:43:52.510Z","ask"
"18.932","21.68","2024-05-25T21:43:52.510Z","ask"
"18.94","67","2024-05-25T21:43:52.510Z","ask"
"18.95","2.37","2024-05-25T21:43:52.510Z","ask"
"18.978","0.95","2024-05-25T21:43:52.510Z","ask"
"18.98","7.12","2024-05-25T21:43:52.510Z","ask"
"18.999","0.5","2024-05-25T21:43:52.510Z","ask"
"19","2253.1","2024-05-25T21:43:52.510Z","ask"
"19.04","4","2024-05-25T21:43:52.510Z","ask"
"19.05","6.45","2024-05-25T21:43:52.510Z","ask"
"19.1","52.85","2024-05-25T21:43:52.510Z","ask"
"19.19","5","2024-05-25T21:43:52.510Z","ask"
"19.2","2467.28","2024-05-25T21:43:52.510Z","ask"
"19.22","58.53","2024-05-25T21:43:52.510Z","ask"
"19.25","106.55","2024-05-25T21:43:52.510Z","ask"
"19.28","200","2024-05-25T21:43:52.510Z","ask"
"19.3","71.27","2024-05-25T21:43:52.510Z","ask"
"19.333","20","2024-05-25T21:43:52.510Z","ask"
"19.389","15","2024-05-25T21:43:52.510Z","ask"
"19.4","0.5","2024-05-25T21:43:52.510Z","ask"
"19.43","2.59","2024-05-25T21:43:52.510Z","ask"
"19.44","45","2024-05-25T21:43:52.510Z","ask"
"19.444","10","2024-05-25T21:43:52.510Z","ask"
"19.456","1.56","2024-05-25T21:43:52.510Z","ask"
"19.462","0.1","2024-05-25T21:43:52.510Z","ask"
"19.489","20","2024-05-25T21:43:52.510Z","ask"
"19.5","402.91","2024-05-25T21:43:52.510Z","ask"
"19.517","44.71","2024-05-25T21:43:52.510Z","ask"
"19.57","50.27","2024-05-25T21:43:52.510Z","ask"
"19.58","151","2024-05-25T21:43:52.510Z","ask"
"19.6","9.73","2024-05-25T21:43:52.510Z","ask"
"19.604","9.98","2024-05-25T21:43:52.510Z","ask"
"19.61","8.23","2024-05-25T21:43:52.510Z","ask"
"19.62","1651.56","2024-05-25T21:43:52.510Z","ask"
"19.67","20.05","2024-05-25T21:43:52.510Z","ask"
"19.69","139.6","2024-05-25T21:43:52.510Z","ask"
"19.7","500","2024-05-25T21:43:52.510Z","ask"
"19.713","9.05","2024-05-25T21:43:52.510Z","ask"
"19.72","76.05","2024-05-25T21:43:52.510Z","ask"
"19.73","100","2024-05-25T21:43:52.510Z","ask"
"19.748","15","2024-05-25T21:43:52.510Z","ask"
"19.75","20","2024-05-25T21:43:52.510Z","ask"
"19.77","47.24","2024-05-25T21:43:52.510Z","ask"
"19.78","30","2024-05-25T21:43:52.510Z","ask"
"19.8","25","2024-05-25T21:43:52.510Z","ask"
"19.85","5","2024-05-25T21:43:52.510Z","ask"
"19.86","4.88","2024-05-25T21:43:52.510Z","ask"
"19.87","40","2024-05-25T21:43:52.510Z","ask"
"19.88","0.35","2024-05-25T21:43:52.510Z","ask"
"19.89","5.76","2024-05-25T21:43:52.510Z","ask"
"19.894","20","2024-05-25T21:43:52.510Z","ask"
"19.9","34.88","2024-05-25T21:43:52.510Z","ask"
"19.935","1","2024-05-25T21:43:52.510Z","ask"
"19.95","223.71","2024-05-25T21:43:52.510Z","ask"
"19.97","5","2024-05-25T21:43:52.510Z","ask"
"19.977","974.07","2024-05-25T21:43:52.510Z","ask"
"19.98","27","2024-05-25T21:43:52.510Z","ask"
"19.985","16.63","2024-05-25T21:43:52.510Z","ask"
"19.99","230","2024-05-25T21:43:52.510Z","ask"
"19.999","1.11","2024-05-25T21:43:52.510Z","ask"
"20","6051.15","2024-05-25T21:43:52.510Z","ask"
"20.086","4.58","2024-05-25T21:43:52.510Z","ask"
"20.1","91.06","2024-05-25T21:43:52.510Z","ask"
"20.132","0.15","2024-05-25T21:43:52.510Z","ask"
"20.2","100.88","2024-05-25T21:43:52.510Z","ask"
"20.201","35.64","2024-05-25T21:43:52.510Z","ask"
"20.21","15","2024-05-25T21:43:52.510Z","ask"
"20.25","43.5","2024-05-25T21:43:52.510Z","ask"
"20.3","33","2024-05-25T21:43:52.510Z","ask"
"20.31","1","2024-05-25T21:43:52.510Z","ask"
"20.331","2","2024-05-25T21:43:52.510Z","ask"
"20.379","44.71","2024-05-25T21:43:52.510Z","ask"
"20.4","174.11","2024-05-25T21:43:52.510Z","ask"
"20.42","720.41","2024-05-25T21:43:52.510Z","ask"
"20.48","0.2","2024-05-25T21:43:52.510Z","ask"
"20.49","212.43","2024-05-25T21:43:52.510Z","ask"
"20.5","10.26","2024-05-25T21:43:52.510Z","ask"
"20.54","34.25","2024-05-25T21:43:52.510Z","ask"
"20.56","40","2024-05-25T21:43:52.510Z","ask"
"20.7","500","2024-05-25T21:43:52.510Z","ask"
"20.73","5","2024-05-25T21:43:52.510Z","ask"
"20.78","20","2024-05-25T21:43:52.510Z","ask"
"20.798","4.14","2024-05-25T21:43:52.510Z","ask"
"20.8","5.38","2024-05-25T21:43:52.510Z","ask"
"20.86","49.18","2024-05-25T21:43:52.510Z","ask"
"20.911","13.1","2024-05-25T21:43:52.510Z","ask"
"20.937","33.25","2024-05-25T21:43:52.510Z","ask"
"20.94","0.77","2024-05-25T21:43:52.510Z","ask"
"20.948","10","2024-05-25T21:43:52.510Z","ask"
"20.95","6","2024-05-25T21:43:52.510Z","ask"
"20.968","11.87","2024-05-25T21:43:52.510Z","ask"
"20.97","0.82","2024-05-25T21:43:52.510Z","ask"
"20.99","63.5","2024-05-25T21:43:52.510Z","ask"
"20.999","0.2","2024-05-25T21:43:52.510Z","ask"
"21","740.31","2024-05-25T21:43:52.510Z","ask"
"21.067","1424.63","2024-05-25T21:43:52.510Z","ask"
"21.08","543.6","2024-05-25T21:43:52.510Z","ask"
"21.1","15","2024-05-25T21:43:52.510Z","ask"
"21.11","326.16","2024-05-25T21:43:52.510Z","ask"
"21.13","5","2024-05-25T21:43:52.510Z","ask"
"21.199","26.24","2024-05-25T21:43:52.510Z","ask"
"21.2","23.58","2024-05-25T21:43:52.510Z","ask"
"21.21","13.84","2024-05-25T21:43:52.510Z","ask"
"21.23","3.66","2024-05-25T21:43:52.510Z","ask"
"21.242","44.71","2024-05-25T21:43:52.510Z","ask"
"21.26","58.2","2024-05-25T21:43:52.510Z","ask"
"21.336","4","2024-05-25T21:43:52.510Z","ask"
"21.35","9.4","2024-05-25T21:43:52.510Z","ask"
"21.44","241.11","2024-05-25T21:43:52.510Z","ask"
"21.489","8","2024-05-25T21:43:52.510Z","ask"
"21.495","4.68","2024-05-25T21:43:52.510Z","ask"
"21.5","20.25","2024-05-25T21:43:52.510Z","ask"
"21.6","59.1","2024-05-25T21:43:52.510Z","ask"
"21.669","460.83","2024-05-25T21:43:52.510Z","ask"
"21.75","184.52","2024-05-25T21:43:52.510Z","ask"
"21.77","846.5","2024-05-25T21:43:52.510Z","ask"
"21.83","25","2024-05-25T21:43:52.510Z","ask"
"21.88","459.87","2024-05-25T21:43:52.510Z","ask"
"21.894","15","2024-05-25T21:43:52.510Z","ask"
"21.9","36.84","2024-05-25T21:43:52.510Z","ask"
"21.924","20.17","2024-05-25T21:43:52.510Z","ask"
"21.93","132","2024-05-25T21:43:52.510Z","ask"
"21.95","3.9","2024-05-25T21:43:52.510Z","ask"
"21.999","0.2","2024-05-25T21:43:52.510Z","ask"
"22","2510.4","2024-05-25T21:43:52.510Z","ask"
"22.04","68.51","2024-05-25T21:43:52.510Z","ask"
"22.1","2","2024-05-25T21:43:52.510Z","ask"
"22.104","44.71","2024-05-25T21:43:52.510Z","ask"
"22.2","2","2024-05-25T21:43:52.510Z","ask"
"22.22","98.54","2024-05-25T21:43:52.510Z","ask"
"22.23","3.2","2024-05-25T21:43:52.510Z","ask"
"22.26","223.38","2024-05-25T21:43:52.510Z","ask"
"22.3","21.45","2024-05-25T21:43:52.510Z","ask"
"22.37","27.95","2024-05-25T21:43:52.510Z","ask"
"22.46","1.75","2024-05-25T21:43:52.510Z","ask"
"22.489","15","2024-05-25T21:43:52.510Z","ask"
"22.5","225.32","2024-05-25T21:43:52.510Z","ask"
"22.545","48.5","2024-05-25T21:43:52.510Z","ask"
"22.59","27.22","2024-05-25T21:43:52.510Z","ask"
"22.6","99.6","2024-05-25T21:43:52.510Z","ask"
"22.664","1.29","2024-05-25T21:43:52.510Z","ask"
"22.74","0.58","2024-05-25T21:43:52.510Z","ask"
"22.8","48.26","2024-05-25T21:43:52.510Z","ask"
"22.84","71.95","2024-05-25T21:43:52.510Z","ask"
"22.9","0.44","2024-05-25T21:43:52.510Z","ask"
"22.906","130.9","2024-05-25T21:43:52.510Z","ask"
"22.948","15","2024-05-25T21:43:52.510Z","ask"
"22.96","52","2024-05-25T21:43:52.510Z","ask"
"22.967","44.71","2024-05-25T21:43:52.510Z","ask"
"22.98","5","2024-05-25T21:43:52.510Z","ask"
"22.99","6.56","2024-05-25T21:43:52.510Z","ask"
"22.999","0.2","2024-05-25T21:43:52.510Z","ask"
"23","772.53","2024-05-25T21:43:52.510Z","ask"
"23.13","2.18","2024-05-25T21:43:52.510Z","ask"
"23.142","1","2024-05-25T21:43:52.510Z","ask"
"23.17","20","2024-05-25T21:43:52.510Z","ask"
"23.182","0.14","2024-05-25T21:43:52.510Z","ask"
"23.23","5","2024-05-25T21:43:52.510Z","ask"
"23.3","173","2024-05-25T21:43:52.510Z","ask"
"23.38","1.36","2024-05-25T21:43:52.510Z","ask"
"23.394","1.06","2024-05-25T21:43:52.510Z","ask"
"23.4","16.2","2024-05-25T21:43:52.510Z","ask"
"23.42","4.24","2024-05-25T21:43:52.510Z","ask"
"23.489","7","2024-05-25T21:43:52.510Z","ask"
"23.5","0.25","2024-05-25T21:43:52.510Z","ask"
"23.58","29.85","2024-05-25T21:43:52.510Z","ask"
"23.625","41","2024-05-25T21:43:52.510Z","ask"
"23.7","521.45","2024-05-25T21:43:52.510Z","ask"
"23.701","500","2024-05-25T21:43:52.510Z","ask"
"23.76","9.32","2024-05-25T21:43:52.510Z","ask"
"23.8","4","2024-05-25T21:43:52.510Z","ask"
"23.829","44.71","2024-05-25T21:43:52.510Z","ask"
"23.89","1.81","2024-05-25T21:43:52.510Z","ask"
"23.894","20","2024-05-25T21:43:52.510Z","ask"
"23.897","0.85","2024-05-25T21:43:52.510Z","ask"
"23.94","13.25","2024-05-25T21:43:52.510Z","ask"
"23.976","40","2024-05-25T21:43:52.510Z","ask"
"23.99","7.33","2024-05-25T21:43:52.510Z","ask"
"23.999","0.2","2024-05-25T21:43:52.510Z","ask"
"24","776.26","2024-05-25T21:43:52.510Z","ask"
"24.04","2.25","2024-05-25T21:43:52.510Z","ask"
"24.2","73.35","2024-05-25T21:43:52.510Z","ask"
"24.201","50","2024-05-25T21:43:52.510Z","ask"
"24.24","4.18","2024-05-25T21:43:52.510Z","ask"
"24.3","43.03","2024-05-25T21:43:52.510Z","ask"
"24.32","4.11","2024-05-25T21:43:52.510Z","ask"
"24.335","21","2024-05-25T21:43:52.510Z","ask"
"24.42","39.85","2024-05-25T21:43:52.510Z","ask"
"24.444","15","2024-05-25T21:43:52.510Z","ask"
"24.47","15","2024-05-25T21:43:52.510Z","ask"
"24.492","10.3","2024-05-25T21:43:52.510Z","ask"
"24.5","77.95","2024-05-25T21:43:52.510Z","ask"
"24.58","28.6","2024-05-25T21:43:52.510Z","ask"
"24.63","81.54","2024-05-25T21:43:52.510Z","ask"
"24.65","100","2024-05-25T21:43:52.510Z","ask"
"24.675","9.73","2024-05-25T21:43:52.510Z","ask"
"24.691","44.71","2024-05-25T21:43:52.510Z","ask"
"24.7","8.12","2024-05-25T21:43:52.510Z","ask"
"24.74","27.25","2024-05-25T21:43:52.510Z","ask"
"24.748","10","2024-05-25T21:43:52.510Z","ask"
"24.75","0.41","2024-05-25T21:43:52.510Z","ask"
"24.777","100","2024-05-25T21:43:52.510Z","ask"
"24.85","31.48","2024-05-25T21:43:52.510Z","ask"
"24.86","1","2024-05-25T21:43:52.510Z","ask"
"24.87","13.41","2024-05-25T21:43:52.510Z","ask"
"24.88","2.03","2024-05-25T21:43:52.510Z","ask"
"24.894","30","2024-05-25T21:43:52.510Z","ask"
"24.9","83.58","2024-05-25T21:43:52.510Z","ask"
"24.948","10","2024-05-25T21:43:52.510Z","ask"
"24.95","40","2024-05-25T21:43:52.511Z","ask"
"24.96","70.68","2024-05-25T21:43:52.511Z","ask"
"24.999","0.56","2024-05-25T21:43:52.511Z","ask"
"25","6696.28","2024-05-25T21:43:52.511Z","ask"
"25.04","518.05","2024-05-25T21:43:52.511Z","ask"
"25.06","30.4","2024-05-25T21:43:52.511Z","ask"
"25.1","80.93","2024-05-25T21:43:52.511Z","ask"
"25.17","55.37","2024-05-25T21:43:52.511Z","ask"
"25.2","76.9","2024-05-25T21:43:52.511Z","ask"
"25.25","6.46","2024-05-25T21:43:52.511Z","ask"
"25.26","1","2024-05-25T21:43:52.511Z","ask"
"25.27","7","2024-05-25T21:43:52.511Z","ask"
"25.32","104","2024-05-25T21:43:52.511Z","ask"
"25.5","45.45","2024-05-25T21:43:52.511Z","ask"
"25.554","44.71","2024-05-25T21:43:52.511Z","ask"
"25.567","121.22","2024-05-25T21:43:52.511Z","ask"
"25.693","7.68","2024-05-25T21:43:52.511Z","ask"
"25.75","153.81","2024-05-25T21:43:52.511Z","ask"
"25.854","15.83","2024-05-25T21:43:52.511Z","ask"
"25.87","10","2024-05-25T21:43:52.511Z","ask"
"25.948","7","2024-05-25T21:43:52.511Z","ask"
"25.985","0.1","2024-05-25T21:43:52.511Z","ask"
"25.99","15","2024-05-25T21:43:52.511Z","ask"
"26","382.22","2024-05-25T21:43:52.511Z","ask"
"26.33","1.92","2024-05-25T21:43:52.511Z","ask"
"26.416","44.71","2024-05-25T21:43:52.511Z","ask"
"26.45","50.49","2024-05-25T21:43:52.511Z","ask"
"26.512","157.36","2024-05-25T21:43:52.511Z","ask"
"26.531","2","2024-05-25T21:43:52.511Z","ask"
"26.647","66.48","2024-05-25T21:43:52.511Z","ask"
"26.7","39.63","2024-05-25T21:43:52.511Z","ask"
"26.71","3","2024-05-25T21:43:52.511Z","ask"
"26.77","0.12","2024-05-25T21:43:52.511Z","ask"
"26.85","4.95","2024-05-25T21:43:52.511Z","ask"
"26.86","154.88","2024-05-25T21:43:52.511Z","ask"
"26.87","10","2024-05-25T21:43:52.511Z","ask"
"26.894","12","2024-05-25T21:43:52.511Z","ask"
"26.95","40.99","2024-05-25T21:43:52.511Z","ask"
"26.96","5","2024-05-25T21:43:52.511Z","ask"
"27","525.91","2024-05-25T21:43:52.511Z","ask"
"27.01","766.22","2024-05-25T21:43:52.511Z","ask"
"27.12","2.28","2024-05-25T21:43:52.511Z","ask"
"27.242","18.79","2024-05-25T21:43:52.511Z","ask"
"27.25","7.37","2024-05-25T21:43:52.511Z","ask"
"27.279","44.71","2024-05-25T21:43:52.511Z","ask"
"27.3","72.97","2024-05-25T21:43:52.511Z","ask"
"27.4","10","2024-05-25T21:43:52.511Z","ask"
"27.48","1.47","2024-05-25T21:43:52.511Z","ask"
"27.489","15","2024-05-25T21:43:52.511Z","ask"
"27.5","160.09","2024-05-25T21:43:52.511Z","ask"
"27.54","5","2024-05-25T21:43:52.511Z","ask"
"27.55","216.47","2024-05-25T21:43:52.511Z","ask"
"27.6","173.51","2024-05-25T21:43:52.511Z","ask"
"27.68","1.82","2024-05-25T21:43:52.511Z","ask"
"27.69","36.77","2024-05-25T21:43:52.511Z","ask"
"27.7","507.43","2024-05-25T21:43:52.511Z","ask"
"27.75","73.2","2024-05-25T21:43:52.511Z","ask"
"27.77","1","2024-05-25T21:43:52.511Z","ask"
"27.87","20","2024-05-25T21:43:52.511Z","ask"
"27.889","12","2024-05-25T21:43:52.511Z","ask"
"27.9","3","2024-05-25T21:43:52.511Z","ask"
"27.94","0.08","2024-05-25T21:43:52.511Z","ask"
"27.948","10","2024-05-25T21:43:52.511Z","ask"
"28","1263.45","2024-05-25T21:43:52.511Z","ask"
"28.01","12","2024-05-25T21:43:52.511Z","ask"
"28.07","173.74","2024-05-25T21:43:52.511Z","ask"
"28.074","3.5","2024-05-25T21:43:52.511Z","ask"
"28.141","44.71","2024-05-25T21:43:52.511Z","ask"
"28.31","0.61","2024-05-25T21:43:52.511Z","ask"
"28.32","18.92","2024-05-25T21:43:52.511Z","ask"
"28.395","10.5","2024-05-25T21:43:52.511Z","ask"
"28.466","0.1","2024-05-25T21:43:52.511Z","ask"
"28.48","4","2024-05-25T21:43:52.511Z","ask"
"28.5","21.04","2024-05-25T21:43:52.511Z","ask"
"28.549","108.5","2024-05-25T21:43:52.511Z","ask"
"28.65","20","2024-05-25T21:43:52.511Z","ask"
"28.69","251.53","2024-05-25T21:43:52.511Z","ask"
"28.74","20","2024-05-25T21:43:52.511Z","ask"
"28.75","0.7","2024-05-25T21:43:52.511Z","ask"
"28.869","104.28","2024-05-25T21:43:52.511Z","ask"
"28.87","20","2024-05-25T21:43:52.511Z","ask"
"28.88","75","2024-05-25T21:43:52.511Z","ask"
"28.889","30","2024-05-25T21:43:52.511Z","ask"
"28.89","2","2024-05-25T21:43:52.511Z","ask"
"28.9","143.49","2024-05-25T21:43:52.511Z","ask"
"28.948","15","2024-05-25T21:43:52.511Z","ask"
"29","1060.66","2024-05-25T21:43:52.511Z","ask"
"29.003","44.71","2024-05-25T21:43:52.511Z","ask"
"29.1","22.25","2024-05-25T21:43:52.511Z","ask"
"29.12","23.7","2024-05-25T21:43:52.511Z","ask"
"29.276","0.5","2024-05-25T21:43:52.511Z","ask"
"29.29","5","2024-05-25T21:43:52.511Z","ask"
"29.32","0.79","2024-05-25T21:43:52.511Z","ask"
"29.389","18","2024-05-25T21:43:52.511Z","ask"
"29.39","1.72","2024-05-25T21:43:52.511Z","ask"
"29.444","19","2024-05-25T21:43:52.511Z","ask"
"29.489","40","2024-05-25T21:43:52.511Z","ask"
"29.5","55","2024-05-25T21:43:52.511Z","ask"
"29.7","15.06","2024-05-25T21:43:52.511Z","ask"
"29.77","974.07","2024-05-25T21:43:52.511Z","ask"
"29.79","141.49","2024-05-25T21:43:52.511Z","ask"
"29.8","30.1","2024-05-25T21:43:52.511Z","ask"
"29.85","91","2024-05-25T21:43:52.511Z","ask"
"29.866","44.71","2024-05-25T21:43:52.511Z","ask"
"29.87","20","2024-05-25T21:43:52.511Z","ask"
"29.93","35","2024-05-25T21:43:52.511Z","ask"
"30","2777.52","2024-05-25T21:43:52.511Z","ask"
"30.03","15","2024-05-25T21:43:52.511Z","ask"
"30.201","2","2024-05-25T21:43:52.511Z","ask"
"30.292","11.63","2024-05-25T21:43:52.511Z","ask"
"30.37","4","2024-05-25T21:43:52.511Z","ask"
"30.45","3.72","2024-05-25T21:43:52.511Z","ask"
"30.453","66.48","2024-05-25T21:43:52.511Z","ask"
"30.56","37.07","2024-05-25T21:43:52.511Z","ask"
"30.63","10","2024-05-25T21:43:52.511Z","ask"
"30.64","0.8","2024-05-25T21:43:52.511Z","ask"
"30.728","44.71","2024-05-25T21:43:52.511Z","ask"
"30.83","0.25","2024-05-25T21:43:52.511Z","ask"
"30.87","20","2024-05-25T21:43:52.511Z","ask"
"30.988","0.1","2024-05-25T21:43:52.511Z","ask"
"31","460.3","2024-05-25T21:43:52.511Z","ask"
"31.21","11.91","2024-05-25T21:43:52.511Z","ask"
"31.33","3.22","2024-05-25T21:43:52.511Z","ask"
"31.333","75","2024-05-25T21:43:52.511Z","ask"
"31.397","3.5","2024-05-25T21:43:52.511Z","ask"
"31.46","7996","2024-05-25T21:43:52.511Z","ask"
"31.5","11.98","2024-05-25T21:43:52.511Z","ask"
"31.591","44.71","2024-05-25T21:43:52.511Z","ask"
"31.7","1486.96","2024-05-25T21:43:52.511Z","ask"
"31.75","49.46","2024-05-25T21:43:52.511Z","ask"
"31.83","100","2024-05-25T21:43:52.511Z","ask"
"31.89","6","2024-05-25T21:43:52.511Z","ask"
"31.9","12","2024-05-25T21:43:52.511Z","ask"
"32","3834.95","2024-05-25T21:43:52.511Z","ask"
"32.071","21.66","2024-05-25T21:43:52.511Z","ask"
"32.1","10","2024-05-25T21:43:52.511Z","ask"
"32.19","2.82","2024-05-25T21:43:52.511Z","ask"
"32.296","1.07","2024-05-25T21:43:52.511Z","ask"
"32.32","18.11","2024-05-25T21:43:52.511Z","ask"
"32.37","543.6","2024-05-25T21:43:52.511Z","ask"
"32.453","44.71","2024-05-25T21:43:52.511Z","ask"
"32.48","8","2024-05-25T21:43:52.511Z","ask"
"32.5","60.02","2024-05-25T21:43:52.511Z","ask"
"32.78","10","2024-05-25T21:43:52.511Z","ask"
"32.81","0.33","2024-05-25T21:43:52.511Z","ask"
"32.82","63","2024-05-25T21:43:52.511Z","ask"
"32.87","50","2024-05-25T21:43:52.511Z","ask"
"32.89","290.87","2024-05-25T21:43:52.511Z","ask"
"32.892","26.27","2024-05-25T21:43:52.511Z","ask"
"32.94","6","2024-05-25T21:43:52.511Z","ask"
"33","671.58","2024-05-25T21:43:52.511Z","ask"
"33.02","153.89","2024-05-25T21:43:52.511Z","ask"
"33.18","3.04","2024-05-25T21:43:52.511Z","ask"
"33.21","3.66","2024-05-25T21:43:52.511Z","ask"
"33.28","51.76","2024-05-25T21:43:52.511Z","ask"
"33.316","44.71","2024-05-25T21:43:52.511Z","ask"
"33.33","896.03","2024-05-25T21:43:52.511Z","ask"
"33.333","10","2024-05-25T21:43:52.511Z","ask"
"33.44","4","2024-05-25T21:43:52.511Z","ask"
"33.58","3.02","2024-05-25T21:43:52.511Z","ask"
"33.7","500","2024-05-25T21:43:52.511Z","ask"
"33.89","9","2024-05-25T21:43:52.511Z","ask"
"33.9","1072.08","2024-05-25T21:43:52.511Z","ask"
"33.996","1.28","2024-05-25T21:43:52.511Z","ask"
"33.999","0.48","2024-05-25T21:43:52.511Z","ask"
"34","361.67","2024-05-25T21:43:52.511Z","ask"
"34.178","44.71","2024-05-25T21:43:52.511Z","ask"
"34.201","50","2024-05-25T21:43:52.511Z","ask"
"34.26","73.13","2024-05-25T21:43:52.511Z","ask"
"34.3","0.5","2024-05-25T21:43:52.511Z","ask"
"34.4","7.32","2024-05-25T21:43:52.511Z","ask"
"34.44","5","2024-05-25T21:43:52.511Z","ask"
"34.47","0.57","2024-05-25T21:43:52.511Z","ask"
"34.5","10","2024-05-25T21:43:52.511Z","ask"
"34.56","5","2024-05-25T21:43:52.511Z","ask"
"34.6","28.3","2024-05-25T21:43:52.511Z","ask"
"34.7","24.85","2024-05-25T21:43:52.511Z","ask"
"34.74","4","2024-05-25T21:43:52.511Z","ask"
"34.79","12","2024-05-25T21:43:52.511Z","ask"
"34.82","0.75","2024-05-25T21:43:52.511Z","ask"
"34.87","50","2024-05-25T21:43:52.511Z","ask"
"34.89","30","2024-05-25T21:43:52.511Z","ask"
"34.95","2","2024-05-25T21:43:52.511Z","ask"
"34.98","25.63","2024-05-25T21:43:52.511Z","ask"
"35","2185.16","2024-05-25T21:43:52.511Z","ask"
"35.04","44.71","2024-05-25T21:43:52.511Z","ask"
"35.25","8","2024-05-25T21:43:52.511Z","ask"
"35.253","21.1","2024-05-25T21:43:52.511Z","ask"
"35.29","13","2024-05-25T21:43:52.511Z","ask"
"35.5","14.08","2024-05-25T21:43:52.511Z","ask"
"35.75","2.5","2024-05-25T21:43:52.511Z","ask"
"35.78","5.63","2024-05-25T21:43:52.511Z","ask"
"35.82","5","2024-05-25T21:43:52.511Z","ask"
"35.903","44.71","2024-05-25T21:43:52.511Z","ask"
"35.91","11","2024-05-25T21:43:52.511Z","ask"
"35.92","62.2","2024-05-25T21:43:52.511Z","ask"
"35.93","70","2024-05-25T21:43:52.511Z","ask"
"35.97","19.96","2024-05-25T21:43:52.511Z","ask"
"36","290","2024-05-25T21:43:52.511Z","ask"
"36.01","10.98","2024-05-25T21:43:52.511Z","ask"
"36.034","69.38","2024-05-25T21:43:52.511Z","ask"
"36.21","6.04","2024-05-25T21:43:52.511Z","ask"
"36.3","10","2024-05-25T21:43:52.511Z","ask"
"36.36","29.99","2024-05-25T21:43:52.511Z","ask"
"36.49","0.56","2024-05-25T21:43:52.511Z","ask"
"36.69","36.78","2024-05-25T21:43:52.511Z","ask"
"36.7","1.08","2024-05-25T21:43:52.511Z","ask"
"36.765","44.71","2024-05-25T21:43:52.511Z","ask"
"36.78","35","2024-05-25T21:43:52.511Z","ask"
"36.87","50","2024-05-25T21:43:52.511Z","ask"
"36.88","100","2024-05-25T21:43:52.511Z","ask"
"36.89","5","2024-05-25T21:43:52.511Z","ask"
"37","1004.22","2024-05-25T21:43:52.511Z","ask"
"37.37","2","2024-05-25T21:43:52.511Z","ask"
"37.48","6","2024-05-25T21:43:52.511Z","ask"
"37.5","20.55","2024-05-25T21:43:52.511Z","ask"
"37.628","44.71","2024-05-25T21:43:52.511Z","ask"
"37.8","1.36","2024-05-25T21:43:52.511Z","ask"
"37.94","4","2024-05-25T21:43:52.511Z","ask"
"37.98","100.6","2024-05-25T21:43:52.511Z","ask"
"38","1233.83","2024-05-25T21:43:52.511Z","ask"
"38.08","1","2024-05-25T21:43:52.511Z","ask"
"38.2","0.5","2024-05-25T21:43:52.511Z","ask"
"38.25","7.95","2024-05-25T21:43:52.511Z","ask"
"38.28","0.9","2024-05-25T21:43:52.511Z","ask"
"38.34","2","2024-05-25T21:43:52.511Z","ask"
"38.39","5.25","2024-05-25T21:43:52.511Z","ask"
"38.4","6.03","2024-05-25T21:43:52.511Z","ask"
"38.49","44.71","2024-05-25T21:43:52.511Z","ask"
"38.5","70","2024-05-25T21:43:52.511Z","ask"
"38.64","2.57","2024-05-25T21:43:52.511Z","ask"
"38.76","1","2024-05-25T21:43:52.511Z","ask"
"38.89","575.08","2024-05-25T21:43:52.511Z","ask"
"38.9","10","2024-05-25T21:43:52.511Z","ask"
"38.94","4","2024-05-25T21:43:52.511Z","ask"
"38.98","50","2024-05-25T21:43:52.511Z","ask"
"39","620.92","2024-05-25T21:43:52.511Z","ask"
"39.2","5.14","2024-05-25T21:43:52.511Z","ask"
"39.22","215.92","2024-05-25T21:43:52.511Z","ask"
"39.33","0.71","2024-05-25T21:43:52.511Z","ask"
"39.38","6","2024-05-25T21:43:52.511Z","ask"
"39.48","85","2024-05-25T21:43:52.511Z","ask"
"39.5","27.95","2024-05-25T21:43:52.511Z","ask"
"39.55","18.62","2024-05-25T21:43:52.511Z","ask"
"39.772","61.51","2024-05-25T21:43:52.511Z","ask"
"39.8","22.59","2024-05-25T21:43:52.511Z","ask"
"39.85","20","2024-05-25T21:43:52.511Z","ask"
"39.9","83.88","2024-05-25T21:43:52.511Z","ask"
"39.95","35","2024-05-25T21:43:52.511Z","ask"
"40","10128.84","2024-05-25T21:43:52.511Z","ask"
"40.119","28.14","2024-05-25T21:43:52.511Z","ask"
"40.18","2.5","2024-05-25T21:43:52.511Z","ask"
"40.218","1.42","2024-05-25T21:43:52.511Z","ask"
"40.25","2.5","2024-05-25T21:43:52.511Z","ask"
"40.5","24.69","2024-05-25T21:43:52.511Z","ask"
"40.55","5","2024-05-25T21:43:52.511Z","ask"
