"price","volume","time","side","orderType"
"8.44900000","0.47000000","2024-05-25T21:43:52.042Z","sell","maker"
"8.44900000","3.19000000","2024-05-25T21:43:24.856Z","sell","maker"
"8.44700000","2.37000000","2024-05-25T21:42:30.805Z","buy","maker"
"8.44700000","0.02000000","2024-05-25T21:42:28.666Z","buy","maker"
"8.44900000","2.17000000","2024-05-25T21:41:53.792Z","sell","maker"
"8.44900000","8.98000000","2024-05-25T21:41:31.555Z","sell","maker"
"8.44900000","2.25000000","2024-05-25T21:41:31.555Z","sell","maker"
"8.44900000","0.12000000","2024-05-25T21:41:25.047Z","sell","maker"
"8.44600000","5.97000000","2024-05-25T21:40:36.118Z","buy","maker"
"8.44800000","9.00000000","2024-05-25T21:40:00.626Z","sell","maker"
"8.44800000","4.74000000","2024-05-25T21:40:00.626Z","sell","maker"
"8.44800000","0.15000000","2024-05-25T21:39:56.584Z","sell","maker"
"8.44800000","0.15000000","2024-05-25T21:39:31.424Z","sell","maker"
"8.44800000","2.00000000","2024-05-25T21:39:14.629Z","sell","maker"
"8.44600000","0.87000000","2024-05-25T21:39:05.480Z","buy","maker"
"8.44600000","8.55000000","2024-05-25T21:38:51.963Z","buy","maker"
"8.44800000","0.06000000","2024-05-25T21:38:35.144Z","sell","maker"
"8.44800000","0.25000000","2024-05-25T21:38:29.193Z","sell","maker"
"8.44900000","0.25000000","2024-05-25T21:37:38.883Z","sell","maker"
"8.44800000","8.03000000","2024-05-25T21:37:32.967Z","buy","maker"
"8.44900000","0.18000000","2024-05-25T21:36:58.539Z","sell","maker"
"8.44900000","0.47000000","2024-05-25T21:36:23.198Z","sell","maker"
"8.44900000","0.25000000","2024-05-25T21:36:11.594Z","sell","maker"
"8.44900000","3.22000000","2024-05-25T21:35:43.744Z","sell","maker"
"8.44900000","0.32000000","2024-05-25T21:35:38.787Z","sell","maker"
"8.44900000","22.45000000","2024-05-25T21:35:37.686Z","sell","maker"
"8.44700000","9.59000000","2024-05-25T21:35:15.114Z","buy","maker"
"8.45000000","0.12000000","2024-05-25T21:34:57.671Z","sell","maker"
"8.45000000","0.12000000","2024-05-25T21:33:59.695Z","sell","maker"
"8.45000000","0.01000000","2024-05-25T21:33:58.043Z","sell","maker"
"8.45000000","87.74000000","2024-05-25T21:33:48.847Z","sell","maker"
"8.45200000","5.00000000","2024-05-25T21:33:03.049Z","sell","maker"
"8.45100000","7.42000000","2024-05-25T21:32:41.617Z","buy","maker"
"8.45100000","20.42000000","2024-05-25T21:32:41.617Z","buy","maker"
"8.45100000","0.67000000","2024-05-25T21:31:52.794Z","buy","maker"
"8.45200000","2.79000000","2024-05-25T21:31:35.602Z","buy","maker"
"8.45200000","2.31000000","2024-05-25T21:30:34.641Z","sell","maker"
"8.45200000","0.47000000","2024-05-25T21:30:34.641Z","sell","maker"
"8.45200000","2.58000000","2024-05-25T21:30:12.802Z","sell","maker"
"8.45200000","1.06000000","2024-05-25T21:30:03.858Z","sell","maker"
"8.45200000","0.99000000","2024-05-25T21:29:43.735Z","sell","maker"
"8.45100000","17.12000000","2024-05-25T21:28:30.797Z","sell","maker"
"8.45000000","5.45000000","2024-05-25T21:27:58.051Z","buy","maker"
"8.45200000","58.57000000","2024-05-25T21:27:52.421Z","sell","maker"
"8.45200000","0.58000000","2024-05-25T21:27:16.484Z","sell","maker"
"8.45100000","0.58000000","2024-05-25T21:27:11.793Z","sell","maker"
"8.45200000","1.63000000","2024-05-25T21:26:18.007Z","sell","maker"
"8.45000000","0.22000000","2024-05-25T21:25:55.708Z","buy","maker"
"8.45000000","34.78000000","2024-05-25T21:25:55.708Z","buy","maker"
"8.45500000","13.51000000","2024-05-25T21:25:43.069Z","sell","maker"
"8.45500000","48.71000000","2024-05-25T21:25:43.069Z","sell","maker"
"8.45500000","89.41000000","2024-05-25T21:25:43.069Z","sell","maker"
"8.45500000","24.57000000","2024-05-25T21:25:43.069Z","sell","maker"
"8.45400000","9.00000000","2024-05-25T21:25:43.069Z","sell","maker"
"8.45400000","48.99000000","2024-05-25T21:25:43.069Z","sell","maker"
"8.45400000","0.06000000","2024-05-25T21:25:27.738Z","sell","maker"
"8.45400000","0.23000000","2024-05-25T21:25:09.698Z","sell","maker"
"8.45600000","21.00000000","2024-05-25T21:25:00.635Z","sell","maker"
"8.45600000","13.01000000","2024-05-25T21:25:00.490Z","sell","maker"
"8.45600000","21.61000000","2024-05-25T21:25:00.482Z","sell","maker"
"8.45600000","28.30000000","2024-05-25T21:25:00.481Z","sell","maker"
"8.45600000","20.08000000","2024-05-25T21:25:00.468Z","sell","maker"
"8.45400000","29.58000000","2024-05-25T21:25:00.275Z","sell","maker"
"8.45400000","138.03000000","2024-05-25T21:25:00.275Z","sell","maker"
"8.45300000","5.44000000","2024-05-25T21:25:00.275Z","sell","maker"
"8.45300000","0.35000000","2024-05-25T21:24:33.848Z","sell","maker"
"8.45000000","23.66000000","2024-05-25T21:24:29.024Z","sell","maker"
"8.45000000","200.00000000","2024-05-25T21:24:28.962Z","sell","maker"
"8.44900000","0.06000000","2024-05-25T21:24:23.980Z","sell","maker"
"8.44900000","3.65000000","2024-05-25T21:23:51.490Z","sell","maker"
"8.44900000","18.87000000","2024-05-25T21:23:51.490Z","sell","maker"
"8.44800000","0.48000000","2024-05-25T21:23:51.490Z","sell","maker"
"8.44800000","0.12000000","2024-05-25T21:23:10.749Z","sell","maker"
"8.44800000","0.22000000","2024-05-25T21:22:52.801Z","sell","maker"
"8.44800000","7.24000000","2024-05-25T21:22:12.926Z","sell","maker"
"8.44900000","16.20000000","2024-05-25T21:22:11.683Z","sell","maker"
"8.44900000","24.92000000","2024-05-25T21:22:11.683Z","sell","maker"
"8.44900000","33.41000000","2024-05-25T21:22:11.683Z","sell","maker"
"8.44900000","11.61000000","2024-05-25T21:22:11.683Z","sell","maker"
"8.44800000","28.40000000","2024-05-25T21:22:11.683Z","sell","maker"
"8.44800000","2.64000000","2024-05-25T21:22:11.683Z","sell","maker"
"8.44800000","0.18000000","2024-05-25T21:21:56.369Z","sell","maker"
"8.44800000","6.53000000","2024-05-25T21:20:57.727Z","sell","maker"
"8.44800000","8.47000000","2024-05-25T21:20:57.727Z","sell","maker"
"8.44700000","5.64000000","2024-05-25T21:20:57.654Z","sell","maker"
"8.44700000","131.70000000","2024-05-25T21:20:57.654Z","sell","maker"
"8.44500000","0.03000000","2024-05-25T21:20:39.892Z","buy","maker"
"8.44700000","10.49000000","2024-05-25T21:20:08.986Z","sell","maker"
"8.44600000","1.23000000","2024-05-25T21:20:08.986Z","sell","maker"
"8.44400000","1.70000000","2024-05-25T21:20:00.972Z","buy","maker"
"8.44400000","2.45000000","2024-05-25T21:19:11.721Z","sell","maker"
"8.44400000","176.31000000","2024-05-25T21:19:11.427Z","sell","maker"
"8.44400000","9.53000000","2024-05-25T21:19:08.688Z","sell","maker"
"8.44400000","0.47000000","2024-05-25T21:18:59.781Z","sell","maker"
"8.44300000","0.08000000","2024-05-25T21:18:52.870Z","buy","maker"
"8.44300000","4.91000000","2024-05-25T21:18:41.301Z","sell","maker"
"8.44300000","4.01000000","2024-05-25T21:18:37.566Z","sell","maker"
"8.44300000","11.73000000","2024-05-25T21:18:36.496Z","sell","maker"
"8.44300000","17.15000000","2024-05-25T21:18:15.838Z","sell","maker"
"8.44200000","14.98000000","2024-05-25T21:18:07.232Z","sell","maker"
"8.44200000","11.24000000","2024-05-25T21:17:35.374Z","sell","maker"
"8.44100000","0.05000000","2024-05-25T21:17:31.578Z","sell","maker"
"8.44400000","23.67000000","2024-05-25T21:17:03.745Z","sell","maker"
"8.44400000","8.63000000","2024-05-25T21:17:03.742Z","sell","maker"
"8.44400000","1.44000000","2024-05-25T21:17:03.742Z","sell","maker"
"8.44400000","23.67000000","2024-05-25T21:17:03.569Z","sell","maker"
"8.44500000","4.86000000","2024-05-25T21:17:03.242Z","sell","maker"
"8.44400000","10.07000000","2024-05-25T21:17:03.242Z","sell","maker"
"8.44400000","23.67000000","2024-05-25T21:17:03.070Z","sell","maker"
"8.44500000","23.67000000","2024-05-25T21:17:02.691Z","sell","maker"
"8.44500000","23.67000000","2024-05-25T21:16:54.227Z","sell","maker"
"8.44600000","1.20000000","2024-05-25T21:16:41.258Z","sell","maker"
"8.44700000","11.80000000","2024-05-25T21:16:17.129Z","sell","maker"
"8.44800000","15.04000000","2024-05-25T21:15:47.009Z","sell","maker"
"8.44600000","9.32000000","2024-05-25T21:15:46.531Z","buy","maker"
"8.44700000","0.92000000","2024-05-25T21:15:44.877Z","sell","maker"
"8.44600000","0.38000000","2024-05-25T21:15:09.671Z","buy","maker"
"8.44900000","0.19000000","2024-05-25T21:15:02.082Z","sell","maker"
"8.44900000","18.66000000","2024-05-25T21:14:52.529Z","sell","maker"
"8.44900000","27.39000000","2024-05-25T21:14:52.529Z","sell","maker"
"8.45100000","3.51000000","2024-05-25T21:14:01.325Z","sell","maker"
"8.44900000","1.62000000","2024-05-25T21:13:53.664Z","buy","maker"
"8.45100000","2.07000000","2024-05-25T21:13:08.090Z","sell","maker"
"8.45000000","138.24000000","2024-05-25T21:13:02.394Z","sell","maker"
"8.45000000","38.00000000","2024-05-25T21:13:02.394Z","sell","maker"
"8.44900000","8.56000000","2024-05-25T21:13:02.393Z","sell","maker"
"8.44600000","5.11000000","2024-05-25T21:12:59.318Z","buy","maker"
"8.44700000","0.67000000","2024-05-25T21:12:28.843Z","sell","maker"
"8.44700000","0.01000000","2024-05-25T21:12:27.271Z","sell","maker"
"8.44700000","14.32000000","2024-05-25T21:12:17.165Z","sell","maker"
"8.44600000","0.68000000","2024-05-25T21:12:17.165Z","sell","maker"
"8.44500000","1.29000000","2024-05-25T21:11:43.372Z","sell","maker"
"8.44500000","0.06000000","2024-05-25T21:11:37.128Z","sell","maker"
"8.44400000","2.12000000","2024-05-25T21:10:50.452Z","sell","maker"
"8.44400000","0.59000000","2024-05-25T21:10:49.417Z","sell","maker"
"8.44500000","7.51000000","2024-05-25T21:10:13.520Z","sell","maker"
"8.44400000","33.57000000","2024-05-25T21:10:13.520Z","sell","maker"
"8.44400000","5.41000000","2024-05-25T21:10:13.520Z","sell","maker"
"8.44400000","1.38000000","2024-05-25T21:09:48.325Z","sell","maker"
"8.44300000","10.88000000","2024-05-25T21:09:45.228Z","buy","maker"
"8.44400000","1.43000000","2024-05-25T21:09:42.486Z","sell","maker"
"8.44400000","1.84000000","2024-05-25T21:09:16.521Z","sell","maker"
"8.44400000","6.99000000","2024-05-25T21:09:12.309Z","sell","maker"
"8.44300000","2.16000000","2024-05-25T21:08:53.906Z","buy","maker"
"8.44500000","23.67000000","2024-05-25T21:08:31.348Z","sell","maker"
"8.44700000","9.47000000","2024-05-25T21:07:43.293Z","buy","maker"
"8.45100000","23.44000000","2024-05-25T21:06:06.615Z","sell","maker"
"8.45000000","38.00000000","2024-05-25T21:06:01.245Z","sell","maker"
"8.45000000","50.00000000","2024-05-25T21:06:01.245Z","sell","maker"
"8.44900000","8.82000000","2024-05-25T21:06:01.245Z","sell","maker"
"8.44900000","3.48000000","2024-05-25T21:06:01.245Z","sell","maker"
"8.44900000","14.35000000","2024-05-25T21:06:01.216Z","sell","maker"
"8.44800000","0.65000000","2024-05-25T21:06:01.216Z","sell","maker"
"8.44400000","21.77000000","2024-05-25T21:05:40.647Z","buy","maker"
"8.44500000","20.00000000","2024-05-25T21:05:40.647Z","buy","maker"
"8.44500000","34.78000000","2024-05-25T21:05:40.647Z","buy","maker"
"8.44700000","8.91000000","2024-05-25T21:05:40.427Z","sell","maker"
"8.44600000","2.59000000","2024-05-25T21:05:40.427Z","sell","maker"
"8.44500000","138.41000000","2024-05-25T21:05:40.372Z","sell","maker"
"8.44300000","2.21000000","2024-05-25T21:05:12.115Z","buy","maker"
"8.44300000","0.29000000","2024-05-25T21:04:55.074Z","buy","maker"
"8.44300000","138.45000000","2024-05-25T21:04:32.761Z","sell","maker"
"8.44200000","2.39000000","2024-05-25T21:04:32.137Z","buy","maker"
"8.44500000","2.17000000","2024-05-25T21:03:52.607Z","sell","maker"
"8.44200000","12.76000000","2024-05-25T21:03:50.276Z","buy","maker"
"8.44200000","30.00000000","2024-05-25T21:03:50.276Z","buy","maker"
"8.44200000","20.00000000","2024-05-25T21:03:50.276Z","buy","maker"
"8.44200000","34.78000000","2024-05-25T21:03:50.276Z","buy","maker"
"8.44600000","11.83000000","2024-05-25T21:03:07.950Z","sell","maker"
"8.44600000","29.19000000","2024-05-25T21:03:05.173Z","sell","maker"
"8.44600000","58.64000000","2024-05-25T21:03:04.872Z","sell","maker"
"8.44600000","17.75000000","2024-05-25T21:03:04.856Z","sell","maker"
"8.44600000","29.29000000","2024-05-25T21:03:04.834Z","sell","maker"
"8.44600000","5.00000000","2024-05-25T21:03:04.834Z","sell","maker"
"8.44400000","9.05000000","2024-05-25T21:03:04.805Z","sell","maker"
"8.44300000","5.18000000","2024-05-25T21:03:04.730Z","sell","maker"
"8.44300000","295.47000000","2024-05-25T21:03:04.730Z","sell","maker"
"8.44300000","21.36000000","2024-05-25T21:03:03.424Z","sell","maker"
"8.44300000","23.67000000","2024-05-25T21:03:02.924Z","sell","maker"
"8.44300000","23.67000000","2024-05-25T21:03:02.423Z","sell","maker"
"8.44300000","23.67000000","2024-05-25T21:03:01.925Z","sell","maker"
"8.44300000","23.67000000","2024-05-25T21:03:01.423Z","sell","maker"
"8.44300000","10.35000000","2024-05-25T21:03:01.279Z","sell","maker"
"8.44300000","13.33000000","2024-05-25T21:03:01.279Z","sell","maker"
"8.44300000","23.68000000","2024-05-25T21:03:01.105Z","sell","maker"
"8.44300000","0.35000000","2024-05-25T21:02:50.766Z","sell","maker"
"8.44300000","2.51000000","2024-05-25T21:02:46.843Z","sell","maker"
"8.44300000","23.67000000","2024-05-25T21:01:42.906Z","sell","maker"
"8.44300000","23.67000000","2024-05-25T21:01:42.505Z","sell","maker"
"8.44300000","34.31000000","2024-05-25T21:01:42.310Z","sell","maker"
"8.44300000","17.83000000","2024-05-25T21:01:42.299Z","sell","maker"
"8.44300000","5.85000000","2024-05-25T21:01:42.299Z","sell","maker"
"8.44300000","109.00000000","2024-05-25T21:01:42.280Z","sell","maker"
"8.44300000","23.68000000","2024-05-25T21:01:21.201Z","sell","maker"
"8.44300000","0.66000000","2024-05-25T21:01:21.122Z","sell","maker"
"8.44300000","48.97000000","2024-05-25T21:01:21.122Z","sell","maker"
"8.44200000","23.68000000","2024-05-25T21:01:21.029Z","sell","maker"
"8.44200000","138.53000000","2024-05-25T21:01:21.022Z","sell","maker"
"8.44300000","23.67000000","2024-05-25T21:01:14.823Z","sell","maker"
"8.44300000","23.67000000","2024-05-25T21:01:08.442Z","sell","maker"
"8.44300000","23.67000000","2024-05-25T21:01:08.439Z","sell","maker"
"8.44300000","92.32000000","2024-05-25T21:01:03.981Z","sell","maker"
"8.44200000","0.65000000","2024-05-25T21:01:03.959Z","sell","maker"
"8.44200000","30.81000000","2024-05-25T21:00:50.164Z","sell","maker"
"8.44200000","1.30000000","2024-05-25T21:00:49.991Z","sell","maker"
"8.44100000","15.00000000","2024-05-25T21:00:49.783Z","sell","maker"
"8.44200000","23.68000000","2024-05-25T21:00:12.717Z","sell","maker"
"8.44200000","21.08000000","2024-05-25T21:00:12.031Z","sell","maker"
"8.44200000","2.30000000","2024-05-25T21:00:12.031Z","sell","maker"
"8.44200000","0.30000000","2024-05-25T21:00:12.031Z","sell","maker"
"8.44200000","4.61000000","2024-05-25T21:00:06.529Z","sell","maker"
"8.44200000","91.25000000","2024-05-25T21:00:06.529Z","sell","maker"
"8.44200000","23.68000000","2024-05-25T21:00:06.519Z","sell","maker"
"8.44100000","91.03000000","2024-05-25T21:00:06.511Z","sell","maker"
"8.44100000","109.00000000","2024-05-25T21:00:06.504Z","sell","maker"
"8.44100000","23.68000000","2024-05-25T20:59:43.226Z","sell","maker"
"8.44200000","23.67000000","2024-05-25T20:59:37.902Z","sell","maker"
"8.44100000","3.80000000","2024-05-25T20:58:50.446Z","buy","maker"
"8.44200000","4.13000000","2024-05-25T20:58:38.685Z","sell","maker"
"8.44000000","7.15000000","2024-05-25T20:58:11.504Z","buy","maker"
"8.44200000","58.78000000","2024-05-25T20:57:57.043Z","sell","maker"
"8.44300000","23.67000000","2024-05-25T20:57:43.350Z","sell","maker"
"8.44300000","26.04000000","2024-05-25T20:57:43.266Z","sell","maker"
"8.44300000","23.67000000","2024-05-25T20:57:43.094Z","sell","maker"
"8.44300000","25.90000000","2024-05-25T20:57:42.860Z","sell","maker"
"8.44300000","19.09000000","2024-05-25T20:57:42.852Z","sell","maker"
"8.44300000","26.30000000","2024-05-25T20:57:42.844Z","sell","maker"
"8.44300000","23.67000000","2024-05-25T20:57:42.594Z","sell","maker"
"8.44300000","109.00000000","2024-05-25T20:57:42.548Z","sell","maker"
"8.44300000","15.00000000","2024-05-25T20:57:42.548Z","sell","maker"
"8.44300000","11.83000000","2024-05-25T20:57:36.536Z","sell","maker"
"8.44300000","21.06000000","2024-05-25T20:57:35.698Z","sell","maker"
"8.44300000","23.68000000","2024-05-25T20:57:35.448Z","sell","maker"
"8.44300000","11.83000000","2024-05-25T20:57:26.521Z","sell","maker"
"8.44300000","11.25000000","2024-05-25T20:57:25.697Z","sell","maker"
"8.44300000","12.42000000","2024-05-25T20:57:25.697Z","sell","maker"
"8.44300000","23.67000000","2024-05-25T20:57:25.449Z","sell","maker"
"8.44300000","11.83000000","2024-05-25T20:57:16.487Z","sell","maker"
"8.44300000","3.79000000","2024-05-25T20:57:15.772Z","sell","maker"
"8.44300000","44.76000000","2024-05-25T20:57:15.772Z","sell","maker"
"8.44300000","83.82000000","2024-05-25T20:57:15.771Z","sell","maker"
"8.44300000","15.00000000","2024-05-25T20:57:15.710Z","sell","maker"
"8.44300000","23.67000000","2024-05-25T20:57:12.563Z","sell","maker"
"8.44300000","23.67000000","2024-05-25T20:57:10.218Z","sell","maker"
"8.44300000","15.00000000","2024-05-25T20:57:09.147Z","sell","maker"
"8.44300000","109.00000000","2024-05-25T20:57:09.145Z","sell","maker"
"8.44300000","11.83000000","2024-05-25T20:57:06.447Z","sell","maker"
"8.44300000","7.06000000","2024-05-25T20:57:04.396Z","sell","maker"
"8.44300000","109.00000000","2024-05-25T20:56:59.092Z","sell","maker"
"8.44300000","23.69000000","2024-05-25T20:56:58.113Z","sell","maker"
"8.44300000","23.68000000","2024-05-25T20:56:57.886Z","sell","maker"
"8.44300000","23.68000000","2024-05-25T20:56:57.666Z","sell","maker"
"8.44300000","23.68000000","2024-05-25T20:56:57.259Z","sell","maker"
"8.44300000","23.67000000","2024-05-25T20:56:57.256Z","sell","maker"
"8.44600000","13.38000000","2024-05-25T20:56:56.257Z","sell","maker"
"8.44600000","26.62000000","2024-05-25T20:56:56.257Z","sell","maker"
"8.44500000","109.00000000","2024-05-25T20:56:56.188Z","buy","maker"
"8.44500000","10.16000000","2024-05-25T20:56:56.066Z","buy","maker"
"8.44700000","87.44000000","2024-05-25T20:56:56.032Z","sell","maker"
"8.44200000","10.93000000","2024-05-25T20:56:56.018Z","buy","maker"
"8.44200000","21.86000000","2024-05-25T20:56:56.018Z","buy","maker"
"8.44200000","43.72000000","2024-05-25T20:56:56.018Z","buy","maker"
"8.45600000","115.04000000","2024-05-25T20:56:55.945Z","sell","maker"
"8.40000000","256.27000000","2024-05-25T20:56:55.924Z","sell","maker"
"8.40000000","385.86000000","2024-05-25T20:56:55.923Z","sell","maker"
"8.40000000","1188.33000000","2024-05-25T20:56:55.923Z","sell","maker"
"8.40000000","709.58000000","2024-05-25T20:56:55.923Z","sell","maker"
"8.40000000","1419.16000000","2024-05-25T20:56:55.923Z","sell","maker"
"8.40000000","17.95000000","2024-05-25T20:56:55.922Z","sell","maker"
"8.40000000","37.93000000","2024-05-25T20:56:55.922Z","sell","maker"
"8.40000000","1053.33000000","2024-05-25T20:56:55.922Z","sell","maker"
"8.40000000","26.62000000","2024-05-25T20:56:55.921Z","sell","maker"
"8.39700000","79.62000000","2024-05-25T20:56:55.911Z","buy","maker"
"8.40000000","2.00000000","2024-05-25T20:56:55.911Z","buy","maker"
"8.40000000","100.00000000","2024-05-25T20:56:55.911Z","buy","maker"
"8.40000000","119.62000000","2024-05-25T20:56:55.911Z","buy","maker"
"8.40000000","50.00000000","2024-05-25T20:56:55.911Z","buy","maker"
"8.40000000","10.00000000","2024-05-25T20:56:55.911Z","buy","maker"
"8.40000000","99.05000000","2024-05-25T20:56:55.911Z","buy","maker"
"8.40200000","23.76000000","2024-05-25T20:56:55.911Z","buy","maker"
"8.40200000","3.65000000","2024-05-25T20:56:55.911Z","buy","maker"
"8.40500000","1111.36000000","2024-05-25T20:56:55.911Z","buy","maker"
"8.41000000","46.74000000","2024-05-25T20:56:55.911Z","buy","maker"
"8.41200000","121.76000000","2024-05-25T20:56:55.911Z","buy","maker"
"8.41200000","0.13000000","2024-05-25T20:56:55.911Z","buy","maker"
"8.41300000","0.54000000","2024-05-25T20:56:55.911Z","buy","maker"
"8.41400000","11.82000000","2024-05-25T20:56:55.911Z","buy","maker"
"8.41500000","2.97000000","2024-05-25T20:56:55.911Z","buy","maker"
"8.42000000","100.00000000","2024-05-25T20:56:55.911Z","buy","maker"
"8.42100000","744.77000000","2024-05-25T20:56:55.911Z","buy","maker"
"8.42200000","46.74000000","2024-05-25T20:56:55.911Z","buy","maker"
"8.42300000","82.43000000","2024-05-25T20:56:55.911Z","buy","maker"
"8.42600000","60.88000000","2024-05-25T20:56:55.911Z","buy","maker"
"8.42700000","2.38000000","2024-05-25T20:56:55.911Z","buy","maker"
"8.43200000","48.70000000","2024-05-25T20:56:55.911Z","buy","maker"
"8.43300000","222.50000000","2024-05-25T20:56:55.911Z","buy","maker"
"8.43300000","744.77000000","2024-05-25T20:56:55.911Z","buy","maker"
"8.43400000","223.07000000","2024-05-25T20:56:55.911Z","buy","maker"
"8.43500000","140.37000000","2024-05-25T20:56:55.911Z","buy","maker"
"8.43600000","1116.42000000","2024-05-25T20:56:55.911Z","buy","maker"
"8.43600000","288.71000000","2024-05-25T20:56:55.911Z","buy","maker"
"8.43700000","24.35000000","2024-05-25T20:56:55.911Z","buy","maker"
"8.43800000","948.08000000","2024-05-25T20:56:55.911Z","buy","maker"
"8.43800000","44.77000000","2024-05-25T20:56:55.911Z","buy","maker"
"8.43900000","561.21000000","2024-05-25T20:56:55.911Z","buy","maker"
"8.43900000","12.18000000","2024-05-25T20:56:55.911Z","buy","maker"
"8.44000000","614.94000000","2024-05-25T20:56:55.911Z","buy","maker"
"8.44000000","6.09000000","2024-05-25T20:56:55.911Z","buy","maker"
"8.44100000","53.22000000","2024-05-25T20:56:55.911Z","buy","maker"
"8.44100000","20.43000000","2024-05-25T20:56:55.911Z","buy","maker"
"8.44100000","372.16000000","2024-05-25T20:56:55.911Z","buy","maker"
"8.44200000","473.82000000","2024-05-25T20:56:55.911Z","buy","maker"
"8.44300000","158.09000000","2024-05-25T20:56:55.911Z","buy","maker"
"8.44400000","800.00000000","2024-05-25T20:56:55.911Z","buy","maker"
"8.44500000","138.21000000","2024-05-25T20:56:55.911Z","buy","maker"
"8.44500000","140.37000000","2024-05-25T20:56:55.911Z","buy","maker"
"8.44500000","236.81000000","2024-05-25T20:56:55.911Z","buy","maker"
"8.44600000","100.00000000","2024-05-25T20:56:55.911Z","buy","maker"
"8.44600000","95.11000000","2024-05-25T20:56:55.911Z","buy","maker"
"8.44600000","37.30000000","2024-05-25T20:56:55.911Z","buy","maker"
"8.44600000","24.32000000","2024-05-25T20:56:55.911Z","buy","maker"
"8.44700000","236.74000000","2024-05-25T20:56:55.911Z","buy","maker"
"8.44700000","46.69000000","2024-05-25T20:56:55.911Z","buy","maker"
"8.44800000","60.58000000","2024-05-25T20:56:55.911Z","buy","maker"
"8.44800000","47.34000000","2024-05-25T20:56:55.911Z","buy","maker"
"8.44800000","145.45000000","2024-05-25T20:56:55.911Z","buy","maker"
"8.44800000","71.90000000","2024-05-25T20:56:55.911Z","buy","maker"
"8.44900000","150.75000000","2024-05-25T20:56:55.911Z","buy","maker"
"8.44900000","211.38000000","2024-05-25T20:56:55.911Z","buy","maker"
"8.44900000","59.24000000","2024-05-25T20:56:55.911Z","buy","maker"
"8.44900000","236.71000000","2024-05-25T20:56:55.911Z","buy","maker"
"8.44900000","30.00000000","2024-05-25T20:56:55.911Z","buy","maker"
"8.45000000","23.65000000","2024-05-25T20:56:55.911Z","buy","maker"
"8.45000000","22.02000000","2024-05-25T20:56:55.911Z","buy","maker"
"8.45000000","40.38000000","2024-05-25T20:56:55.911Z","buy","maker"
"8.45000000","61.89000000","2024-05-25T20:56:55.911Z","buy","maker"
"8.45000000","34.49000000","2024-05-25T20:56:55.911Z","buy","maker"
"8.45000000","47.33000000","2024-05-25T20:56:55.911Z","buy","maker"
"8.45100000","40.75000000","2024-05-25T20:56:55.911Z","buy","maker"
"8.45100000","87.49000000","2024-05-25T20:56:55.911Z","buy","maker"
"8.45100000","20.00000000","2024-05-25T20:56:55.911Z","buy","maker"
"8.45200000","46.21000000","2024-05-25T20:56:55.911Z","buy","maker"
"8.45200000","26.62000000","2024-05-25T20:56:55.911Z","buy","maker"
"8.45200000","9.00000000","2024-05-25T20:56:55.911Z","buy","maker"
"8.45400000","211.38000000","2024-05-25T20:56:26.983Z","buy","maker"
"8.45500000","2.30000000","2024-05-25T20:56:26.591Z","sell","maker"
"8.45500000","0.20000000","2024-05-25T20:56:00.450Z","sell","maker"
"8.45700000","0.49000000","2024-05-25T20:55:53.067Z","sell","maker"
"8.45400000","23.38000000","2024-05-25T20:55:45.448Z","buy","maker"
"8.45700000","0.99000000","2024-05-25T20:55:33.969Z","sell","maker"
"8.45700000","0.31000000","2024-05-25T20:55:29.885Z","sell","maker"
"8.45700000","1.05000000","2024-05-25T20:55:20.311Z","sell","maker"
"8.45400000","5.36000000","2024-05-25T20:55:10.247Z","buy","maker"
"8.45500000","9.00000000","2024-05-25T20:55:10.247Z","buy","maker"
"8.45800000","0.23000000","2024-05-25T20:54:51.137Z","sell","maker"
"8.45600000","0.88000000","2024-05-25T20:53:17.934Z","sell","maker"
"8.45400000","2.10000000","2024-05-25T20:53:02.003Z","buy","maker"
"8.45600000","2.04000000","2024-05-25T20:52:08.357Z","sell","maker"
"8.45400000","7.78000000","2024-05-25T20:51:52.787Z","buy","maker"
"8.45600000","1.59000000","2024-05-25T20:51:31.834Z","buy","maker"
"8.46100000","13.55000000","2024-05-25T20:50:38.855Z","sell","maker"
"8.46000000","33.31000000","2024-05-25T20:50:38.855Z","sell","maker"
"8.46000000","9.00000000","2024-05-25T20:50:38.855Z","sell","maker"
"8.45900000","1.58000000","2024-05-25T20:50:38.855Z","sell","maker"
"8.45600000","2.87000000","2024-05-25T20:50:29.593Z","sell","maker"
"8.45600000","0.10000000","2024-05-25T20:50:27.665Z","sell","maker"
"8.45400000","4.57000000","2024-05-25T20:50:17.066Z","buy","maker"
"8.45600000","0.20000000","2024-05-25T20:49:13.192Z","sell","maker"
"8.45300000","6.34000000","2024-05-25T20:49:02.398Z","sell","maker"
"8.45300000","1.77000000","2024-05-25T20:48:25.536Z","sell","maker"
"8.44800000","1.72000000","2024-05-25T20:47:53.695Z","buy","maker"
"8.44700000","4.26000000","2024-05-25T20:47:25.082Z","buy","maker"
"8.44600000","1.69000000","2024-05-25T20:47:15.721Z","sell","maker"
"8.44300000","4.51000000","2024-05-25T20:46:54.326Z","buy","maker"
"8.44200000","10.40000000","2024-05-25T20:46:44.114Z","sell","maker"
"8.44200000","0.64000000","2024-05-25T20:45:53.820Z","sell","maker"
"8.44100000","1.21000000","2024-05-25T20:45:23.629Z","buy","maker"
"8.44600000","0.94000000","2024-05-25T20:45:07.349Z","sell","maker"
"8.44200000","0.09000000","2024-05-25T20:44:58.860Z","buy","maker"
"8.44600000","2.50000000","2024-05-25T20:44:52.552Z","sell","maker"
"8.44300000","0.54000000","2024-05-25T20:44:28.064Z","buy","maker"
"8.44500000","2.66000000","2024-05-25T20:44:14.175Z","buy","maker"
"8.44700000","2.65000000","2024-05-25T20:43:49.087Z","sell","maker"
"8.44600000","6.25000000","2024-05-25T20:43:12.432Z","buy","maker"
"8.44600000","149.02000000","2024-05-25T20:42:02.011Z","sell","maker"
"8.44600000","0.23000000","2024-05-25T20:41:31.629Z","sell","maker"
"8.44600000","9.00000000","2024-05-25T20:41:14.444Z","buy","maker"
"8.44600000","58.42000000","2024-05-25T20:41:14.444Z","buy","maker"
"8.44600000","26.62000000","2024-05-25T20:41:14.444Z","buy","maker"
"8.44900000","3.30000000","2024-05-25T20:41:05.589Z","sell","maker"
"8.44900000","26.13000000","2024-05-25T20:41:05.589Z","sell","maker"
"8.44800000","26.62000000","2024-05-25T20:41:05.589Z","sell","maker"
"8.44800000","47.03000000","2024-05-25T20:41:05.589Z","sell","maker"
"8.44700000","9.00000000","2024-05-25T20:41:05.589Z","sell","maker"
"8.44700000","5.30000000","2024-05-25T20:41:05.589Z","sell","maker"
"8.44300000","16.50000000","2024-05-25T20:40:50.971Z","buy","maker"
"8.44400000","9.00000000","2024-05-25T20:40:50.971Z","buy","maker"
"8.44600000","2.74000000","2024-05-25T20:40:33.879Z","buy","maker"
"8.44700000","9.00000000","2024-05-25T20:40:33.879Z","buy","maker"
"8.44500000","0.05000000","2024-05-25T20:39:15.070Z","buy","maker"
"8.44500000","69.31000000","2024-05-25T20:38:30.362Z","sell","maker"
"8.44500000","204.05000000","2024-05-25T20:38:27.482Z","sell","maker"
"8.44600000","3.07000000","2024-05-25T20:38:14.150Z","sell","maker"
"8.44500000","3.00000000","2024-05-25T20:38:14.150Z","sell","maker"
"8.44400000","47.31000000","2024-05-25T20:38:05.932Z","buy","maker"
"8.44400000","52.69000000","2024-05-25T20:38:05.926Z","buy","maker"
"8.44700000","0.25000000","2024-05-25T20:37:46.786Z","sell","maker"
"8.45000000","42.75000000","2024-05-25T20:37:39.120Z","buy","maker"
"8.45000000","170.36000000","2024-05-25T20:37:39.120Z","buy","maker"
"8.45100000","10.10000000","2024-05-25T20:37:13.846Z","sell","maker"
"8.45000000","100.59000000","2024-05-25T20:37:13.129Z","buy","maker"
"8.45000000","30.76000000","2024-05-25T20:37:04.943Z","buy","maker"
"8.45000000","12.31000000","2024-05-25T20:36:55.476Z","buy","maker"
"8.45000000","12.80000000","2024-05-25T20:36:42.694Z","buy","maker"
"8.46300000","3.28000000","2024-05-25T20:34:45.034Z","sell","maker"
"8.46500000","1.58000000","2024-05-25T20:33:25.066Z","sell","maker"
"8.46200000","3.17000000","2024-05-25T20:33:19.389Z","buy","maker"
"8.46300000","1.17000000","2024-05-25T20:33:07.760Z","sell","maker"
"8.46400000","0.17000000","2024-05-25T20:32:51.649Z","sell","maker"
"8.46400000","0.88000000","2024-05-25T20:32:51.649Z","sell","maker"
"8.46300000","125.26000000","2024-05-25T20:32:47.494Z","sell","maker"
"8.46300000","1.35000000","2024-05-25T20:32:47.494Z","sell","maker"
"8.46200000","7.92000000","2024-05-25T20:32:47.494Z","sell","maker"
"8.46200000","1.08000000","2024-05-25T20:32:47.494Z","sell","maker"
"8.46200000","2.77000000","2024-05-25T20:32:47.494Z","sell","maker"
"8.46100000","12.82000000","2024-05-25T20:32:47.494Z","sell","maker"
"8.46000000","3.17000000","2024-05-25T20:32:47.494Z","sell","maker"
"8.46000000","2.69000000","2024-05-25T20:32:47.494Z","sell","maker"
"8.46000000","2.06000000","2024-05-25T20:32:47.494Z","sell","maker"
"8.45700000","139.50000000","2024-05-25T20:32:32.642Z","sell","maker"
"8.45700000","6.34000000","2024-05-25T20:32:32.642Z","sell","maker"
"8.45000000","29.74000000","2024-05-25T20:32:09.095Z","buy","maker"
"8.45300000","10.89000000","2024-05-25T20:32:03.559Z","sell","maker"
"8.45600000","0.97000000","2024-05-25T20:31:40.572Z","sell","maker"
"8.45900000","0.33000000","2024-05-25T20:31:33.243Z","buy","maker"
"8.46400000","0.14000000","2024-05-25T20:31:15.813Z","sell","maker"
"8.46500000","57.61000000","2024-05-25T20:31:15.789Z","sell","maker"
"8.46500000","56.02000000","2024-05-25T20:31:15.789Z","sell","maker"
"8.46400000","71.77000000","2024-05-25T20:31:15.789Z","sell","maker"
"8.46400000","32.98000000","2024-05-25T20:31:15.789Z","sell","maker"
"8.46300000","26.62000000","2024-05-25T20:31:15.789Z","sell","maker"
"8.46300000","48.06000000","2024-05-25T20:31:15.789Z","sell","maker"
"8.46200000","9.00000000","2024-05-25T20:31:15.789Z","sell","maker"
"8.46200000","52.25000000","2024-05-25T20:31:15.789Z","sell","maker"
"8.46200000","6.28000000","2024-05-25T20:31:01.943Z","sell","maker"
"8.46400000","0.12000000","2024-05-25T20:30:26.390Z","sell","maker"
"8.46700000","0.12000000","2024-05-25T20:29:50.583Z","sell","maker"
"8.47100000","0.52000000","2024-05-25T20:28:58.573Z","buy","maker"
"8.46800000","0.14000000","2024-05-25T20:27:42.328Z","buy","maker"
"8.47400000","0.47000000","2024-05-25T20:27:13.399Z","sell","maker"
"8.47100000","6.11000000","2024-05-25T20:26:52.573Z","buy","maker"
"8.47100000","9.00000000","2024-05-25T20:26:04.246Z","buy","maker"
"8.47400000","0.58000000","2024-05-25T20:26:04.246Z","buy","maker"
"8.47100000","3.74000000","2024-05-25T20:25:04.362Z","sell","maker"
"8.46700000","2.52000000","2024-05-25T20:25:00.814Z","buy","maker"
"8.46900000","1.17000000","2024-05-25T20:25:00.814Z","buy","maker"
"8.47200000","2.25000000","2024-05-25T20:24:37.694Z","sell","maker"
"8.47100000","9.00000000","2024-05-25T20:24:37.694Z","sell","maker"
"8.46600000","19.02000000","2024-05-25T20:23:55.804Z","sell","maker"
"8.46600000","63.93000000","2024-05-25T20:23:55.796Z","buy","maker"
"8.46600000","47.24000000","2024-05-25T20:23:55.796Z","buy","maker"
"8.46600000","34.49000000","2024-05-25T20:23:55.796Z","buy","maker"
"8.46600000","20.00000000","2024-05-25T20:23:55.796Z","buy","maker"
"8.46600000","46.46000000","2024-05-25T20:23:55.796Z","buy","maker"
"8.46600000","23.69000000","2024-05-25T20:23:55.796Z","buy","maker"
"8.46700000","9.00000000","2024-05-25T20:23:55.796Z","buy","maker"
"8.46700000","43.42000000","2024-05-25T20:23:55.796Z","buy","maker"
"8.46700000","29.58000000","2024-05-25T20:23:55.796Z","buy","maker"
"8.47500000","1.13000000","2024-05-25T20:22:34.323Z","sell","maker"
"8.47100000","5.38000000","2024-05-25T20:22:24.688Z","buy","maker"
"8.47200000","1.00000000","2024-05-25T20:22:24.688Z","buy","maker"
"8.46900000","67.59000000","2024-05-25T20:20:15.118Z","buy","maker"
"8.46900000","47.22000000","2024-05-25T20:20:15.118Z","buy","maker"
"8.46900000","34.49000000","2024-05-25T20:20:15.118Z","buy","maker"
"8.47000000","66.76000000","2024-05-25T20:20:15.118Z","buy","maker"
"8.47000000","29.58000000","2024-05-25T20:20:15.118Z","buy","maker"
"8.47100000","9.00000000","2024-05-25T20:20:15.118Z","buy","maker"
"8.47600000","128.79000000","2024-05-25T20:19:00.521Z","sell","maker"
"8.47600000","30.00000000","2024-05-25T20:19:00.521Z","sell","maker"
"8.47500000","6.37000000","2024-05-25T20:19:00.521Z","sell","maker"
"8.47500000","56.90000000","2024-05-25T20:19:00.521Z","sell","maker"
"8.47500000","3.00000000","2024-05-25T20:19:00.521Z","sell","maker"
"8.47500000","29.58000000","2024-05-25T20:19:00.521Z","sell","maker"
"8.47200000","5.61000000","2024-05-25T20:18:45.331Z","buy","maker"
"8.47500000","5.37000000","2024-05-25T20:18:45.331Z","buy","maker"
"8.47500000","0.43000000","2024-05-25T20:18:41.281Z","buy","maker"
"8.47700000","0.11000000","2024-05-25T20:17:30.311Z","sell","maker"
"8.47500000","23.56000000","2024-05-25T20:17:28.384Z","buy","maker"
"8.47700000","2.11000000","2024-05-25T20:17:27.742Z","sell","maker"
"8.47500000","0.64000000","2024-05-25T20:17:04.781Z","buy","maker"
"8.47700000","0.58000000","2024-05-25T20:15:55.739Z","sell","maker"
"8.47400000","5.17000000","2024-05-25T20:15:08.841Z","buy","maker"
"8.47800000","3.06000000","2024-05-25T20:14:32.674Z","sell","maker"
"8.47700000","3.00000000","2024-05-25T20:14:32.674Z","sell","maker"
"8.47700000","4.63000000","2024-05-25T20:14:32.674Z","sell","maker"
"8.47700000","0.99000000","2024-05-25T20:13:53.841Z","sell","maker"
"8.47600000","36.71000000","2024-05-25T20:13:46.012Z","sell","maker"
"8.47500000","9.00000000","2024-05-25T20:13:46.012Z","sell","maker"
"8.47200000","11.00000000","2024-05-25T20:13:45.688Z","buy","maker"
"8.47300000","22.07000000","2024-05-25T20:13:38.379Z","buy","maker"
"8.47300000","23.96000000","2024-05-25T20:13:38.379Z","buy","maker"
"8.47400000","9.00000000","2024-05-25T20:13:38.379Z","buy","maker"
"8.47400000","31.90000000","2024-05-25T20:13:38.379Z","buy","maker"
"8.47400000","45.85000000","2024-05-25T20:13:38.379Z","buy","maker"
"8.47400000","29.58000000","2024-05-25T20:13:38.379Z","buy","maker"
"8.47400000","23.88000000","2024-05-25T20:13:38.379Z","buy","maker"
"8.47400000","25.27000000","2024-05-25T20:13:38.379Z","buy","maker"
"8.47700000","0.12000000","2024-05-25T20:13:33.463Z","sell","maker"
"8.47400000","0.24000000","2024-05-25T20:13:23.017Z","buy","maker"
"8.47600000","190.40000000","2024-05-25T20:13:09.395Z","sell","maker"
"8.47400000","12.01000000","2024-05-25T20:11:31.924Z","buy","maker"
"8.47400000","1.38000000","2024-05-25T20:11:31.004Z","buy","maker"
"8.47400000","0.86000000","2024-05-25T20:11:31.004Z","buy","maker"
"8.47400000","1.50000000","2024-05-25T20:11:13.022Z","buy","maker"
"8.48000000","12.50000000","2024-05-25T20:09:38.657Z","sell","maker"
"8.48000000","88.19000000","2024-05-25T20:09:38.657Z","sell","maker"
"8.48000000","30.00000000","2024-05-25T20:09:38.657Z","sell","maker"
"8.48000000","27.97000000","2024-05-25T20:09:38.657Z","sell","maker"
"8.47900000","40.58000000","2024-05-25T20:09:38.657Z","sell","maker"
"8.47900000","29.31000000","2024-05-25T20:09:38.657Z","sell","maker"
"8.47800000","9.00000000","2024-05-25T20:09:38.657Z","sell","maker"
"8.47800000","163.59000000","2024-05-25T20:09:38.657Z","sell","maker"
"8.47900000","0.34000000","2024-05-25T20:09:16.127Z","sell","maker"
"8.48000000","1.17000000","2024-05-25T20:08:49.638Z","sell","maker"
"8.48000000","1.72000000","2024-05-25T20:08:45.588Z","sell","maker"
"8.47700000","3.16000000","2024-05-25T20:07:55.318Z","buy","maker"
"8.47700000","27.70000000","2024-05-25T20:07:31.703Z","buy","maker"
"8.47700000","20.00000000","2024-05-25T20:07:31.703Z","buy","maker"
"8.47800000","9.00000000","2024-05-25T20:07:31.703Z","buy","maker"
"8.48200000","1.79000000","2024-05-25T20:07:10.410Z","sell","maker"
"8.48000000","5.95000000","2024-05-25T20:06:10.163Z","buy","maker"
"8.47800000","0.05000000","2024-05-25T20:05:42.457Z","buy","maker"
"8.48400000","0.35000000","2024-05-25T20:05:33.257Z","sell","maker"
"8.48500000","14.50000000","2024-05-25T20:05:32.437Z","sell","maker"
"8.48500000","45.57000000","2024-05-25T20:05:32.437Z","sell","maker"
"8.48400000","34.37000000","2024-05-25T20:05:32.437Z","sell","maker"
"8.48400000","30.31000000","2024-05-25T20:05:32.437Z","sell","maker"
"8.48400000","26.89000000","2024-05-25T20:05:32.437Z","sell","maker"
"8.48300000","3.00000000","2024-05-25T20:05:32.437Z","sell","maker"
"8.48300000","3.15000000","2024-05-25T20:05:32.437Z","sell","maker"
"8.48000000","5.73000000","2024-05-25T20:05:08.027Z","sell","maker"
"8.47800000","1.37000000","2024-05-25T20:05:07.159Z","buy","maker"
"8.48000000","0.58000000","2024-05-25T20:04:59.880Z","sell","maker"
"8.48300000","0.07000000","2024-05-25T20:02:51.666Z","sell","maker"
"8.48000000","5.69000000","2024-05-25T20:02:44.551Z","buy","maker"
"8.48600000","12.90000000","2024-05-25T20:01:33.319Z","sell","maker"
"8.48600000","2.06000000","2024-05-25T20:01:33.319Z","sell","maker"
"8.48500000","9.00000000","2024-05-25T20:01:33.319Z","sell","maker"
"8.48400000","6.05000000","2024-05-25T20:01:33.319Z","sell","maker"
"8.48100000","0.32000000","2024-05-25T20:01:10.419Z","buy","maker"
"8.48000000","5.30000000","2024-05-25T20:00:58.563Z","buy","maker"
"8.48000000","125.65000000","2024-05-25T20:00:44.426Z","sell","maker"
"8.48000000","9.00000000","2024-05-25T20:00:44.054Z","buy","maker"
"8.48000000","25.43000000","2024-05-25T20:00:44.054Z","buy","maker"
"8.47800000","3.04000000","2024-05-25T20:00:38.058Z","buy","maker"
"8.47900000","3.04000000","2024-05-25T20:00:19.391Z","sell","maker"
"8.48000000","0.86000000","2024-05-25T19:58:40.886Z","sell","maker"
"8.47700000","5.71000000","2024-05-25T19:58:40.886Z","sell","maker"
"8.47400000","0.05000000","2024-05-25T19:58:27.064Z","buy","maker"
"8.47700000","0.36000000","2024-05-25T19:57:48.516Z","sell","maker"
"8.48000000","2.36000000","2024-05-25T19:56:08.969Z","sell","maker"
"8.47900000","3.25000000","2024-05-25T19:56:08.969Z","sell","maker"
"8.47700000","0.12000000","2024-05-25T19:55:33.102Z","sell","maker"
"8.47600000","4.67000000","2024-05-25T19:55:05.831Z","sell","maker"
"8.47600000","1.84000000","2024-05-25T19:54:31.444Z","sell","maker"
"8.47200000","0.52000000","2024-05-25T19:54:25.264Z","buy","maker"
"8.47600000","5.84000000","2024-05-25T19:53:39.992Z","sell","maker"
"8.47000000","2.07000000","2024-05-25T19:53:22.071Z","buy","maker"
"8.47700000","15.29000000","2024-05-25T19:51:03.443Z","sell","maker"
"8.47600000","6.00000000","2024-05-25T19:51:03.443Z","sell","maker"
"8.47400000","1.53000000","2024-05-25T19:51:03.443Z","sell","maker"
"8.47400000","0.54000000","2024-05-25T19:51:03.443Z","sell","maker"
"8.47400000","3.06000000","2024-05-25T19:50:49.597Z","sell","maker"
"8.47100000","7.19000000","2024-05-25T19:50:37.371Z","sell","maker"
"8.47100000","0.57000000","2024-05-25T19:50:03.827Z","sell","maker"
"8.47200000","2.51000000","2024-05-25T19:49:56.305Z","sell","maker"
"8.47100000","9.00000000","2024-05-25T19:49:56.305Z","sell","maker"
"8.46900000","0.69000000","2024-05-25T19:49:45.131Z","buy","maker"
"8.47000000","0.24000000","2024-05-25T19:49:13.440Z","sell","maker"
"8.46700000","7.85000000","2024-05-25T19:48:23.992Z","buy","maker"
"8.47300000","0.49000000","2024-05-25T19:47:34.708Z","sell","maker"
"8.47100000","0.68000000","2024-05-25T19:47:34.708Z","sell","maker"
"8.46700000","0.79000000","2024-05-25T19:47:22.547Z","sell","maker"
"8.46700000","0.57000000","2024-05-25T19:47:22.547Z","sell","maker"
"8.46600000","0.06000000","2024-05-25T19:47:13.737Z","buy","maker"
"8.46700000","1.58000000","2024-05-25T19:46:49.112Z","sell","maker"
"8.46900000","6.27000000","2024-05-25T19:46:46.049Z","sell","maker"
"8.46900000","38.39000000","2024-05-25T19:46:46.049Z","sell","maker"
"8.46900000","32.57000000","2024-05-25T19:46:46.049Z","sell","maker"
"8.46800000","9.00000000","2024-05-25T19:46:46.049Z","sell","maker"
"8.46800000","24.44000000","2024-05-25T19:46:46.049Z","sell","maker"
"8.46600000","2.81000000","2024-05-25T19:46:46.049Z","sell","maker"
"8.46600000","1.50000000","2024-05-25T19:46:46.049Z","sell","maker"
"8.46600000","5.61000000","2024-05-25T19:46:41.000Z","sell","maker"
"8.46300000","9.00000000","2024-05-25T19:46:08.941Z","buy","maker"
"8.46400000","7.60000000","2024-05-25T19:45:25.402Z","buy","maker"
"8.46500000","9.00000000","2024-05-25T19:45:25.402Z","buy","maker"
"8.46500000","436.40000000","2024-05-25T19:45:06.569Z","buy","maker"
"8.46500000","25.90000000","2024-05-25T19:44:05.410Z","buy","maker"
"8.46500000","7.60000000","2024-05-25T19:44:05.402Z","buy","maker"
"8.46900000","48.37000000","2024-05-25T19:43:51.771Z","sell","maker"
"8.46900000","9.00000000","2024-05-25T19:43:51.771Z","sell","maker"
"8.46900000","56.34000000","2024-05-25T19:43:27.504Z","sell","maker"
"8.46900000","34.36000000","2024-05-25T19:43:27.504Z","sell","maker"
"8.46600000","29.38000000","2024-05-25T19:43:15.519Z","buy","maker"
"8.46600000","20.00000000","2024-05-25T19:43:15.519Z","buy","maker"
"8.46700000","34.49000000","2024-05-25T19:43:15.519Z","buy","maker"
"8.46800000","50.00000000","2024-05-25T19:43:15.519Z","buy","maker"
"8.46900000","1.46000000","2024-05-25T19:43:15.519Z","buy","maker"
"8.46900000","11.46000000","2024-05-25T19:42:30.815Z","buy","maker"
"8.47100000","46.15000000","2024-05-25T19:42:11.259Z","sell","maker"
"8.46900000","1.02000000","2024-05-25T19:42:11.101Z","buy","maker"
"8.47000000","11.25000000","2024-05-25T19:42:04.825Z","sell","maker"
"8.46500000","119.58000000","2024-05-25T19:41:11.946Z","buy","maker"
"8.46600000","9.00000000","2024-05-25T19:41:11.946Z","buy","maker"
"8.46600000","16.41000000","2024-05-25T19:41:11.946Z","buy","maker"
"8.46600000","22.19000000","2024-05-25T19:41:11.946Z","buy","maker"
"8.46600000","29.50000000","2024-05-25T19:41:11.946Z","buy","maker"
"8.46600000","0.11000000","2024-05-25T19:41:11.946Z","buy","maker"
"8.47100000","3.21000000","2024-05-25T19:40:24.814Z","sell","maker"
"8.47200000","0.12000000","2024-05-25T19:39:44.461Z","sell","maker"
"8.47200000","11.69000000","2024-05-25T19:38:39.792Z","sell","maker"
"8.47200000","0.23000000","2024-05-25T19:38:28.202Z","sell","maker"
"8.47000000","30.00000000","2024-05-25T19:37:28.508Z","buy","maker"
"8.47000000","20.00000000","2024-05-25T19:37:28.508Z","buy","maker"
"8.47300000","2.35000000","2024-05-25T19:37:28.508Z","buy","maker"
"8.47300000","0.59000000","2024-05-25T19:37:22.873Z","buy","maker"
"8.47300000","1.19000000","2024-05-25T19:37:13.314Z","buy","maker"
"8.47300000","0.21000000","2024-05-25T19:37:04.266Z","buy","maker"
"8.47700000","31.84000000","2024-05-25T19:36:28.971Z","sell","maker"
"8.47700000","2.65000000","2024-05-25T19:36:28.971Z","sell","maker"
"8.47700000","3.00000000","2024-05-25T19:36:19.935Z","sell","maker"
"8.47500000","0.60000000","2024-05-25T19:35:27.607Z","buy","maker"
"8.47800000","0.44000000","2024-05-25T19:35:20.497Z","sell","maker"
"8.47600000","0.79000000","2024-05-25T19:35:14.384Z","buy","maker"
"8.47500000","0.12000000","2024-05-25T19:34:39.379Z","buy","maker"
"8.47700000","4.44000000","2024-05-25T19:34:23.005Z","sell","maker"
"8.47600000","0.12000000","2024-05-25T19:33:43.804Z","buy","maker"
"8.47600000","22.07000000","2024-05-25T19:33:40.014Z","buy","maker"
"8.47700000","20.00000000","2024-05-25T19:33:40.014Z","buy","maker"
"8.47800000","1.13000000","2024-05-25T19:33:20.522Z","sell","maker"
"8.47800000","0.38000000","2024-05-25T19:33:15.561Z","sell","maker"
"8.47700000","1.17000000","2024-05-25T19:33:10.910Z","sell","maker"
"8.47700000","0.39000000","2024-05-25T19:33:10.910Z","sell","maker"
"8.47700000","2.34000000","2024-05-25T19:32:48.624Z","sell","maker"
"8.47800000","11.16000000","2024-05-25T19:31:49.775Z","sell","maker"
"8.47700000","5.47000000","2024-05-25T19:31:49.775Z","sell","maker"
"8.47700000","9.00000000","2024-05-25T19:31:49.775Z","sell","maker"
"8.47400000","9.00000000","2024-05-25T19:31:34.167Z","buy","maker"
"8.47800000","2.36000000","2024-05-25T19:30:24.956Z","buy","maker"
"8.47700000","162.19000000","2024-05-25T19:27:38.906Z","sell","maker"
"8.47700000","20.44000000","2024-05-25T19:27:24.940Z","sell","maker"
"8.47800000","0.67000000","2024-05-25T19:27:20.195Z","sell","maker"
"8.48200000","0.44000000","2024-05-25T19:25:40.917Z","sell","maker"
"8.48100000","9.00000000","2024-05-25T19:25:40.917Z","sell","maker"
"8.48200000","23.34000000","2024-05-25T19:25:11.851Z","sell","maker"
"8.48300000","116.70000000","2024-05-25T19:25:06.063Z","sell","maker"
"8.48000000","0.02000000","2024-05-25T19:24:58.619Z","buy","maker"
"8.48100000","1.53000000","2024-05-25T19:24:20.461Z","buy","maker"
"8.48300000","0.22000000","2024-05-25T19:23:40.826Z","sell","maker"
"8.48600000","1.56000000","2024-05-25T19:23:32.310Z","sell","maker"
"8.48500000","0.12000000","2024-05-25T19:23:32.310Z","sell","maker"
"8.48500000","0.12000000","2024-05-25T19:23:32.310Z","sell","maker"
"8.48400000","1.37000000","2024-05-25T19:23:32.310Z","sell","maker"
"8.48400000","0.16000000","2024-05-25T19:23:32.310Z","sell","maker"
"8.48200000","0.10000000","2024-05-25T19:23:18.296Z","buy","maker"
"8.48400000","2.73000000","2024-05-25T19:23:10.061Z","sell","maker"
"8.47800000","1.78000000","2024-05-25T19:22:46.147Z","sell","maker"
"8.47600000","0.02000000","2024-05-25T19:21:50.731Z","buy","maker"
"8.47900000","43.81000000","2024-05-25T19:21:12.610Z","buy","maker"
"8.47900000","22.19000000","2024-05-25T19:21:12.610Z","buy","maker"
"8.48000000","9.00000000","2024-05-25T19:21:12.610Z","buy","maker"
"8.48400000","12.82000000","2024-05-25T19:20:58.565Z","sell","maker"
"8.48300000","9.00000000","2024-05-25T19:20:58.565Z","sell","maker"
"8.48300000","24.00000000","2024-05-25T19:20:58.565Z","sell","maker"
"8.48000000","5.79000000","2024-05-25T19:20:57.319Z","sell","maker"
"8.48000000","0.07000000","2024-05-25T19:20:57.319Z","sell","maker"
"8.47900000","9.00000000","2024-05-25T19:20:41.902Z","buy","maker"
"8.47900000","0.03000000","2024-05-25T19:20:00.187Z","buy","maker"
"8.47500000","0.52000000","2024-05-25T19:18:52.405Z","buy","maker"
"8.47600000","0.03000000","2024-05-25T19:17:51.806Z","buy","maker"
"8.48100000","2.36000000","2024-05-25T19:17:33.294Z","sell","maker"
"8.48100000","3.50000000","2024-05-25T19:17:33.294Z","sell","maker"
"8.47900000","2.33000000","2024-05-25T19:17:20.023Z","buy","maker"
"8.48100000","5.72000000","2024-05-25T19:17:03.730Z","sell","maker"
"8.48100000","0.16000000","2024-05-25T19:16:56.010Z","sell","maker"
"8.47900000","0.38000000","2024-05-25T19:16:43.346Z","sell","maker"
"8.47900000","0.12000000","2024-05-25T19:16:36.205Z","sell","maker"
"8.48300000","0.47000000","2024-05-25T19:16:07.694Z","sell","maker"
"8.48300000","0.58000000","2024-05-25T19:15:34.846Z","sell","maker"
"8.48000000","0.87000000","2024-05-25T19:15:00.578Z","sell","maker"
"8.48000000","0.12000000","2024-05-25T19:14:47.334Z","sell","maker"
"8.48000000","1.87000000","2024-05-25T19:14:40.554Z","sell","maker"
"8.48300000","0.46000000","2024-05-25T19:14:08.211Z","sell","maker"
"8.48300000","10.40000000","2024-05-25T19:14:05.983Z","sell","maker"
"8.48200000","7.10000000","2024-05-25T19:14:05.983Z","sell","maker"
"8.48200000","0.12000000","2024-05-25T19:13:41.628Z","sell","maker"
"8.47900000","9.00000000","2024-05-25T19:13:22.258Z","buy","maker"
"8.47600000","1.34000000","2024-05-25T19:12:48.567Z","buy","maker"
"8.47600000","1.10000000","2024-05-25T19:12:22.440Z","buy","maker"
"8.47500000","0.82000000","2024-05-25T19:11:19.710Z","buy","maker"
"8.48000000","2.10000000","2024-05-25T19:10:45.572Z","sell","maker"
"8.48000000","0.10000000","2024-05-25T19:10:45.572Z","sell","maker"
"8.47800000","0.72000000","2024-05-25T19:10:45.572Z","sell","maker"
"8.47600000","2.38000000","2024-05-25T19:09:16.371Z","sell","maker"
"8.47800000","80.10000000","2024-05-25T19:08:27.652Z","sell","maker"
"8.47800000","4.77000000","2024-05-25T19:08:27.652Z","sell","maker"
"8.47700000","52.15000000","2024-05-25T19:08:27.652Z","sell","maker"
"8.47700000","24.66000000","2024-05-25T19:08:27.652Z","sell","maker"
"8.47700000","25.67000000","2024-05-25T19:08:27.652Z","sell","maker"
"8.47700000","50.69000000","2024-05-25T19:08:27.652Z","sell","maker"
"8.47600000","9.00000000","2024-05-25T19:08:27.652Z","sell","maker"
"8.47500000","0.06000000","2024-05-25T19:08:27.652Z","sell","maker"
"8.47200000","2.38000000","2024-05-25T19:08:21.818Z","buy","maker"
"8.47200000","1.22000000","2024-05-25T19:08:10.646Z","buy","maker"
"8.47600000","9.00000000","2024-05-25T19:07:02.318Z","sell","maker"
"8.47500000","0.10000000","2024-05-25T19:07:02.318Z","sell","maker"
"8.47400000","9.54000000","2024-05-25T19:07:02.318Z","sell","maker"
"8.47100000","0.07000000","2024-05-25T19:05:21.042Z","sell","maker"
"8.47000000","0.13000000","2024-05-25T19:05:21.042Z","sell","maker"
"8.46800000","11.93000000","2024-05-25T19:05:16.487Z","buy","maker"
"8.47000000","2.00000000","2024-05-25T19:04:16.677Z","buy","maker"
"8.47200000","76.41000000","2024-05-25T19:04:04.978Z","buy","maker"
"8.47200000","23.59000000","2024-05-25T19:04:02.914Z","buy","maker"
"8.47800000","0.23000000","2024-05-25T19:03:35.377Z","sell","maker"
"8.48000000","8.03000000","2024-05-25T19:03:25.181Z","sell","maker"
"8.47700000","2.93000000","2024-05-25T19:03:10.245Z","sell","maker"
"8.47700000","2.90000000","2024-05-25T19:03:10.245Z","sell","maker"
"8.47700000","5.87000000","2024-05-25T19:02:54.729Z","sell","maker"
"8.47700000","0.34000000","2024-05-25T19:02:34.748Z","sell","maker"
"8.47700000","0.88000000","2024-05-25T19:02:22.542Z","sell","maker"
"8.47500000","0.12000000","2024-05-25T19:02:22.542Z","sell","maker"
"8.47400000","2.14000000","2024-05-25T19:01:21.334Z","sell","maker"
"8.47400000","19.02000000","2024-05-25T19:01:03.134Z","sell","maker"
"8.47300000","4.29000000","2024-05-25T19:01:03.134Z","sell","maker"
"8.47500000","11.70000000","2024-05-25T19:00:47.472Z","sell","maker"
"8.47400000","24.66000000","2024-05-25T19:00:47.472Z","sell","maker"
"8.47400000","163.59000000","2024-05-25T19:00:47.472Z","sell","maker"
"8.47400000","8.46000000","2024-05-25T19:00:47.472Z","sell","maker"
"8.47300000","25.39000000","2024-05-25T19:00:47.472Z","sell","maker"
"8.47300000","24.66000000","2024-05-25T19:00:47.472Z","sell","maker"
"8.47300000","33.22000000","2024-05-25T19:00:47.472Z","sell","maker"
"8.47300000","49.30000000","2024-05-25T19:00:47.472Z","sell","maker"
"8.47200000","9.00000000","2024-05-25T19:00:47.472Z","sell","maker"
"8.47400000","0.12000000","2024-05-25T19:00:11.112Z","sell","maker"
"8.47100000","3.63000000","2024-05-25T18:59:00.319Z","buy","maker"
"8.47000000","9.35000000","2024-05-25T18:58:44.935Z","buy","maker"
"8.47100000","9.00000000","2024-05-25T18:58:44.935Z","buy","maker"
"8.47100000","0.03000000","2024-05-25T18:58:38.255Z","buy","maker"
"8.47400000","47.44000000","2024-05-25T18:58:21.951Z","buy","maker"
"8.47600000","4.64000000","2024-05-25T18:57:21.253Z","sell","maker"
"8.47700000","1.92000000","2024-05-25T18:57:00.175Z","sell","maker"
"8.47000000","13.14000000","2024-05-25T18:56:43.844Z","buy","maker"
"8.47100000","9.00000000","2024-05-25T18:56:43.844Z","buy","maker"
"8.47500000","19.67000000","2024-05-25T18:56:31.616Z","sell","maker"
"8.47400000","9.00000000","2024-05-25T18:56:31.616Z","sell","maker"
"8.47800000","0.41000000","2024-05-25T18:56:19.558Z","sell","maker"
"8.46800000","81.07000000","2024-05-25T18:56:18.298Z","buy","maker"
"8.46800000","236.16000000","2024-05-25T18:56:18.298Z","buy","maker"
"8.46900000","781.55000000","2024-05-25T18:56:18.298Z","buy","maker"
"8.47000000","227.26000000","2024-05-25T18:56:18.298Z","buy","maker"
"8.47000000","236.11000000","2024-05-25T18:56:18.298Z","buy","maker"
"8.47000000","23.97000000","2024-05-25T18:56:18.298Z","buy","maker"
"8.47100000","47.21000000","2024-05-25T18:56:18.298Z","buy","maker"
"8.47100000","100.00000000","2024-05-25T18:56:18.298Z","buy","maker"
"8.47100000","30.50000000","2024-05-25T18:56:18.298Z","buy","maker"
"8.47200000","138.33000000","2024-05-25T18:56:18.298Z","buy","maker"
"8.47200000","236.07000000","2024-05-25T18:56:18.298Z","buy","maker"
"8.47200000","30.00000000","2024-05-25T18:56:18.298Z","buy","maker"
"8.47200000","23.89000000","2024-05-25T18:56:18.298Z","buy","maker"
"8.47300000","131.38000000","2024-05-25T18:56:18.298Z","buy","maker"
"8.47300000","248.02000000","2024-05-25T18:56:18.298Z","buy","maker"
"8.47300000","104.51000000","2024-05-25T18:56:18.298Z","buy","maker"
"8.47300000","84.33000000","2024-05-25T18:56:18.298Z","buy","maker"
"8.47300000","47.20000000","2024-05-25T18:56:18.298Z","buy","maker"
"8.47300000","23.99000000","2024-05-25T18:56:18.298Z","buy","maker"
"8.47400000","14.02000000","2024-05-25T18:56:18.298Z","buy","maker"
"8.47400000","20.00000000","2024-05-25T18:56:18.298Z","buy","maker"
"8.47400000","34.43000000","2024-05-25T18:56:18.298Z","buy","maker"
"8.47500000","9.00000000","2024-05-25T18:56:18.298Z","buy","maker"
"8.47500000","24.66000000","2024-05-25T18:56:18.298Z","buy","maker"
"8.47500000","47.20000000","2024-05-25T18:56:18.298Z","buy","maker"
"8.48000000","7.02000000","2024-05-25T18:55:06.591Z","buy","maker"
"8.48400000","0.43000000","2024-05-25T18:55:04.760Z","sell","maker"
"8.48000000","0.23000000","2024-05-25T18:52:34.177Z","sell","maker"
"8.48000000","0.50000000","2024-05-25T18:52:26.177Z","sell","maker"
"8.48500000","8.99000000","2024-05-25T18:52:17.071Z","sell","maker"
"8.48500000","6.67000000","2024-05-25T18:52:17.071Z","sell","maker"
"8.48500000","0.34000000","2024-05-25T18:52:08.490Z","sell","maker"
"8.48500000","1.17000000","2024-05-25T18:51:55.667Z","sell","maker"
"8.48500000","0.12000000","2024-05-25T18:51:49.915Z","sell","maker"
"8.48600000","0.03000000","2024-05-25T18:51:43.490Z","sell","maker"
"8.48000000","1.51000000","2024-05-25T18:51:30.238Z","buy","maker"
"8.48500000","0.23000000","2024-05-25T18:51:24.926Z","sell","maker"
"8.48500000","10.15000000","2024-05-25T18:51:01.672Z","sell","maker"
"8.48500000","0.12000000","2024-05-25T18:51:01.672Z","sell","maker"
"8.48300000","1.40000000","2024-05-25T18:51:01.672Z","sell","maker"
"8.48300000","0.34000000","2024-05-25T18:51:01.403Z","sell","maker"
"8.48000000","0.24000000","2024-05-25T18:50:49.993Z","sell","maker"
"8.47900000","1.19000000","2024-05-25T18:50:41.013Z","buy","maker"
"8.48200000","12.16000000","2024-05-25T18:50:26.789Z","sell","maker"
"8.47900000","0.24000000","2024-05-25T18:49:06.995Z","buy","maker"
"8.48400000","4.09000000","2024-05-25T18:48:59.344Z","sell","maker"
"8.48300000","32.74000000","2024-05-25T18:48:59.344Z","sell","maker"
"8.48300000","3.48000000","2024-05-25T18:48:59.344Z","sell","maker"
"8.48300000","27.31000000","2024-05-25T18:48:59.344Z","sell","maker"
"8.48300000","24.66000000","2024-05-25T18:48:59.344Z","sell","maker"
"8.48300000","7.72000000","2024-05-25T18:48:59.344Z","sell","maker"
"8.48300000","0.74000000","2024-05-25T18:48:46.076Z","sell","maker"
"8.48200000","3.00000000","2024-05-25T18:48:46.076Z","sell","maker"
"8.48200000","6.96000000","2024-05-25T18:48:46.076Z","sell","maker"
"8.48100000","2.24000000","2024-05-25T18:48:26.098Z","sell","maker"
"8.48100000","9.00000000","2024-05-25T18:48:26.098Z","sell","maker"
"8.48200000","0.12000000","2024-05-25T18:48:09.568Z","sell","maker"
"8.48200000","0.38000000","2024-05-25T18:47:53.450Z","sell","maker"
"8.47900000","0.92000000","2024-05-25T18:47:53.202Z","buy","maker"
"8.48300000","0.59000000","2024-05-25T18:47:51.665Z","sell","maker"
"8.48300000","12.28000000","2024-05-25T18:47:48.832Z","sell","maker"
"8.48200000","0.91000000","2024-05-25T18:47:48.832Z","sell","maker"
"8.48200000","9.00000000","2024-05-25T18:47:48.832Z","sell","maker"
"8.48300000","2.48000000","2024-05-25T18:47:40.901Z","sell","maker"
"8.48200000","9.00000000","2024-05-25T18:47:40.901Z","sell","maker"
"8.48000000","1.82000000","2024-05-25T18:47:40.901Z","sell","maker"
"8.48000000","0.12000000","2024-05-25T18:47:40.901Z","sell","maker"
"8.47900000","5.60000000","2024-05-25T18:47:30.942Z","buy","maker"
"8.47800000","2.40000000","2024-05-25T18:47:28.046Z","sell","maker"
"8.47800000","0.39000000","2024-05-25T18:47:05.464Z","sell","maker"
"8.47800000","0.85000000","2024-05-25T18:46:04.621Z","sell","maker"
"8.47500000","0.03000000","2024-05-25T18:45:54.663Z","sell","maker"
"8.47500000","5.06000000","2024-05-25T18:45:54.663Z","sell","maker"
"8.47500000","0.51000000","2024-05-25T18:45:44.261Z","sell","maker"
"8.47500000","1.60000000","2024-05-25T18:45:12.874Z","sell","maker"
"8.47500000","0.11000000","2024-05-25T18:44:51.409Z","sell","maker"
"8.47500000","0.12000000","2024-05-25T18:44:51.409Z","sell","maker"
"8.47100000","6.88000000","2024-05-25T18:44:14.584Z","buy","maker"
"8.47400000","1.36000000","2024-05-25T18:43:51.516Z","sell","maker"
"8.47000000","6.93000000","2024-05-25T18:43:12.666Z","sell","maker"
"8.47000000","0.63000000","2024-05-25T18:43:02.231Z","sell","maker"
"8.47000000","0.68000000","2024-05-25T18:42:30.618Z","sell","maker"
"8.46800000","0.48000000","2024-05-25T18:42:24.498Z","buy","maker"
"8.46900000","0.53000000","2024-05-25T18:41:15.929Z","sell","maker"
"8.46700000","0.08000000","2024-05-25T18:40:46.680Z","buy","maker"
"8.46700000","9.00000000","2024-05-25T18:40:37.435Z","buy","maker"
"8.46800000","11.06000000","2024-05-25T18:39:48.091Z","buy","maker"
"8.46900000","9.00000000","2024-05-25T18:39:48.091Z","buy","maker"
"8.47300000","1.09000000","2024-05-25T18:39:39.848Z","sell","maker"
"8.47300000","0.58000000","2024-05-25T18:38:36.784Z","sell","maker"
"8.47400000","2.83000000","2024-05-25T18:36:59.462Z","sell","maker"
"8.47300000","9.00000000","2024-05-25T18:36:59.462Z","sell","maker"
"8.46900000","3.72000000","2024-05-25T18:36:58.711Z","buy","maker"
"8.47100000","0.58000000","2024-05-25T18:36:58.711Z","buy","maker"
"8.47300000","2.81000000","2024-05-25T18:34:28.838Z","sell","maker"
"8.47300000","1.49000000","2024-05-25T18:34:28.838Z","sell","maker"
"8.47300000","5.61000000","2024-05-25T18:34:09.024Z","sell","maker"
"8.47100000","20.00000000","2024-05-25T18:33:32.608Z","buy","maker"
"8.47300000","9.00000000","2024-05-25T18:33:32.401Z","buy","maker"
"8.47300000","24.66000000","2024-05-25T18:33:32.401Z","buy","maker"
"8.47300000","34.43000000","2024-05-25T18:33:32.401Z","buy","maker"
"8.47800000","110.76000000","2024-05-25T18:33:17.111Z","sell","maker"
"8.47700000","6.00000000","2024-05-25T18:33:17.111Z","sell","maker"
"8.48100000","34.43000000","2024-05-25T18:31:29.956Z","buy","maker"
"8.48300000","100.00000000","2024-05-25T18:31:29.956Z","buy","maker"
"8.48900000","0.76000000","2024-05-25T18:30:54.056Z","sell","maker"
"8.48600000","2.87000000","2024-05-25T18:30:44.636Z","buy","maker"
"8.48900000","5.92000000","2024-05-25T18:29:42.143Z","buy","maker"
"8.49300000","2.16000000","2024-05-25T18:28:36.038Z","sell","maker"
"8.49400000","1.05000000","2024-05-25T18:27:52.820Z","sell","maker"
"8.49400000","0.12000000","2024-05-25T18:27:44.972Z","sell","maker"
"8.49400000","2.16000000","2024-05-25T18:27:42.951Z","sell","maker"
"8.49500000","1.05000000","2024-05-25T18:27:29.176Z","sell","maker"
"8.49000000","5.91000000","2024-05-25T18:27:27.404Z","sell","maker"
"8.48900000","8.36000000","2024-05-25T18:27:27.372Z","sell","maker"
"8.48700000","11.12000000","2024-05-25T18:27:25.917Z","sell","maker"
"8.48700000","0.58000000","2024-05-25T18:27:25.496Z","sell","maker"
"8.48600000","2.33000000","2024-05-25T18:26:48.839Z","sell","maker"
"8.48600000","0.12000000","2024-05-25T18:26:30.282Z","sell","maker"
"8.48600000","0.36000000","2024-05-25T18:26:24.113Z","sell","maker"
"8.48600000","100.00000000","2024-05-25T18:26:22.442Z","buy","maker"
"8.49100000","69.82000000","2024-05-25T18:25:56.049Z","buy","maker"
"8.49300000","1.75000000","2024-05-25T18:25:38.179Z","sell","maker"
"8.49200000","0.58000000","2024-05-25T18:25:24.048Z","sell","maker"
"8.49100000","30.18000000","2024-05-25T18:25:22.057Z","buy","maker"
"8.49500000","2.62000000","2024-05-25T18:24:57.997Z","sell","maker"
"8.49600000","0.12000000","2024-05-25T18:24:30.733Z","sell","maker"
"8.49800000","3.16000000","2024-05-25T18:23:35.850Z","sell","maker"
"8.49700000","1.35000000","2024-05-25T18:23:15.000Z","sell","maker"
"8.49600000","0.76000000","2024-05-25T18:23:15.000Z","sell","maker"
"8.49500000","3.23000000","2024-05-25T18:23:15.000Z","sell","maker"
"8.49100000","9.66000000","2024-05-25T18:23:14.742Z","sell","maker"
"8.49100000","15.00000000","2024-05-25T18:23:14.742Z","sell","maker"
"8.49200000","0.01000000","2024-05-25T18:23:14.737Z","sell","maker"
"8.49200000","164.90000000","2024-05-25T18:23:14.737Z","sell","maker"
"8.49200000","145.43000000","2024-05-25T18:23:14.737Z","sell","maker"
"8.49100000","45.03000000","2024-05-25T18:23:14.737Z","sell","maker"
"8.49100000","47.10000000","2024-05-25T18:23:14.737Z","sell","maker"
"8.49100000","26.00000000","2024-05-25T18:23:14.737Z","sell","maker"
"8.49000000","29.45000000","2024-05-25T18:23:14.737Z","sell","maker"
"8.48900000","24.66000000","2024-05-25T18:23:14.737Z","sell","maker"
"8.48800000","1.48000000","2024-05-25T18:23:14.737Z","sell","maker"
"8.48800000","2.17000000","2024-05-25T18:22:56.532Z","sell","maker"
"8.48600000","2.95000000","2024-05-25T18:22:56.532Z","sell","maker"
"8.48400000","0.02000000","2024-05-25T18:22:56.532Z","sell","maker"
"8.48600000","23.22000000","2024-05-25T18:22:46.349Z","sell","maker"
"8.48600000","5.90000000","2024-05-25T18:22:46.349Z","sell","maker"
"8.48600000","0.12000000","2024-05-25T18:22:31.657Z","sell","maker"
"8.48300000","0.77000000","2024-05-25T18:22:22.281Z","buy","maker"
"8.48700000","0.58000000","2024-05-25T18:22:12.097Z","sell","maker"
"8.48600000","30.80000000","2024-05-25T18:21:17.761Z","sell","maker"
"8.48500000","3.00000000","2024-05-25T18:21:17.761Z","sell","maker"
"8.48500000","23.46000000","2024-05-25T18:21:17.761Z","sell","maker"
"8.48500000","0.58000000","2024-05-25T18:21:14.241Z","sell","maker"
"8.49600000","1.26000000","2024-05-25T18:20:48.940Z","sell","maker"
"8.49700000","3.43000000","2024-05-25T18:20:45.801Z","sell","maker"
"8.49700000","9.00000000","2024-05-25T18:20:45.801Z","sell","maker"
"8.49900000","11.47000000","2024-05-25T18:20:06.738Z","sell","maker"
"8.49800000","0.77000000","2024-05-25T18:20:06.738Z","sell","maker"
"8.49800000","8.12000000","2024-05-25T18:20:02.342Z","sell","maker"
"8.49800000","24.66000000","2024-05-25T18:20:02.342Z","sell","maker"
"8.49600000","1.54000000","2024-05-25T18:20:02.342Z","sell","maker"
"8.49100000","2.58000000","2024-05-25T18:19:38.757Z","buy","maker"
"8.49600000","1.66000000","2024-05-25T18:19:26.621Z","sell","maker"
"8.49600000","1.70000000","2024-05-25T18:19:26.621Z","sell","maker"
"8.49500000","1.23000000","2024-05-25T18:19:26.621Z","sell","maker"
"8.49400000","0.64000000","2024-05-25T18:19:26.621Z","sell","maker"
"8.49300000","3.07000000","2024-05-25T18:19:26.621Z","sell","maker"
"8.49300000","3.12000000","2024-05-25T18:19:26.621Z","sell","maker"
"8.49300000","0.70000000","2024-05-25T18:19:10.463Z","sell","maker"
"8.49000000","6.15000000","2024-05-25T18:19:04.145Z","sell","maker"
"8.49000000","0.12000000","2024-05-25T18:19:04.145Z","sell","maker"
"8.48700000","1.71000000","2024-05-25T18:18:45.622Z","buy","maker"
"8.48600000","31.07000000","2024-05-25T18:18:42.557Z","buy","maker"
"8.48400000","1.46000000","2024-05-25T18:18:05.677Z","sell","maker"
"8.48200000","0.04000000","2024-05-25T18:17:52.769Z","buy","maker"
"8.48400000","0.24000000","2024-05-25T18:17:44.244Z","sell","maker"
"8.48000000","0.12000000","2024-05-25T18:17:30.051Z","sell","maker"
"8.48000000","2.43000000","2024-05-25T18:17:30.051Z","sell","maker"
"8.48000000","0.98000000","2024-05-25T18:17:29.061Z","sell","maker"
"8.47900000","0.58000000","2024-05-25T18:17:08.562Z","sell","maker"
"8.47600000","0.29000000","2024-05-25T18:16:10.641Z","sell","maker"
"8.47700000","2.68000000","2024-05-25T18:16:09.541Z","sell","maker"
"8.47600000","9.00000000","2024-05-25T18:16:09.541Z","sell","maker"
"8.47700000","11.25000000","2024-05-25T18:16:01.682Z","sell","maker"
"8.47900000","0.97000000","2024-05-25T18:15:58.046Z","sell","maker"
"8.48300000","13.60000000","2024-05-25T18:15:48.635Z","sell","maker"
"8.48200000","33.30000000","2024-05-25T18:15:48.635Z","sell","maker"
"8.48200000","26.00000000","2024-05-25T18:15:48.635Z","sell","maker"
"8.48100000","40.36000000","2024-05-25T18:15:48.635Z","sell","maker"
"8.48100000","29.49000000","2024-05-25T18:15:48.635Z","sell","maker"
"8.48100000","32.50000000","2024-05-25T18:15:48.635Z","sell","maker"
"8.48100000","6.81000000","2024-05-25T18:15:48.635Z","sell","maker"
"8.48000000","49.45000000","2024-05-25T18:15:48.635Z","sell","maker"
"8.48000000","26.65000000","2024-05-25T18:15:48.635Z","sell","maker"
"8.47900000","9.00000000","2024-05-25T18:15:48.635Z","sell","maker"
"8.47900000","24.66000000","2024-05-25T18:15:48.635Z","sell","maker"
"8.47600000","27.44000000","2024-05-25T18:15:32.952Z","buy","maker"
"8.47600000","24.66000000","2024-05-25T18:15:32.952Z","buy","maker"
"8.47600000","163.59000000","2024-05-25T18:15:32.952Z","buy","maker"
"8.47600000","17.56000000","2024-05-25T18:15:32.952Z","buy","maker"
"8.47700000","30.00000000","2024-05-25T18:15:32.952Z","buy","maker"
"8.48100000","2.05000000","2024-05-25T18:15:17.630Z","sell","maker"
"8.48000000","0.04000000","2024-05-25T18:15:17.630Z","sell","maker"
"8.47400000","6.02000000","2024-05-25T18:14:50.489Z","buy","maker"
"8.47400000","47.20000000","2024-05-25T18:14:50.489Z","buy","maker"
"8.47400000","24.66000000","2024-05-25T18:14:50.489Z","buy","maker"
"8.47400000","34.43000000","2024-05-25T18:14:50.489Z","buy","maker"
"8.47400000","38.49000000","2024-05-25T18:14:50.489Z","buy","maker"
"8.47500000","112.45000000","2024-05-25T18:14:50.489Z","buy","maker"
"8.47400000","8.60000000","2024-05-25T18:14:40.004Z","buy","maker"
"8.47400000","47.20000000","2024-05-25T18:14:40.004Z","buy","maker"
"8.47400000","24.66000000","2024-05-25T18:14:40.004Z","buy","maker"
"8.47500000","62.04000000","2024-05-25T18:14:40.004Z","buy","maker"
"8.47500000","30.00000000","2024-05-25T18:14:40.004Z","buy","maker"
"8.47600000","3.00000000","2024-05-25T18:14:40.004Z","buy","maker"
"8.48000000","0.08000000","2024-05-25T18:14:34.735Z","sell","maker"
"8.47900000","0.84000000","2024-05-25T18:14:34.735Z","sell","maker"
"8.47900000","0.08000000","2024-05-25T18:14:34.735Z","sell","maker"
"8.47700000","2.79000000","2024-05-25T18:14:20.527Z","buy","maker"
"8.47700000","9.00000000","2024-05-25T18:14:20.527Z","buy","maker"
"8.47900000","0.45000000","2024-05-25T18:14:16.539Z","sell","maker"
"8.47500000","43.22000000","2024-05-25T18:14:08.169Z","buy","maker"
"8.47600000","56.90000000","2024-05-25T18:14:08.169Z","buy","maker"
"8.47600000","23.58000000","2024-05-25T18:14:08.169Z","buy","maker"
"8.47600000","24.66000000","2024-05-25T18:14:08.169Z","buy","maker"
"8.47600000","47.18000000","2024-05-25T18:14:08.169Z","buy","maker"
"8.47600000","29.46000000","2024-05-25T18:14:08.169Z","buy","maker"
"8.47700000","9.00000000","2024-05-25T18:14:08.169Z","buy","maker"
"8.47800000","0.69000000","2024-05-25T18:14:03.754Z","buy","maker"
"8.47900000","0.86000000","2024-05-25T18:13:19.261Z","sell","maker"
"8.47600000","0.12000000","2024-05-25T18:13:11.917Z","buy","maker"
"8.47900000","0.83000000","2024-05-25T18:12:57.286Z","sell","maker"
"8.47900000","6.39000000","2024-05-25T18:12:46.136Z","sell","maker"
"8.47800000","4.43000000","2024-05-25T18:12:46.136Z","sell","maker"
"8.47800000","0.12000000","2024-05-25T18:12:46.136Z","sell","maker"
"8.47800000","1.82000000","2024-05-25T18:12:46.136Z","sell","maker"
"8.47800000","0.12000000","2024-05-25T18:12:38.348Z","sell","maker"
"8.47700000","8.86000000","2024-05-25T18:12:29.691Z","sell","maker"
"8.47700000","0.38000000","2024-05-25T18:12:29.691Z","sell","maker"
"8.47600000","17.57000000","2024-05-25T18:12:29.659Z","sell","maker"
"8.47300000","39.04000000","2024-05-25T18:12:25.957Z","buy","maker"
"8.47300000","59.07000000","2024-05-25T18:12:25.957Z","buy","maker"