"price","volume","timestamp","type"
"0.66372","195.043","2024-06-13T22:49:53.000Z","ask"
"0.66373","1425.000","2024-06-13T22:49:53.000Z","ask"
"0.66374","383.037","2024-06-13T22:49:53.000Z","ask"
"0.66438","425.282","2024-06-13T22:49:53.000Z","ask"
"0.66378","1434.414","2024-06-13T22:49:52.000Z","ask"
"0.66384","8895.905","2024-06-13T22:49:52.000Z","ask"
"0.66437","44025.404","2024-06-13T22:49:51.000Z","ask"
"0.66264","4705.679","2024-06-13T22:49:51.000Z","bid"
"0.66263","9245.445","2024-06-13T22:49:50.000Z","bid"
"0.66202","409.645","2024-06-13T22:49:50.000Z","bid"
"0.67784","12165.001","2024-06-13T22:49:49.000Z","ask"
"0.69764","8110.001","2024-06-13T22:49:49.000Z","ask"
"0.64821","17992.023","2024-06-13T22:49:49.000Z","bid"
"0.62942","8115.144","2024-06-13T22:49:49.000Z","bid"
"0.66440","7000.000","2024-06-13T22:49:47.000Z","ask"
"0.66253","485.747","2024-06-13T22:49:47.000Z","bid"
"0.66201","14358.028","2024-06-13T22:49:47.000Z","bid"
"0.66480","4055.090","2024-06-13T22:49:39.000Z","ask"
"0.66150","6700.000","2024-06-13T22:49:39.000Z","bid"
"0.66148","4498.108","2024-06-13T22:49:39.000Z","bid"
"0.66455","4955.000","2024-06-13T22:49:36.000Z","ask"
"0.66457","16000.000","2024-06-13T22:49:36.000Z","ask"
"0.66462","23806.000","2024-06-13T22:49:36.000Z","ask"
"0.65611","995.349","2024-06-13T22:49:31.000Z","bid"
"0.65271","3617.064","2024-06-13T22:49:31.000Z","bid"
"0.65881","197.116","2024-06-13T22:49:30.000Z","bid"
"0.66714","24330.536","2024-06-13T22:49:25.000Z","ask"
"0.66153","8914.159","2024-06-13T22:49:14.000Z","bid"
"0.66443","6000.000","2024-06-13T22:48:57.000Z","ask"
"0.66167","2430.991","2024-06-13T22:48:53.000Z","bid"
"0.65918","26982.948","2024-06-13T22:48:39.000Z","bid"
"0.66131","3236.674","2024-06-13T22:48:31.000Z","bid"
"0.66120","3641.258","2024-06-13T22:48:20.000Z","bid"
"0.66107","4045.843","2024-06-13T22:48:20.000Z","bid"
"0.67808","16220.120","2024-06-13T22:47:52.000Z","ask"
"0.66708","2560.305","2024-06-13T22:47:11.000Z","ask"
"0.66183","505.000","2024-06-13T22:46:12.000Z","bid"
"0.66475","256.031","2024-06-13T22:45:35.000Z","ask"
"0.66535","1408.168","2024-06-13T22:45:35.000Z","ask"
"2.63755","11300.814","2024-06-13T22:40:52.000Z","ask"
"0.66682","504.611","2024-06-13T22:31:35.000Z","ask"
"0.66946","1183.855","2024-06-13T22:31:35.000Z","ask"
"0.16570","211087.431","2024-06-13T22:30:15.000Z","bid"
"0.66164","2506.000","2024-06-13T22:14:47.000Z","bid"
"0.66180","2003.000","2024-06-13T22:02:45.000Z","bid"
"0.66173","1804.000","2024-06-13T22:02:45.000Z","bid"
"0.66190","17002.000","2024-06-13T21:56:30.000Z","bid"
"0.66199","55001.000","2024-06-13T21:53:34.000Z","bid"
"0.66200","6687.000","2024-06-13T21:42:59.000Z","bid"
"0.66250","6451.129","2024-06-13T21:34:18.000Z","bid"
"0.65950","5535.455","2024-06-13T19:50:17.000Z","bid"
"0.65900","100000.000","2024-06-13T19:31:11.000Z","bid"
"0.16576","16618.417","2024-06-13T18:30:00.000Z","bid"
"0.66088","5872.821","2024-06-13T16:58:11.000Z","bid"
"0.66050","6700.000","2024-06-13T16:28:36.000Z","bid"
"0.65800","421511.464","2024-06-13T16:25:15.000Z","bid"
"0.64500","5748.314","2024-06-13T16:07:52.000Z","bid"
"1.00000","1020.000","2024-06-13T15:59:24.000Z","ask"
"0.65975","3306.017","2024-06-13T15:56:36.000Z","bid"
"2.80000","650.000","2024-06-13T12:33:49.000Z","ask"
"0.57061","133.743","2024-06-13T11:33:59.000Z","bid"
"0.66000","106705.520","2024-06-13T11:22:00.000Z","bid"
"0.79808","3365.522","2024-06-13T04:39:53.000Z","ask"
"0.68000","4170.000","2024-06-13T03:56:40.000Z","ask"
"0.70000","4504.754","2024-06-13T01:51:44.000Z","ask"
"0.80000","20.000","2024-06-13T01:50:44.000Z","ask"
"2.30000","510.000","2024-06-12T14:04:48.000Z","ask"
"0.65400","801.034","2024-06-11T15:42:54.000Z","bid"
"0.64499","1000.000","2024-06-11T14:24:48.000Z","bid"
"2.60000","10.000","2024-06-11T13:43:09.000Z","ask"
"0.65390","900.000","2024-06-11T11:53:39.000Z","bid"
"0.50000","7.441","2024-06-11T04:25:21.000Z","bid"
"80.00000","10.000","2024-06-10T19:01:09.000Z","ask"
"0.90000","20.000","2024-06-10T19:00:14.000Z","ask"
"15.00000","10.000","2024-06-10T19:00:03.000Z","ask"
"10000.00000","10.000","2024-06-10T18:59:48.000Z","ask"
"750.00000","10.000","2024-06-10T18:59:20.000Z","ask"
"2500.00000","10.000","2024-06-10T18:59:13.000Z","ask"
"250.00000","10.000","2024-06-10T18:59:09.000Z","ask"
"69.00000","60.000","2024-06-10T18:59:04.000Z","ask"
"4.50000","10.000","2024-06-10T18:58:57.000Z","ask"
"30.00000","10.000","2024-06-10T18:58:49.000Z","ask"
"50.00000","10.000","2024-06-10T18:58:46.000Z","ask"
"25.00000","10.000","2024-06-10T18:58:42.000Z","ask"
"20.00000","10.000","2024-06-10T18:58:38.000Z","ask"
"7.00000","10.000","2024-06-10T18:58:34.000Z","ask"
"6.00000","10.000","2024-06-10T18:58:31.000Z","ask"
"5.00000","10.000","2024-06-10T18:58:28.000Z","ask"
"4.00000","10.000","2024-06-10T18:58:26.000Z","ask"
"3.50000","10.000","2024-06-10T18:58:22.000Z","ask"
"3.00000","12.560","2024-06-10T18:58:01.000Z","ask"
"5000.00000","10.000","2024-06-10T18:57:53.000Z","ask"
"500.00000","10.000","2024-06-10T18:57:51.000Z","ask"
"10.00000","10.000","2024-06-10T18:57:44.000Z","ask"
"1000.00000","10.000","2024-06-10T18:57:37.000Z","ask"
"100.00000","10.000","2024-06-10T18:57:33.000Z","ask"
"0.85000","20.000","2024-06-09T03:05:09.000Z","ask"
"0.75000","20.000","2024-06-09T02:42:41.000Z","ask"
"0.95000","17.730","2024-06-09T00:42:44.000Z","ask"
"1.05000","10.000","2024-06-09T00:41:23.000Z","ask"
"1.40000","10.000","2024-06-08T22:25:42.000Z","ask"
"1.10000","10.000","2024-06-08T22:24:51.000Z","ask"
"1.30000","10.000","2024-06-08T22:24:40.000Z","ask"
"1.70000","248.633","2024-06-08T22:24:30.000Z","ask"
"1.90000","10.000","2024-06-08T22:24:20.000Z","ask"
"2.10000","10.000","2024-06-08T22:24:04.000Z","ask"
"2.40000","10.000","2024-06-08T22:23:59.000Z","ask"
"2.90000","10.000","2024-06-08T22:23:31.000Z","ask"
"0.25000","80.000","2024-06-08T18:14:50.000Z","bid"
"0.35000","85.715","2024-06-08T18:14:32.000Z","bid"
"0.39000","76.924","2024-06-08T18:14:18.000Z","bid"
"0.44000","68.182","2024-06-08T18:13:43.000Z","bid"
"0.47000","63.830","2024-06-08T18:13:31.000Z","bid"
"0.51000","58.824","2024-06-08T18:13:12.000Z","bid"
"0.60000","466.667","2024-06-08T18:12:14.000Z","bid"
"0.56000","30.000","2024-06-08T18:11:56.000Z","bid"
"0.64000","80.000","2024-06-08T18:11:09.000Z","bid"
"0.10000","641.400","2024-06-08T17:46:07.000Z","bid"
"2.65980","140437.044","2024-06-08T13:44:32.000Z","ask"
"0.49701","10395.161","2024-06-08T13:36:02.000Z","bid"
"1.99980","8921.854","2024-06-08T13:34:02.000Z","ask"
"0.98955","11438.274","2024-06-08T13:33:42.000Z","ask"
"0.78000","3582.500","2024-06-08T13:33:20.000Z","ask"
"0.62923","56.554","2024-06-08T13:32:31.000Z","bid"
"2.92688","102.073","2024-06-08T13:31:02.000Z","ask"
"2.76309","76.553","2024-06-08T13:31:01.000Z","ask"
"2.84498","89.313","2024-06-08T13:31:01.000Z","ask"
"2.59930","51.034","2024-06-08T13:31:00.000Z","ask"
"2.68119","63.794","2024-06-08T13:31:00.000Z","ask"
"2.51740","38.275","2024-06-08T13:30:59.000Z","ask"
"2.35362","12.755","2024-06-08T13:30:58.000Z","ask"
"2.43551","25.515","2024-06-08T13:30:58.000Z","ask"
"0.65500","50.000","2024-06-04T21:12:55.000Z","bid"
"0.00110","10000.000","2024-06-04T12:39:34.000Z","bid"
"999999.00000","10.000","2024-05-01T08:17:30.000Z","ask"
"99999.00000","10.000","2024-05-01T08:17:21.000Z","ask"
"9999.00000","10.000","2024-05-01T08:17:08.000Z","ask"
"999.00000","10.000","2024-05-01T08:16:59.000Z","ask"
"99.00000","10.000","2024-05-01T08:16:45.000Z","ask"
"0.01111","10000.000","2024-04-24T09:31:25.000Z","bid"
"0.01100","1909.091","2024-04-22T12:56:50.000Z","bid"
"0.03100","322.581","2024-04-22T12:56:40.000Z","bid"
"0.62800","266338.680","2024-04-14T11:27:37.000Z","bid"
"0.00036","64000.000","2024-03-25T15:30:43.000Z","bid"
"0.00035","45714.286","2024-03-17T19:05:13.000Z","bid"
"0.00111","10000.000","2024-03-15T11:11:05.000Z","bid"
"0.00011","218181.819","2024-03-15T11:10:57.000Z","bid"
"0.00001","2398200.000","2024-03-15T11:10:49.000Z","bid"
"0.40110","2000.000","2024-03-14T07:00:04.000Z","bid"
"0.58000","480.770","2024-03-09T21:18:20.000Z","bid"
"0.59000","446.429","2024-03-09T21:18:01.000Z","bid"
"0.61000","390.625","2024-03-09T21:17:30.000Z","bid"
"499994.00000","10.000","2024-02-26T21:09:41.000Z","ask"
"49994.00000","65.000","2024-02-26T21:09:29.000Z","ask"
"0.00033","606060.607","2024-02-26T21:09:16.000Z","bid"
"419.99900","25.000","2023-11-12T12:00:50.000Z","ask"
"978.85550","45.000","2023-11-12T11:59:25.000Z","ask"
"420.00000","50.000","2023-10-24T18:00:06.000Z","ask"
"0.00267","49247.000","2023-09-13T22:25:39.000Z","bid"
"0.00031","700000.000","2023-09-11T15:41:50.000Z","bid"
"0.00004","4000000.000","2023-09-11T15:41:35.000Z","bid"
"0.00266","50000.000","2023-09-11T15:39:38.000Z","bid"
"49995.00000","65.000","2023-09-11T15:39:23.000Z","ask"
"499995.00000","10.000","2023-09-11T15:39:18.000Z","ask"
"978.86000","200.000","2023-09-11T15:39:03.000Z","ask"
"0.00010","10000.000","2023-08-01T10:10:08.000Z","bid"
"0.00012","500000.000","2023-06-25T19:39:49.000Z","bid"
"0.62000","403.226","2022-11-18T07:48:54.000Z","bid"
"0.00003","371666.667","2022-05-12T13:01:28.000Z","bid"
"0.11000","100.000","2022-05-12T13:00:25.000Z","bid"
"0.00002","600000.000","2021-08-01T08:34:42.000Z","bid"
"145.00000","10.000","2021-03-18T13:27:13.000Z","ask"
"295.00000","10.000","2021-03-18T13:26:46.000Z","ask"
"0.00030","3333.334","2021-03-02T17:24:10.000Z","bid"
"0.00300","333.334","2021-03-02T17:23:59.000Z","bid"
"0.36500","40.000","2021-01-17T16:03:24.000Z","bid"
"0.02200","500.000","2021-01-02T23:12:49.000Z","bid"
"0.00220","5000.000","2021-01-02T23:12:27.000Z","bid"
"0.00022","50000.000","2021-01-02T23:12:13.000Z","bid"
"0.12002","10000.000","2020-12-25T01:17:42.000Z","bid"
"0.38100","10000.000","2020-12-25T01:15:07.000Z","bid"
"0.33100","30.212","2020-10-26T10:08:18.000Z","bid"
"0.13775","72.596","2020-08-18T12:16:31.000Z","bid"
"0.27551","36.297","2020-08-18T12:15:07.000Z","bid"