"price","volume","time","side","orderType"
"0.66266","115.04505602","2024-06-13T22:48:34.767Z","s","maker"
"0.66266","944.93514398","2024-06-13T22:48:34.767Z","s","maker"
"0.66280","29.04680663","2024-06-13T22:47:45.723Z","s","maker"
"0.66280","47.16000000","2024-06-13T22:45:22.221Z","s","maker"
"0.66280","204.24270000","2024-06-13T22:23:24.262Z","s","maker"
"0.66373","37.25000000","2024-06-13T22:15:37.337Z","b","maker"
"0.66303","43.89000000","2024-06-13T22:15:16.350Z","b","maker"
"0.66346","45.76000000","2024-06-13T22:15:01.584Z","b","maker"
"0.66408","36.63000000","2024-06-13T22:14:46.033Z","b","maker"
"0.66356","49.36000000","2024-06-13T22:14:29.439Z","b","maker"
"0.66335","66.04000000","2024-06-13T22:14:10.463Z","b","maker"
"0.66344","88.72000000","2024-06-13T22:13:52.033Z","b","maker"
"0.66429","88.96000000","2024-06-13T22:13:33.311Z","b","maker"
"0.66305","30.10000000","2024-06-13T22:13:05.891Z","b","maker"
"0.66313","15.93069883","2024-06-13T22:12:48.744Z","b","maker"
"0.66314","13.86930117","2024-06-13T22:12:48.744Z","b","maker"
"0.66365","25.04000000","2024-06-13T22:12:33.194Z","b","maker"
"0.66315","16.32979454","2024-06-13T22:12:14.460Z","b","maker"
"0.66315","0.79020546","2024-06-13T22:12:14.460Z","b","maker"
"0.66312","20.75000000","2024-06-13T22:11:55.323Z","b","maker"
"0.66333","16.05000000","2024-06-13T22:11:25.077Z","b","maker"
"0.66263","190.53430000","2024-06-13T22:08:59.283Z","s","maker"
"0.66259","231.86008717","2024-06-13T22:06:30.139Z","s","maker"
"0.66253","86.36991283","2024-06-13T22:06:30.139Z","s","maker"
"0.66263","485.67284910","2024-06-13T22:00:39.460Z","s","maker"
"0.66262","45.82402589","2024-06-13T22:00:39.460Z","s","maker"
"0.66257","7.88000000","2024-06-13T22:00:00.082Z","s","maker"
"0.66276","10.00920000","2024-06-13T21:59:38.868Z","s","maker"
"0.66280","74.08021192","2024-06-13T21:53:37.462Z","s","maker"
"0.66279","6.90503101","2024-06-13T21:53:37.462Z","s","maker"
"0.66291","19.93506693","2024-06-13T21:53:26.144Z","s","maker"
"0.66281","485.54097017","2024-06-13T21:53:26.144Z","s","maker"
"0.66278","138.30669006","2024-06-13T21:53:26.144Z","s","maker"
"0.66294","19.93506693","2024-06-13T21:53:16.122Z","s","maker"
"0.66293","235.61744287","2024-06-13T21:53:16.122Z","s","maker"
"0.66292","228.30548768","2024-06-13T21:49:50.575Z","s","maker"
"0.66288","8.51451232","2024-06-13T21:49:50.575Z","s","maker"
"0.66330","7.59000000","2024-06-13T21:49:16.365Z","b","maker"
"0.66269","124.99234202","2024-06-13T21:47:55.906Z","s","maker"
"0.66270","15.71000000","2024-06-13T21:44:44.435Z","s","maker"
"0.66314","1425.00000000","2024-06-13T21:42:56.217Z","s","maker"
"0.66323","447.69000000","2024-06-13T21:41:37.977Z","b","maker"
"0.66326","0.00005914","2024-06-13T21:41:37.977Z","b","maker"
"0.66310","52.31000000","2024-06-13T21:37:33.347Z","b","maker"
"0.66289","500.00000000","2024-06-13T21:35:12.069Z","s","taker"
"0.66309","54.21247493","2024-06-13T21:34:31.805Z","b","maker"
"0.66325","201.39594279","2024-06-13T21:34:31.805Z","b","maker"
"0.66308","76.85041518","2024-06-13T21:34:31.802Z","b","maker"
"0.66309","1370.78752507","2024-06-13T21:34:31.802Z","b","maker"
"0.66264","39.87013385","2024-06-13T21:30:16.634Z","s","taker"
"0.66263","219.31113636","2024-06-13T21:30:16.634Z","s","taker"
"0.66259","485.70219250","2024-06-13T21:30:16.634Z","s","taker"
"0.66254","555.11653729","2024-06-13T21:30:16.634Z","s","taker"
"0.66268","49.50000000","2024-06-13T21:19:48.659Z","s","taker"
"0.66262","79.74026771","2024-06-13T21:11:10.110Z","s","maker"
"0.66261","14.83973229","2024-06-13T21:11:10.110Z","s","maker"
"0.66261","26.92404900","2024-06-13T21:10:54.390Z","s","maker"
"0.66265","214.64350000","2024-06-13T21:04:13.123Z","b","maker"
"0.66264","140.98730000","2024-06-13T21:03:54.008Z","s","maker"
"0.66250","6743.00000000","2024-06-13T21:03:54.008Z","s","maker"
"0.66250","291.87110000","2024-06-13T21:03:54.008Z","s","maker"
"0.66265","5273.94370441","2024-06-13T21:03:47.282Z","b","maker"
"0.66265","7176.00205930","2024-06-13T21:03:47.279Z","b","maker"
"0.66265","7175.93020000","2024-06-13T21:03:47.278Z","b","maker"
"0.66265","159.48053541","2024-06-13T21:03:47.275Z","s","maker"
"0.66270","524.33150467","2024-06-13T21:00:05.148Z","b","maker"
"0.66270","720.04987378","2024-06-13T21:00:05.036Z","b","maker"
"0.66270","396.73146727","2024-06-13T21:00:05.033Z","b","maker"
"0.66270","1513.51280832","2024-06-13T21:00:05.023Z","b","maker"
"0.66270","1513.51280832","2024-06-13T21:00:05.013Z","b","maker"
"0.66270","1513.51280832","2024-06-13T21:00:05.003Z","b","maker"
"0.66270","1513.51280832","2024-06-13T21:00:04.993Z","b","maker"
"0.66270","1513.51280832","2024-06-13T21:00:04.983Z","b","maker"
"0.66270","1513.51280832","2024-06-13T21:00:04.973Z","b","maker"
"0.66270","1513.51280832","2024-06-13T21:00:04.963Z","b","maker"
"0.66270","1513.51280832","2024-06-13T21:00:04.953Z","b","maker"
"0.66270","1513.51280832","2024-06-13T21:00:04.943Z","b","maker"
"0.66273","18.89098890","2024-06-13T21:00:03.781Z","b","maker"
"0.66275","214.83704834","2024-06-13T20:59:40.606Z","b","maker"
"0.66275","293.29261147","2024-06-13T20:52:55.974Z","s","maker"
"0.66264","1245.18100000","2024-06-13T20:52:55.974Z","s","maker"
"0.66278","38.83170000","2024-06-13T20:47:56.754Z","s","maker"
"0.66284","777.71620269","2024-06-13T20:44:56.296Z","b","maker"
"0.66285","1425.00000000","2024-06-13T20:44:56.296Z","b","maker"
"0.66282","37.77697776","2024-06-13T20:44:33.591Z","b","maker"
"0.66277","371.21740461","2024-06-13T20:43:16.414Z","s","maker"
"0.66271","714.26673730","2024-06-13T20:43:16.414Z","s","maker"
"0.66264","318.96107083","2024-06-13T20:43:16.414Z","s","maker"
"0.66276","13.52376270","2024-06-13T20:42:41.830Z","s","maker"
"0.66279","204.59950000","2024-06-13T20:41:24.538Z","s","maker"
"0.66256","492.61000000","2024-06-13T20:40:09.669Z","s","maker"
"0.66300","96.60999999","2024-06-13T20:35:11.044Z","b","maker"
"0.66301","259.87790001","2024-06-13T20:35:11.044Z","b","maker"
"0.66276","20.00000000","2024-06-13T20:30:33.377Z","s","maker"
"0.66267","32.06000000","2024-06-13T20:28:03.276Z","s","maker"
"0.66303","33.03000000","2024-06-13T20:22:00.657Z","b","maker"
"0.66291","24.94000000","2024-06-13T20:13:51.135Z","s","maker"
"0.66270","33.25000000","2024-06-13T20:09:49.149Z","s","maker"
"0.66276","44.33000000","2024-06-13T20:05:05.118Z","s","maker"
"0.66290","200.00000000","2024-06-13T20:01:47.333Z","s","taker"
"0.66311","18.27000000","2024-06-13T19:53:30.603Z","b","maker"
"0.66296","32.94000000","2024-06-13T19:52:18.515Z","s","maker"
"0.66306","212.64071389","2024-06-13T19:27:58.406Z","b","maker"
"0.66307","328.98938611","2024-06-13T19:27:58.406Z","b","maker"
"0.66305","425.28142777","2024-06-13T19:27:27.580Z","b","maker"
"0.66306","43.72997223","2024-06-13T19:27:27.580Z","b","maker"
"0.66325","1.02000000","2024-06-13T19:24:08.454Z","b","maker"
"0.66325","10.15000000","2024-06-13T19:15:04.480Z","b","maker"
"0.66325","8.12000000","2024-06-13T19:07:06.379Z","b","maker"
"0.66324","361.28370000","2024-06-13T18:47:21.019Z","b","maker"
"0.66325","383.09505914","2024-06-13T18:47:21.019Z","b","maker"
"0.66326","1269.99994086","2024-06-13T18:47:21.019Z","b","maker"
"0.66309","13.02000000","2024-06-13T18:46:13.166Z","s","maker"
"0.66295","50.00000000","2024-06-13T18:09:52.276Z","s","taker"
"0.66304","13.96763393","2024-06-13T17:59:33.516Z","b","taker"
"0.66301","362.03226734","2024-06-13T17:42:32.783Z","b","maker"
"0.66302","491.42773266","2024-06-13T17:42:32.783Z","b","maker"
"0.66302","278.01910717","2024-06-13T17:42:02.262Z","b","maker"
"0.66303","558.32089283","2024-06-13T17:42:02.262Z","b","maker"
"0.66268","4699.21741833","2024-06-13T17:22:57.660Z","s","maker"
"0.66267","1088.89008167","2024-06-13T17:22:57.660Z","s","maker"
"0.66228","98.52000000","2024-06-13T17:02:49.478Z","s","maker"
"0.66181","147.93000000","2024-06-13T16:55:18.446Z","s","maker"
"0.66224","1006.83640000","2024-06-13T16:49:48.542Z","b","maker"
"0.66213","10.10000000","2024-06-13T16:48:55.718Z","s","maker"
"0.66213","357.25000000","2024-06-13T16:48:43.074Z","s","maker"
"0.66250","10.10152453","2024-06-13T16:47:21.078Z","b","taker"
"0.66238","685.75228721","2024-06-13T16:45:54.654Z","b","taker"
"0.66232","1425.00000000","2024-06-13T16:44:29.067Z","s","taker"
"0.66231","575.00000000","2024-06-13T16:44:29.067Z","s","taker"
"0.66271","61.01127405","2024-06-13T16:41:02.448Z","b","maker"
"0.66272","69.07872595","2024-06-13T16:41:02.448Z","b","maker"
"0.66269","125.21150000","2024-06-13T16:40:46.269Z","b","maker"
"0.66276","10.32850000","2024-06-13T16:40:46.269Z","b","maker"
"0.66279","30.17160098","2024-06-13T16:40:31.642Z","b","maker"
"0.66280","64.32988290","2024-06-13T16:40:31.642Z","b","maker"
"0.66281","206.43851612","2024-06-13T16:40:31.642Z","b","maker"
"0.66236","331.65000000","2024-06-13T16:39:15.253Z","s","maker"
"0.66245","1403.17910000","2024-06-13T16:30:42.284Z","b","maker"
"0.66246","36.85200000","2024-06-13T16:30:42.284Z","b","maker"
"0.66236","21.82089475","2024-06-13T16:27:40.083Z","b","maker"
"0.66250","19.52750000","2024-06-13T16:27:01.929Z","s","maker"
"0.66250","1821.41768712","2024-06-13T16:27:01.929Z","s","maker"
"0.66219","0.12061288","2024-06-13T16:27:01.929Z","s","maker"
"0.66250","2263.48471016","2024-06-13T16:26:52.513Z","s","maker"
"0.66250","2263.57010276","2024-06-13T16:26:42.513Z","s","maker"
"0.66250","876.71288552","2024-06-13T16:26:32.454Z","s","maker"
"0.66250","438.61750000","2024-06-13T16:26:23.120Z","s","maker"
"0.66250","160.98810000","2024-06-13T16:26:23.120Z","s","maker"
"0.66250","2263.46763241","2024-06-13T16:26:22.379Z","s","maker"
"0.66250","168.00680000","2024-06-13T16:26:16.990Z","s","maker"
"0.66250","516.61990000","2024-06-13T16:26:16.989Z","s","maker"
"0.66250","2263.58718206","2024-06-13T16:26:12.345Z","s","maker"
"0.66250","419.60169999","2024-06-13T16:26:01.287Z","s","maker"
"0.66250","563.49050000","2024-06-13T16:25:49.891Z","s","maker"
"0.66250","563.49050000","2024-06-13T16:25:49.876Z","s","maker"
"0.66250","563.49050000","2024-06-13T16:25:49.871Z","s","maker"
"0.66250","1522.64230000","2024-06-13T16:25:49.715Z","s","maker"
"0.66250","1522.64230000","2024-06-13T16:25:49.709Z","s","maker"
"0.66250","1522.64230000","2024-06-13T16:25:49.703Z","s","maker"
"0.66250","0.00010000","2024-06-13T16:25:49.698Z","s","maker"
"0.66250","9.99990000","2024-06-13T16:25:49.698Z","s","maker"
"0.66250","6678.00000000","2024-06-13T16:24:26.248Z","s","maker"
"0.66250","0.00010000","2024-06-13T16:24:26.242Z","s","maker"
"0.66250","9.99990000","2024-06-13T16:24:26.242Z","s","maker"
"0.66250","6678.00000000","2024-06-13T16:24:16.179Z","s","maker"
"0.66250","0.00010000","2024-06-13T16:24:16.173Z","s","maker"
"0.66250","9.99990000","2024-06-13T16:24:16.173Z","s","maker"
"0.66250","6678.00000000","2024-06-13T16:24:06.178Z","s","maker"
"0.66250","0.00010000","2024-06-13T16:24:06.170Z","s","maker"
"0.66250","9.99990000","2024-06-13T16:24:06.170Z","s","maker"
"0.66250","5304.56760000","2024-06-13T16:23:49.667Z","s","maker"
"0.66250","1383.27880000","2024-06-13T16:23:49.597Z","s","maker"
"0.66250","1383.27880000","2024-06-13T16:23:49.592Z","s","maker"
"0.66250","0.15350000","2024-06-13T16:23:49.592Z","s","maker"
"0.66250","791.56030000","2024-06-13T16:23:37.708Z","s","maker"
"0.66250","791.56030000","2024-06-13T16:23:37.699Z","s","maker"
"0.66250","791.56030000","2024-06-13T16:23:37.686Z","s","maker"
"0.66250","791.56030000","2024-06-13T16:23:37.678Z","s","maker"
"0.66250","534.62000000","2024-06-13T16:23:22.614Z","s","maker"
"0.66250","534.62000000","2024-06-13T16:23:22.607Z","s","maker"
"0.66250","534.62000000","2024-06-13T16:23:22.597Z","s","maker"
"0.66250","534.62000000","2024-06-13T16:23:22.591Z","s","maker"
"0.66250","2161.95259489","2024-06-13T16:22:36.547Z","s","maker"
"0.66250","2262.97248979","2024-06-13T16:22:26.522Z","s","maker"
"0.66250","2263.07491532","2024-06-13T16:22:16.495Z","s","maker"
"0.66250","862.32371883","2024-06-13T16:22:06.488Z","s","maker"
"0.66250","2263.16027701","2024-06-13T16:20:07.062Z","s","maker"
"0.66250","2263.14320415","2024-06-13T16:19:57.033Z","s","maker"
"0.66250","649.68640000","2024-06-13T16:19:47.003Z","s","maker"
"0.66250","649.68640000","2024-06-13T16:19:46.997Z","s","maker"
"0.66250","171.98415625","2024-06-13T16:19:46.992Z","s","maker"
"0.66250","723.66230000","2024-06-13T16:19:44.852Z","s","maker"
"0.66250","1176.43190000","2024-06-13T16:19:44.501Z","s","maker"
"0.66250","1176.43190000","2024-06-13T16:19:44.441Z","s","maker"
"0.66250","1176.43190000","2024-06-13T16:19:44.434Z","s","maker"
"0.66250","2263.05784375","2024-06-13T16:19:36.967Z","s","maker"
"0.66250","1392.00309220","2024-06-13T16:19:26.952Z","s","maker"
"0.66250","5295.99690000","2024-06-13T16:16:58.900Z","s","maker"
"0.66250","2162.73769220","2024-06-13T16:16:58.893Z","s","maker"
"0.66250","0.00000780","2024-06-13T16:16:58.893Z","s","maker"
"0.66250","2262.81886889","2024-06-13T16:16:11.091Z","s","maker"
"0.66251","2262.34107053","2024-06-13T16:15:14.223Z","s","maker"
"0.66250","2262.44343891","2024-06-13T16:15:04.150Z","s","maker"
"0.66250","2162.90836278","2024-06-13T16:13:15.085Z","s","maker"
"0.66250","2262.61407345","2024-06-13T16:09:54.396Z","s","maker"
"0.66250","2262.47756376","2024-06-13T16:09:44.336Z","s","maker"
"0.66250","1325.97671125","2024-06-13T16:09:34.302Z","s","maker"
"0.66250","2262.32401004","2024-06-13T16:09:24.280Z","s","maker"
"0.66251","1424.99992826","2024-06-13T16:09:14.257Z","s","maker"
"0.66250","837.42644861","2024-06-13T16:09:14.257Z","s","maker"
"0.66267","1375.97737174","2024-06-13T16:09:13.429Z","b","maker"
"0.66268","1424.99992826","2024-06-13T16:09:13.429Z","b","maker"
"0.66267","587.30840000","2024-06-13T16:09:13.382Z","b","maker"
"0.66251","3770.73906485","2024-06-13T16:09:07.130Z","s","maker"
"0.66250","2262.27283010","2024-06-13T16:09:04.168Z","s","maker"
"0.66260","224.40299047","2024-06-13T16:07:33.865Z","s","maker"
"0.66261","2261.19858599","2024-06-13T16:07:22.163Z","s","maker"
"0.66273","1425.00000000","2024-06-13T16:07:09.202Z","s","maker"
"0.66272","836.19858599","2024-06-13T16:07:09.202Z","s","maker"
"0.66295","3495.89040000","2024-06-13T16:07:00.833Z","b","maker"
"0.66251","150.26079999","2024-06-13T16:04:24.873Z","s","maker"
"0.66251","71.88360000","2024-06-13T16:04:24.792Z","s","maker"
"0.66251","71.79049999","2024-06-13T16:04:24.783Z","s","maker"
"0.66251","613.50190000","2024-06-13T16:04:24.782Z","s","maker"
"0.66251","323.49730000","2024-06-13T16:04:24.694Z","s","maker"
"0.66251","178.10920000","2024-06-13T16:04:24.690Z","s","maker"
"0.66251","15.01980000","2024-06-13T16:04:24.669Z","s","maker"
"0.66251","10.99750000","2024-06-13T16:04:24.589Z","s","maker"
"0.66251","85.12390000","2024-06-13T16:04:24.580Z","s","maker"
"0.66251","114.00440000","2024-06-13T16:04:24.576Z","s","maker"
"0.66251","276.75970000","2024-06-13T16:04:24.541Z","s","maker"
"0.66251","38.53760000","2024-06-13T16:04:24.484Z","s","maker"
"0.66251","165.94649999","2024-06-13T16:04:24.478Z","s","maker"
"0.66251","103.16890000","2024-06-13T16:04:24.399Z","s","maker"
"0.66252","53.66010369","2024-06-13T16:04:24.384Z","s","maker"
"0.66251","193.72659631","2024-06-13T16:04:24.384Z","s","maker"
"0.66252","69.48629974","2024-06-13T16:04:24.370Z","s","maker"
"0.66252","4.72970025","2024-06-13T16:04:24.370Z","s","maker"
"0.66252","75.28250000","2024-06-13T16:04:24.303Z","s","maker"
"0.66252","76.88549999","2024-06-13T16:04:24.284Z","s","maker"
"0.66300","0.00000507","2024-06-13T16:04:17.296Z","s","maker"
"0.66300","5854.00000000","2024-06-13T16:04:09.410Z","s","maker"
"0.66300","0.00000507","2024-06-13T16:04:09.405Z","s","maker"
"0.66300","9.99999493","2024-06-13T16:04:09.405Z","s","maker"
"0.66300","6714.00020000","2024-06-13T16:04:07.274Z","s","maker"
"0.66300","0.00020507","2024-06-13T16:04:07.268Z","s","maker"
"0.66300","9.99979493","2024-06-13T16:04:07.268Z","s","maker"
"0.66300","60.95770000","2024-06-13T16:04:01.315Z","s","maker"
"0.66300","59.60470000","2024-06-13T16:04:01.315Z","s","maker"
"0.66300","6593.43750000","2024-06-13T16:04:01.315Z","s","maker"
"0.66300","0.00010507","2024-06-13T16:04:01.309Z","s","maker"
"0.66300","9.99989493","2024-06-13T16:04:01.309Z","s","maker"
"0.66300","6566.93170000","2024-06-13T16:03:57.243Z","s","maker"
"0.66300","147.06820000","2024-06-13T16:03:57.243Z","s","maker"
"0.66300","0.00000507","2024-06-13T16:03:57.237Z","s","maker"
"0.66300","9.99999493","2024-06-13T16:03:57.237Z","s","maker"
"0.66300","469.74510000","2024-06-13T16:02:54.317Z","s","maker"
"0.66300","300.34500000","2024-06-13T16:02:49.326Z","s","maker"
"0.66300","382.89770000","2024-06-13T16:02:49.285Z","s","maker"
"0.66300","382.89770000","2024-06-13T16:02:49.279Z","s","maker"
"0.66300","382.89770000","2024-06-13T16:02:49.272Z","s","maker"
"0.66300","382.89770000","2024-06-13T16:02:49.266Z","s","maker"
"0.66300","382.89770000","2024-06-13T16:02:49.223Z","s","maker"
"0.66300","382.89770000","2024-06-13T16:02:49.216Z","s","maker"
"0.66300","382.89770000","2024-06-13T16:02:49.209Z","s","maker"
"0.66300","382.89770000","2024-06-13T16:02:49.049Z","s","maker"
"0.66300","382.89770000","2024-06-13T16:02:49.043Z","s","maker"
"0.66300","382.89770000","2024-06-13T16:02:49.012Z","s","maker"
"0.66300","101.05000000","2024-06-13T16:02:46.129Z","s","taker"
"0.66301","236.53196654","2024-06-13T16:02:38.621Z","s","maker"
"0.66300","2023.88289493","2024-06-13T16:02:38.621Z","s","maker"
"0.66300","211.84557361","2024-06-13T16:02:28.615Z","s","maker"
"0.66300","2260.72147157","2024-06-13T16:02:18.583Z","s","maker"
"0.66300","425.78550000","2024-06-13T16:02:17.451Z","s","maker"
"0.66301","805.91851458","2024-06-13T16:02:14.695Z","b","maker"
"0.66302","1383.40948542","2024-06-13T16:02:14.695Z","b","maker"
"0.66300","2260.87480782","2024-06-13T16:02:08.568Z","s","maker"
"0.66300","2203.06807883","2024-06-13T16:02:01.536Z","s","maker"
"0.66300","1564.77264700","2024-06-13T16:02:01.536Z","s","maker"
"0.66300","2260.55112236","2024-06-13T16:01:58.523Z","s","maker"
"0.66309","241.61720000","2024-06-13T16:01:49.439Z","b","maker"
"0.66300","2260.38079881","2024-06-13T16:01:48.489Z","s","maker"
"0.66300","2204.20894187","2024-06-13T16:01:38.456Z","s","maker"
"0.66301","2260.26158760","2024-06-13T16:01:28.391Z","s","maker"
"0.66300","2260.05725478","2024-06-13T16:01:18.319Z","s","maker"
"0.66301","2259.81891317","2024-06-13T16:01:08.289Z","s","maker"
"0.66300","2259.73380335","2024-06-13T16:00:58.249Z","s","maker"
"0.66301","262.87176964","2024-06-13T16:00:48.232Z","s","maker"
"0.66306","4767.17712887","2024-06-13T15:53:52.906Z","s","taker"
"0.66305","6232.82287113","2024-06-13T15:53:52.906Z","s","taker"
"0.66302","80.35000000","2024-06-13T15:49:42.083Z","s","maker"
"0.66311","124.21313980","2024-06-13T15:45:57.474Z","s","maker"
"0.66311","94.58000000","2024-06-13T15:45:55.948Z","s","maker"
"0.66338","17.43575729","2024-06-13T15:39:52.414Z","s","maker"
"0.66338","17.45310000","2024-06-13T15:39:52.348Z","s","maker"
"0.66349","467.34316926","2024-06-13T15:37:37.175Z","s","maker"
"0.66311","88.36000000","2024-06-13T15:34:21.366Z","s","maker"
"0.66317","89.97000000","2024-06-13T15:32:32.745Z","s","maker"
"0.66307","14.65000000","2024-06-13T15:31:31.185Z","s","maker"
"0.66376","1.90000000","2024-06-13T15:29:41.040Z","b","maker"
"0.66301","0.99000000","2024-06-13T15:28:25.020Z","s","maker"
"0.66314","0.00005324","2024-06-13T15:25:46.185Z","b","maker"
"0.66314","361.81115396","2024-06-13T15:25:46.185Z","b","maker"
"0.66316","318.86222114","2024-06-13T15:25:46.185Z","b","maker"
"0.66317","3004.92987166","2024-06-13T15:25:46.185Z","b","maker"
"0.66300","687.81591700","2024-06-13T15:24:01.200Z","s","maker"
"0.66313","503.61729339","2024-06-13T15:23:58.908Z","b","maker"
"0.66314","382.01940661","2024-06-13T15:23:58.908Z","b","maker"
"0.66315","1325.29240000","2024-06-13T15:23:54.999Z","b","maker"
"0.66315","1325.29240000","2024-06-13T15:23:54.898Z","b","maker"
"0.66312","2618.38090000","2024-06-13T15:23:54.868Z","s","maker"
"0.66312","2618.38090000","2024-06-13T15:23:54.595Z","b","maker"
"0.66300","2259.83593591","2024-06-13T15:23:51.170Z","s","maker"
"0.66300","3766.67696225","2024-06-13T15:23:45.265Z","s","maker"
"0.66300","0.32881516","2024-06-13T15:23:41.164Z","s","maker"
"0.66300","9.67118484","2024-06-13T15:23:41.164Z","s","maker"
"0.66300","0.99000000","2024-06-13T15:22:00.028Z","s","maker"
"0.66300","2260.80665581","2024-06-13T15:09:58.847Z","s","maker"
"0.66300","2191.10200000","2024-06-13T15:09:51.458Z","s","maker"
"0.66300","2260.77258135","2024-06-13T15:09:45.312Z","s","maker"
"0.66300","0.00005232","2024-06-13T15:09:35.238Z","s","maker"
"0.66300","9.99994768","2024-06-13T15:09:35.238Z","s","maker"
"0.66300","2086.63870000","2024-06-13T15:05:22.100Z","s","maker"
"0.66300","2260.65332881","2024-06-13T15:05:18.077Z","s","maker"
"0.66300","2260.60222443","2024-06-13T15:05:05.153Z","s","maker"
"0.66300","84.50000000","2024-06-13T15:03:03.559Z","s","maker"
"0.66301","15.00000000","2024-06-13T15:00:33.870Z","s","taker"
"0.66321","4544.55760000","2024-06-13T14:59:40.003Z","b","maker"
"0.66300","21.60580000","2024-06-13T14:49:23.190Z","s","maker"
"0.66300","0.00010556","2024-06-13T14:49:06.314Z","s","maker"
"0.66300","9.99989444","2024-06-13T14:49:06.314Z","s","maker"
"0.66300","2938.95350000","2024-06-13T14:48:58.137Z","s","maker"
"0.66300","1391.05960000","2024-06-13T14:48:57.455Z","s","maker"
"0.66300","394.02230000","2024-06-13T14:48:56.276Z","s","maker"
"0.66300","791.82310000","2024-06-13T14:48:56.275Z","s","maker"
"0.66300","403.30190000","2024-06-13T14:48:56.275Z","s","maker"
"0.66300","794.83960000","2024-06-13T14:48:56.275Z","s","maker"
"0.66300","0.00010556","2024-06-13T14:48:56.269Z","s","maker"
"0.66300","9.99989444","2024-06-13T14:48:56.269Z","s","maker"
"0.66300","572.28680000","2024-06-13T14:48:07.102Z","s","maker"
"0.66300","2192.90080000","2024-06-13T14:48:06.839Z","s","maker"
"0.66300","3793.61620000","2024-06-13T14:46:13.765Z","s","maker"
"0.66300","160.78620000","2024-06-13T14:46:13.764Z","s","maker"
"0.66300","0.00010556","2024-06-13T14:46:13.758Z","s","maker"
"0.66300","4.40989444","2024-06-13T14:46:13.758Z","s","maker"
"0.66300","2460.18180000","2024-06-13T14:43:27.167Z","s","maker"
"0.66300","4253.81810000","2024-06-13T14:43:27.149Z","s","maker"
"0.66300","0.00000556","2024-06-13T14:42:40.156Z","s","maker"
"0.66300","9.99999444","2024-06-13T14:42:40.156Z","s","maker"
"0.66300","2182.64420000","2024-06-13T14:41:47.652Z","s","maker"
"0.66302","3421.80500000","2024-06-13T14:37:44.691Z","b","maker"
"0.66302","3421.80500000","2024-06-13T14:37:44.294Z","b","maker"
"0.66302","3421.80500000","2024-06-13T14:37:43.888Z","b","maker"
"0.66302","3421.80500000","2024-06-13T14:37:43.749Z","b","maker"
"0.66300","2261.36903281","2024-06-13T14:37:02.255Z","s","maker"
"0.66300","2261.26676163","2024-06-13T14:33:56.715Z","s","maker"
"0.66300","18.72000000","2024-06-13T14:31:37.687Z","s","maker"
"0.66307","375.85580000","2024-06-13T14:29:50.631Z","b","maker"
"0.66322","26.59153386","2024-06-13T14:28:19.567Z","b","maker"
"0.66325","403.07860000","2024-06-13T14:27:48.876Z","b","maker"
"0.66350","0.00009066","2024-06-13T14:27:43.541Z","s","maker"
"0.66303","3004.92990934","2024-06-13T14:27:43.541Z","s","maker"
"0.66350","1710.15920000","2024-06-13T14:27:40.228Z","s","maker"
"0.66350","4433.84070000","2024-06-13T14:27:40.022Z","s","maker"
"0.66350","4433.84069065","2024-06-13T14:27:40.019Z","s","maker"
"0.66350","0.00000935","2024-06-13T14:27:40.019Z","s","maker"
"0.66350","2260.15941657","2024-06-13T14:27:37.685Z","s","maker"
"0.66350","0.00010722","2024-06-13T14:27:27.526Z","s","maker"
"0.66350","9.99989278","2024-06-13T14:27:27.526Z","s","maker"
"0.66350","677.05000000","2024-06-13T14:27:24.521Z","s","maker"
"0.66350","2259.98915205","2024-06-13T14:27:17.511Z","s","maker"
"0.66350","3766.96074073","2024-06-13T14:27:11.111Z","s","maker"
"0.66350","46.86784705","2024-06-13T14:27:07.455Z","s","maker"
"0.66350","6656.73710000","2024-06-13T14:27:06.489Z","s","maker"
"0.66350","6616.54964705","2024-06-13T14:27:06.246Z","s","maker"
"0.66350","0.39505295","2024-06-13T14:27:06.246Z","s","maker"
"0.66350","3679.22660930","2024-06-13T14:27:02.609Z","s","maker"
"0.66350","87.45035295","2024-06-13T14:27:02.609Z","s","maker"
"0.66350","3014.77340000","2024-06-13T14:26:57.440Z","s","maker"
"0.66350","0.00000930","2024-06-13T14:26:57.434Z","s","maker"
"0.66350","9.99999070","2024-06-13T14:26:57.434Z","s","maker"
"0.66350","2709.64520000","2024-06-13T14:26:49.352Z","s","maker"
"0.66350","2259.80189070","2024-06-13T14:26:47.417Z","s","maker"
"0.66350","1734.55290000","2024-06-13T14:26:39.397Z","s","maker"
"0.66350","6694.00010000","2024-06-13T14:26:37.386Z","s","maker"
"0.66350","0.00010000","2024-06-13T14:26:37.377Z","s","maker"
"0.66350","9.99990000","2024-06-13T14:26:37.377Z","s","maker"
"0.66350","177.19110000","2024-06-13T14:26:36.080Z","s","maker"
"0.66350","6526.80880000","2024-06-13T14:26:36.080Z","s","maker"
"0.66350","1449.65585209","2024-06-13T14:26:27.319Z","s","maker"
"0.66350","5231.36200000","2024-06-13T14:26:27.158Z","s","maker"
"0.66350","22.98214790","2024-06-13T14:26:27.075Z","s","maker"
"0.66350","6703.80000000","2024-06-13T14:26:26.503Z","s","maker"
"0.66350","4487.73140000","2024-06-13T14:26:25.769Z","s","maker"
"0.66350","0.20000000","2024-06-13T14:26:25.769Z","s","maker"
"0.66350","23.46000000","2024-06-13T14:26:23.299Z","s","maker"
"0.66350","2192.80860000","2024-06-13T14:26:03.319Z","s","maker"
"0.66350","2149.02730000","2024-06-13T14:25:30.379Z","s","maker"
"0.66350","4253.81810000","2024-06-13T14:25:29.921Z","s","maker"
"0.66351","101.83980000","2024-06-13T14:25:29.908Z","s","maker"
"0.66350","301.15460000","2024-06-13T14:25:29.908Z","s","maker"
"0.66351","850.89820000","2024-06-13T14:25:29.831Z","s","maker"
"0.66350","3402.91990000","2024-06-13T14:25:29.796Z","s","maker"
"0.66351","952.73800000","2024-06-13T14:25:29.763Z","s","maker"
"0.66350","3301.08010000","2024-06-13T14:25:29.763Z","s","maker"
"0.66350","3402.91990000","2024-06-13T14:25:29.713Z","s","maker"
"0.66351","952.73800000","2024-06-13T14:25:29.568Z","s","maker"
"0.66350","3301.08010000","2024-06-13T14:25:29.568Z","s","maker"
"0.66358","0.00004026","2024-06-13T14:25:18.060Z","s","maker"
"0.66359","952.73800000","2024-06-13T14:25:15.294Z","s","maker"
"0.66358","1046.73290000","2024-06-13T14:25:15.294Z","s","maker"
"0.66359","952.73800000","2024-06-13T14:25:12.903Z","s","maker"
"0.66358","1239.77950000","2024-06-13T14:25:12.903Z","s","maker"
"0.66365","10000.00000000","2024-06-13T14:19:23.211Z","b","maker"
"0.66358","2258.59394997","2024-06-13T14:15:29.927Z","s","maker"
"0.66358","952.73800000","2024-06-13T14:15:18.365Z","s","maker"
"0.66395","952.73800000","2024-06-13T14:10:16.110Z","s","maker"
"0.66396","0.00001562","2024-06-13T14:00:41.076Z","s","maker"
"0.66397","952.73800000","2024-06-13T14:00:41.071Z","s","maker"
"0.66396","0.00010000","2024-06-13T14:00:41.071Z","s","maker"
"0.66397","952.73800000","2024-06-13T14:00:40.960Z","s","maker"
"0.66396","222.80490000","2024-06-13T14:00:40.960Z","s","maker"
"0.66394","952.73800000","2024-06-13T14:00:00.523Z","s","maker"
"0.66388","235.89480057","2024-06-13T13:59:40.254Z","s","maker"
"0.66387","32.75779943","2024-06-13T13:59:40.254Z","s","maker"
"0.66385","952.73800000","2024-06-13T13:59:31.342Z","s","maker"
"0.66387","952.73800000","2024-06-13T13:59:16.158Z","s","maker"
"0.66391","952.73800000","2024-06-13T13:59:10.813Z","s","maker"
"0.66386","952.73800000","2024-06-13T13:57:38.161Z","s","maker"
"0.66384","230.51439188","2024-06-13T13:57:38.161Z","s","maker"
"0.66382","0.00000812","2024-06-13T13:57:38.161Z","s","maker"
"0.66385","708.27680000","2024-06-13T13:57:37.231Z","s","maker"
"0.66383","952.73800000","2024-06-13T13:56:42.467Z","s","maker"
"0.66382","952.73800000","2024-06-13T13:56:36.162Z","s","maker"
"0.66382","221.25090000","2024-06-13T13:56:36.162Z","s","maker"
"0.66388","80.00000000","2024-06-13T13:56:02.631Z","s","maker"
"0.66415","98.52000000","2024-06-13T13:52:36.624Z","s","maker"
"0.66414","17.79000000","2024-06-13T13:52:11.445Z","s","maker"
"0.66427","952.73800000","2024-06-13T13:51:06.535Z","s","maker"
"0.66411","23.17111551","2024-06-13T13:51:06.535Z","s","maker"
"0.66398","896.01088449","2024-06-13T13:51:06.535Z","s","maker"
"0.66486","279.62550979","2024-06-13T13:44:37.780Z","s","maker"
"0.66473","952.73800000","2024-06-13T13:44:37.780Z","s","maker"
"0.66472","129.60014107","2024-06-13T13:44:37.780Z","s","maker"
"0.66460","248.64895030","2024-06-13T13:44:37.780Z","s","maker"
"0.66419","113.52739884","2024-06-13T13:44:37.780Z","s","maker"
"0.66535","472.26200000","2024-06-13T13:43:38.625Z","b","taker"
"0.66562","363.36109330","2024-06-13T13:43:38.625Z","b","taker"
"0.66563","666.91716119","2024-06-13T13:43:38.625Z","b","taker"
"0.66505","750.00000000","2024-06-13T13:36:15.603Z","s","taker"
"0.66525","2009.40426359","2024-06-13T13:34:59.364Z","s","maker"
"0.66517","2191.66550000","2024-06-13T13:33:37.293Z","b","maker"
"0.66524","6131.47990000","2024-06-13T13:32:03.602Z","b","maker"
"0.66494","2190.89070000","2024-06-13T13:31:10.970Z","b","maker"
"0.66495","2352.84150000","2024-06-13T13:31:09.555Z","b","maker"
"0.66477","250.00000000","2024-06-13T13:28:47.126Z","s","taker"
"0.66532","18.90000000","2024-06-13T13:11:27.415Z","b","maker"
"0.66536","30.03702063","2024-06-13T13:10:58.895Z","b","maker"
"0.66537","348.91643082","2024-06-13T13:10:58.895Z","b","maker"
"0.66538","178.59654855","2024-06-13T13:10:58.895Z","b","maker"
"0.66529","243.70000000","2024-06-13T13:10:36.250Z","b","maker"
"0.66528","190.36000000","2024-06-13T13:09:57.745Z","b","maker"
"0.66524","170.00000000","2024-06-13T13:08:49.072Z","b","maker"
"0.66459","23.17111551","2024-06-13T13:06:40.643Z","s","maker"
"0.66458","124.60888449","2024-06-13T13:06:40.643Z","s","maker"
"0.66495","4.93000000","2024-06-13T13:01:00.037Z","s","maker"
"0.66477","4.93000000","2024-06-13T13:00:00.104Z","s","maker"
"0.66549","2189.14240000","2024-06-13T12:58:54.608Z","b","maker"
"0.66549","2189.14240000","2024-06-13T12:58:53.358Z","b","maker"
"0.66551","2964.12660000","2024-06-13T12:58:48.523Z","b","maker"
"0.66553","2188.99670000","2024-06-13T12:58:47.961Z","b","maker"
"0.66555","2188.99670000","2024-06-13T12:58:47.374Z","b","maker"
"0.66565","253.63299031","2024-06-13T12:56:35.317Z","b","taker"
"0.66465","98.52000000","2024-06-13T12:51:04.798Z","s","maker"
"0.66468","19.70000000","2024-06-13T12:50:11.524Z","s","maker"
"0.66549","0.00003821","2024-06-13T12:49:57.025Z","s","maker"
"0.66549","3408.68343821","2024-06-13T12:49:51.836Z","s","maker"
"0.66549","3012.99996179","2024-06-13T12:49:51.836Z","s","maker"
"0.66549","227.73068461","2024-06-13T12:49:49.057Z","s","maker"
"0.66549","2025.31656179","2024-06-13T12:49:49.057Z","s","maker"
"0.66549","3452.74338461","2024-06-13T12:49:42.821Z","s","maker"
"0.66549","6804.26931539","2024-06-13T12:49:42.821Z","s","maker"
"0.66549","2253.11493139","2024-06-13T12:49:39.042Z","s","maker"
"0.66548","2191.06040000","2024-06-13T12:49:25.302Z","s","maker"
"0.66548","2191.06040000","2024-06-13T12:49:25.261Z","s","maker"
"0.66548","2191.06040000","2024-06-13T12:49:25.223Z","s","maker"
"0.66548","2191.06040000","2024-06-13T12:49:25.205Z","s","maker"
"0.66565","46.34223101","2024-06-13T12:46:17.594Z","s","maker"
"0.66565","96.70006899","2024-06-13T12:46:17.594Z","s","maker"
"0.66549","3124.17520000","2024-06-13T12:41:24.795Z","s","maker"
"0.66549","122.67040000","2024-06-13T12:41:24.794Z","s","maker"
"0.66550","92.68446203","2024-06-13T12:41:19.849Z","s","maker"
"0.66549","2252.84421582","2024-06-13T12:41:05.878Z","s","maker"
"0.66549","500.31000000","2024-06-13T12:41:04.262Z","s","maker"
"0.66558","185.36892405","2024-06-13T12:40:55.876Z","s","maker"
"0.66557","209.30112326","2024-06-13T12:40:55.876Z","s","maker"
"0.66552","78.82000000","2024-06-13T12:39:52.733Z","s","maker"
"0.66552","301.73692558","2024-06-13T12:39:43.469Z","s","maker"
"0.66548","348.99924858","2024-06-13T12:39:19.470Z","s","maker"
"0.66579","1001.96580000","2024-06-13T12:39:12.598Z","s","maker"
"0.66576","370.73784810","2024-06-13T12:39:12.598Z","s","maker"
"0.66578","1001.96579999","2024-06-13T12:39:04.443Z","s","maker"
"0.66578","1001.96579999","2024-06-13T12:38:54.435Z","s","maker"
"0.66578","1001.96579999","2024-06-13T12:38:44.279Z","s","maker"
"0.66577","1001.96579999","2024-06-13T12:38:34.228Z","s","maker"
"0.66578","1001.96579999","2024-06-13T12:38:23.176Z","s","maker"
"0.66568","1001.96580000","2024-06-13T12:38:13.170Z","s","maker"
"0.66567","1250.37099942","2024-06-13T12:38:13.170Z","s","maker"
"0.66597","1001.96580000","2024-06-13T12:38:07.207Z","s","maker"
"0.66590","376.75804293","2024-06-13T12:37:59.939Z","s","maker"
"0.66604","2251.05236698","2024-06-13T12:37:48.222Z","s","maker"
"0.66599","1001.96580000","2024-06-13T12:37:38.149Z","s","maker"
"0.66598","1248.64749212","2024-06-13T12:37:38.149Z","s","maker"
"0.66605","1001.96580000","2024-06-13T12:37:28.078Z","s","maker"
"0.66604","1248.36049731","2024-06-13T12:37:28.078Z","s","maker"
"0.66604","1001.96579999","2024-06-13T12:37:18.037Z","s","maker"
"0.66624","1001.96580000","2024-06-13T12:37:17.357Z","s","maker"
"0.66623","1160.47199296","2024-06-13T12:37:17.357Z","s","maker"
"0.66602","1001.96579999","2024-06-13T12:37:07.664Z","s","maker"
"0.66658","423.03420000","2024-06-13T12:37:04.457Z","b","maker"
"0.66659","209.87220000","2024-06-13T12:37:04.457Z","b","maker"
"0.66631","1001.96580000","2024-06-13T12:36:54.309Z","s","maker"
"0.66630","1247.43248595","2024-06-13T12:36:54.309Z","s","maker"
"0.66637","1001.96580000","2024-06-13T12:36:50.057Z","s","maker"
"0.66636","1247.09888429","2024-06-13T12:36:50.057Z","s","maker"
"0.66624","1001.96580000","2024-06-13T12:36:44.274Z","s","maker"
"0.66623","1247.09521702","2024-06-13T12:36:44.274Z","s","maker"
"0.66615","1001.96580000","2024-06-13T12:36:35.902Z","s","maker"
"0.66614","2747.79046584","2024-06-13T12:36:35.902Z","s","maker"
"0.66606","2249.83688682","2024-06-13T12:36:34.231Z","s","maker"
"0.66660","423.03420000","2024-06-13T12:36:31.232Z","b","maker"
"0.66661","0.00005076","2024-06-13T12:36:31.232Z","b","maker"
"0.66665","0.00004924","2024-06-13T12:36:31.232Z","b","maker"
"0.66588","2249.70191449","2024-06-13T12:36:24.172Z","s","maker"
"0.66590","1001.96579999","2024-06-13T12:36:14.104Z","s","maker"
"0.66660","423.03420000","2024-06-13T12:36:09.045Z","b","maker"
"0.66661","232.92290000","2024-06-13T12:36:09.045Z","b","maker"
"0.66631","1001.96580000","2024-06-13T12:36:07.502Z","s","maker"
"0.66630","2746.13204034","2024-06-13T12:36:07.502Z","s","maker"
"0.66631","1001.96580000","2024-06-13T12:36:02.082Z","s","maker"
"0.66630","1246.70748276","2024-06-13T12:36:02.082Z","s","maker"
"0.66664","1001.96580000","2024-06-13T12:35:59.521Z","b","maker"
"0.66627","1425.00000000","2024-06-13T12:35:59.494Z","s","maker"
"0.66626","2322.53599508","2024-06-13T12:35:59.494Z","s","maker"
"0.66664","1425.00000000","2024-06-13T12:35:52.231Z","b","maker"
"0.66615","1425.00000000","2024-06-13T12:35:52.040Z","s","maker"
"0.66614","823.74070520","2024-06-13T12:35:52.040Z","s","maker"
"0.66664","1425.00000000","2024-06-13T12:35:47.234Z","b","maker"
"0.66612","1425.00000000","2024-06-13T12:35:47.162Z","s","maker"
"0.66611","2323.09784034","2024-06-13T12:35:47.162Z","s","maker"
"0.66664","1425.00000000","2024-06-13T12:35:42.139Z","b","maker"
"0.66604","1425.00000000","2024-06-13T12:35:41.996Z","s","maker"
"0.66603","823.92613776","2024-06-13T12:35:41.996Z","s","maker"
"0.66664","1425.00000000","2024-06-13T12:35:35.754Z","b","maker"
"0.66599","1425.00000000","2024-06-13T12:35:35.613Z","s","maker"
"0.66600","2248.69013799","2024-06-13T12:35:31.968Z","s","maker"
"0.66664","1425.00000000","2024-06-13T12:35:30.403Z","b","maker"
"0.66665","0.00006087","2024-06-13T12:35:30.403Z","b","maker"
"0.66665","309.63563913","2024-06-13T12:35:30.403Z","b","maker"
"0.66595","1425.00000000","2024-06-13T12:35:21.908Z","s","maker"
"0.66594","823.60586436","2024-06-13T12:35:21.908Z","s","maker"
"0.66664","1424.99999999","2024-06-13T12:35:18.785Z","b","maker"
"0.66665","4544.55760001","2024-06-13T12:35:18.785Z","b","maker"
"0.66590","2248.82498894","2024-06-13T12:35:11.900Z","s","maker"
"0.66574","94.58000000","2024-06-13T12:34:08.409Z","s","maker"
"0.66605","1166.36999999","2024-06-13T12:33:41.560Z","s","maker"
"0.66547","258.63000000","2024-06-13T12:33:23.886Z","s","taker"
"0.66608","383.86178410","2024-06-13T12:33:22.617Z","b","maker"
"0.66609","7920.23841590","2024-06-13T12:33:22.617Z","b","maker"
"0.66609","6549.86150000","2024-06-13T12:33:22.428Z","b","maker"
"0.66622","2009.54811109","2024-06-13T12:33:22.220Z","b","maker"
"0.66622","5999.99998891","2024-06-13T12:33:22.220Z","b","maker"
"0.66609","1081.07221109","2024-06-13T12:33:22.213Z","b","maker"
"0.66616","7032.00000000","2024-06-13T12:33:22.213Z","b","maker"
"0.66622","3424.45188891","2024-06-13T12:33:22.213Z","b","maker"
"0.66536","0.00005933","2024-06-13T12:33:22.209Z","b","maker"
"0.66608","391.83986992","2024-06-13T12:33:22.209Z","b","maker"
"0.66609","1931.92778891","2024-06-13T12:33:22.209Z","b","maker"
"0.66521","1425.00000000","2024-06-13T12:30:26.170Z","b","maker"
"0.66522","109.08715933","2024-06-13T12:30:26.170Z","b","maker"
"0.66536","1999.99994067","2024-06-13T12:30:26.170Z","b","maker"
"0.66361","100.00000000","2024-06-13T12:23:43.207Z","s","taker"
"0.66343","4546.13402835","2024-06-13T12:22:56.891Z","s","taker"
"0.66342","453.86597165","2024-06-13T12:22:56.891Z","s","taker"
"0.66390","0.00004022","2024-06-13T12:18:27.355Z","s","maker"
"0.66391","1425.00000000","2024-06-13T12:17:49.878Z","s","maker"
"0.66390","221.92170000","2024-06-13T12:17:49.878Z","s","maker"
"0.66420","0.00500000","2024-06-13T12:16:47.881Z","s","maker"
"0.66420","499.99500000","2024-06-13T12:16:47.879Z","s","maker"
"0.66420","8.68858322","2024-06-13T12:16:32.205Z","s","maker"
"0.66420","8509.69811968","2024-06-13T12:16:32.200Z","s","maker"
"0.66384","1425.00000000","2024-06-13T12:16:32.196Z","b","maker"
"0.66385","4544.55766088","2024-06-13T12:16:32.196Z","b","maker"
"0.66394","349.58743016","2024-06-13T12:16:32.196Z","b","maker"
"0.66395","218.17431867","2024-06-13T12:16:32.196Z","b","maker"
"0.66389","327.57510000","2024-06-13T12:15:44.751Z","s","maker"
"0.66389","1097.42490000","2024-06-13T12:15:44.751Z","s","maker"
"0.66388","0.00020000","2024-06-13T12:15:44.751Z","s","maker"
"0.66388","3834.35030000","2024-06-13T12:15:44.460Z","s","maker"
"0.66388","1004.87540000","2024-06-13T12:15:44.459Z","s","maker"
"0.66388","71.85560000","2024-06-13T12:15:44.459Z","s","maker"
"0.66388","88.91830000","2024-06-13T12:15:44.459Z","s","maker"
"0.66374","80.00000000","2024-06-13T12:15:09.250Z","b","maker"
"0.66375","414.21421821","2024-06-13T12:15:09.250Z","b","maker"
"0.66255","80.00000000","2024-06-13T12:14:27.117Z","s","taker"
"0.66339","1269.54000000","2024-06-13T12:03:22.403Z","b","maker"
"0.66340","354.39260000","2024-06-13T12:03:22.403Z","b","maker"
"0.66376","66.79000000","2024-06-13T12:00:04.931Z","b","maker"
"0.66401","88.67000000","2024-06-13T11:59:44.380Z","b","maker"
"0.66251","18.22150000","2024-06-13T11:58:48.836Z","s","taker"
"0.66269","100.00000000","2024-06-13T11:58:22.202Z","s","maker"
"0.66350","0.00005511","2024-06-13T11:57:59.238Z","s","maker"
"0.66350","3619.79700000","2024-06-13T11:55:58.466Z","s","maker"
"0.66350","2258.20292211","2024-06-13T11:53:31.258Z","s","maker"
"0.66350","6722.99997720","2024-06-13T11:53:21.638Z","s","maker"
"0.66350","0.00002280","2024-06-13T11:53:21.638Z","s","maker"
"0.66350","6722.99997720","2024-06-13T11:53:21.303Z","s","maker"
"0.66350","0.00002280","2024-06-13T11:53:21.303Z","s","maker"
"0.66350","6713.00007720","2024-06-13T11:53:21.254Z","s","maker"
"0.66350","0.00002280","2024-06-13T11:53:21.254Z","s","maker"
"0.66350","0.00007720","2024-06-13T11:53:21.248Z","s","maker"
"0.66350","9.99992280","2024-06-13T11:53:21.248Z","s","maker"
"0.66350","1544.82750000","2024-06-13T11:46:56.630Z","s","maker"
"0.66350","4277.59770000","2024-06-13T11:46:56.630Z","s","maker"
"0.66350","0.00013878","2024-06-13T11:46:56.624Z","s","maker"
"0.66350","900.57472280","2024-06-13T11:46:56.624Z","s","maker"
"0.66350","2194.65090000","2024-06-13T11:42:42.305Z","s","maker"
"0.66350","517.94493878","2024-06-13T11:42:42.304Z","s","maker"
"0.66350","4528.34896122","2024-06-13T11:42:42.304Z","s","maker"
"0.66350","18.72000000","2024-06-13T11:40:55.662Z","s","maker"
"0.66350","2257.98196625","2024-06-13T11:40:20.976Z","s","maker"
"0.66350","2258.04994806","2024-06-13T11:40:10.967Z","s","maker"
"0.66350","2258.03295222","2024-06-13T11:40:00.932Z","s","maker"
"0.66350","2257.65910852","2024-06-13T11:35:20.262Z","s","maker"
"0.66350","2257.52319605","2024-06-13T11:35:10.211Z","s","maker"
"0.66350","1083.50326012","2024-06-13T11:35:00.148Z","s","maker"
"0.66350","1174.08789012","2024-06-13T11:35:00.148Z","s","maker"
"0.66350","2257.52319605","2024-06-13T11:34:50.089Z","s","maker"
"0.66350","17.43000000","2024-06-13T11:33:32.589Z","s","maker"
"0.66350","1004.92470000","2024-06-13T11:33:24.283Z","s","maker"
"0.66350","2257.93098257","2024-06-13T11:31:11.385Z","s","maker"
"0.66350","3661.55876687","2024-06-13T11:31:08.277Z","s","maker"
"0.66350","101.68786126","2024-06-13T11:31:08.277Z","s","maker"
"0.66350","2257.94797687","2024-06-13T11:31:01.350Z","s","maker"
"0.66350","2959.75337187","2024-06-13T11:31:00.239Z","s","maker"
"0.66350","803.49325626","2024-06-13T11:31:00.239Z","s","maker"
"0.66350","3763.24662813","2024-06-13T11:30:52.194Z","s","maker"
"0.66350","600.75037960","2024-06-13T11:30:51.285Z","s","maker"
"0.66350","3762.99172894","2024-06-13T11:30:44.186Z","s","maker"
"0.66350","2257.79503736","2024-06-13T11:30:41.270Z","s","maker"
"0.66350","56.90619313","2024-06-13T11:30:36.183Z","s","maker"
"0.66350","101.46285409","2024-06-13T11:30:36.183Z","s","maker"
"0.66351","367.82000000","2024-06-13T11:30:31.187Z","s","maker"
"0.66350","1889.85609873","2024-06-13T11:30:31.187Z","s","maker"
"0.66380","367.82000000","2024-06-13T11:26:35.573Z","b","maker"
"0.66350","2184.00000000","2024-06-13T11:23:41.823Z","s","taker"
"0.66350","2257.50620814","2024-06-13T11:22:38.186Z","s","maker"
"0.66350","239.23150000","2024-06-13T11:21:49.014Z","s","maker"
"0.66352","17.72601921","2024-06-13T11:21:18.887Z","b","maker"
"0.66350","49.26000000","2024-06-13T11:20:53.962Z","s","maker"
"0.66352","213.56250965","2024-06-13T11:20:36.343Z","s","maker"
"0.66372","0.00011556","2024-06-13T11:12:43.443Z","s","maker"
"0.66373","1007.27000000","2024-06-13T11:12:39.619Z","s","maker"
"0.66372","235.18710000","2024-06-13T11:12:39.619Z","s","maker"
"0.66367","18.72000000","2024-06-13T11:12:16.389Z","s","maker"
"0.66367","98.52000000","2024-06-13T11:11:09.910Z","s","maker"
"0.66367","197.04000000","2024-06-13T11:10:48.521Z","s","maker"
"0.66370","98.52000000","2024-06-13T11:05:19.543Z","s","maker"
"0.66372","4.93000000","2024-06-13T11:04:49.040Z","s","maker"
"0.66395","1425.00000000","2024-06-13T10:56:08.115Z","b","maker"
"0.66396","0.00006088","2024-06-13T10:56:08.115Z","b","maker"
"0.66396","353.52723912","2024-06-13T10:56:08.115Z","b","maker"
"0.66396","4544.55760000","2024-06-13T10:56:07.630Z","b","maker"
"0.66396","4544.55760000","2024-06-13T10:56:07.140Z","b","maker"
"0.66396","4544.55760000","2024-06-13T10:56:06.607Z","b","maker"
"0.66353","2256.36860037","2024-06-13T10:55:59.835Z","s","maker"
"0.66351","2256.36860037","2024-06-13T10:55:49.765Z","s","maker"
"0.66353","2256.36860037","2024-06-13T10:55:39.741Z","s","maker"
"0.66351","2256.23284322","2024-06-13T10:55:29.698Z","s","maker"
"0.66366","222.00652332","2024-06-13T10:55:27.177Z","s","maker"
"0.66391","1330.42000000","2024-06-13T10:55:19.695Z","s","maker"
"0.66380","94.58000000","2024-06-13T10:55:01.747Z","s","maker"
"0.66386","3650.30007233","2024-06-13T10:54:51.711Z","b","maker"
"0.66387","4544.55762767","2024-06-13T10:54:51.711Z","b","maker"
"0.66351","295.57000000","2024-06-13T10:51:38.514Z","s","maker"
"0.66351","3888.27172474","2024-06-13T10:51:12.887Z","s","maker"
"0.66395","3.05000000","2024-06-13T10:40:38.958Z","b","maker"
"0.66390","3.05000000","2024-06-13T10:39:19.761Z","b","maker"
"0.66377","4508.54988564","2024-06-13T10:36:19.788Z","b","maker"
"0.66378","226.14951436","2024-06-13T10:36:19.788Z","b","maker"
"0.66374","225.94520000","2024-06-13T10:36:07.552Z","b","maker"
"0.66378","4508.79930000","2024-06-13T10:36:06.278Z","b","maker"
"0.66363","2255.48647084","2024-06-13T10:35:01.280Z","s","maker"
"0.66363","2255.48647084","2024-06-13T10:34:51.247Z","s","maker"
"0.66408","20.62212766","2024-06-13T10:34:33.492Z","b","maker"
"0.66391","4247.33402591","2024-06-13T10:32:35.128Z","b","maker"
"0.66391","4343.28010000","2024-06-13T10:32:34.556Z","b","maker"
"0.66390","6540.18810000","2024-06-13T10:32:25.514Z","b","maker"
"0.66390","2197.00570000","2024-06-13T10:32:25.509Z","b","maker"
"0.66390","4343.22590000","2024-06-13T10:32:25.501Z","b","maker"
"0.66391","1979.86580000","2024-06-13T10:32:25.490Z","b","maker"
"0.66391","1979.86580000","2024-06-13T10:32:25.347Z","b","maker"
"0.66393","5.08000000","2024-06-13T10:32:23.129Z","b","maker"
"0.66395","2196.81610000","2024-06-13T10:32:11.710Z","b","maker"
"0.66387","2196.94250000","2024-06-13T10:32:10.438Z","s","maker"
"0.66392","2196.84070000","2024-06-13T10:31:03.127Z","b","maker"
"0.66391","2076.57442954","2024-06-13T10:31:03.122Z","b","maker"
"0.66392","120.26617046","2024-06-13T10:31:03.122Z","b","maker"
"0.66391","2431.27250000","2024-06-13T10:31:03.108Z","b","maker"
"0.66391","1962.55110000","2024-06-13T10:31:02.540Z","b","maker"
"0.66391","2545.29580000","2024-06-13T10:31:02.230Z","b","maker"
"0.66385","1000.00000000","2024-06-13T10:30:47.721Z","s","maker"
"0.66365","100.00000000","2024-06-13T10:21:09.594Z","s","taker"
"0.66368","80.65481599","2024-06-13T10:21:01.946Z","s","maker"
"0.66367","116.38518401","2024-06-13T10:21:01.946Z","s","maker"
"0.66374","19.70000000","2024-06-13T10:17:53.466Z","s","maker"
"0.66395","606.76786145","2024-06-13T10:17:27.142Z","s","maker"
"0.66395","2255.23213856","2024-06-13T10:17:17.066Z","s","maker"
"0.66395","423.32536821","2024-06-13T10:13:18.254Z","s","maker"
"0.66395","2254.79143179","2024-06-13T10:13:08.169Z","s","maker"
"0.66395","688.88320000","2024-06-13T10:12:41.442Z","s","maker"
"0.66395","1143.09106268","2024-06-13T10:12:23.458Z","s","maker"
"0.66395","1111.95446866","2024-06-13T10:12:13.527Z","s","maker"
"0.66395","2223.90893731","2024-06-13T10:12:13.527Z","s","maker"
"0.66395","0.00013333","2024-06-13T10:12:13.453Z","s","maker"
"0.66395","2255.04553134","2024-06-13T10:12:13.453Z","s","maker"
"0.66395","80.85150000","2024-06-13T10:12:05.461Z","s","maker"
"0.66395","3276.14840000","2024-06-13T10:12:05.461Z","s","maker"
"0.66395","0.00003333","2024-06-13T10:12:05.456Z","s","maker"
"0.66395","9.99996667","2024-06-13T10:12:05.456Z","s","maker"
"0.66395","1112.09000000","2024-06-13T10:12:03.443Z","s","maker"
"0.66395","0.00010000","2024-06-13T10:12:03.435Z","s","maker"
"0.66395","2254.90996667","2024-06-13T10:12:03.435Z","s","maker"
"0.66395","3357.00000000","2024-06-13T10:11:57.216Z","s","maker"
"0.66395","0.00010000","2024-06-13T10:11:57.211Z","s","maker"
"0.66395","9.99990000","2024-06-13T10:11:57.211Z","s","maker"
"0.66395","3357.00000000","2024-06-13T10:11:53.402Z","s","maker"
"0.66395","0.00010000","2024-06-13T10:11:53.397Z","s","maker"
"0.66395","9.99990000","2024-06-13T10:11:53.397Z","s","maker"
"0.66395","3216.96260000","2024-06-13T10:11:23.694Z","s","maker"
"0.66395","3066.92510000","2024-06-13T10:11:23.618Z","s","maker"
"0.66395","150.03730000","2024-06-13T10:11:23.618Z","s","maker"
"0.66395","150.03750000","2024-06-13T10:11:23.613Z","s","maker"
"0.66395","77.21460000","2024-06-13T10:11:23.613Z","s","maker"
"0.66395","72.82280000","2024-06-13T10:11:23.613Z","s","maker"
"0.66395","150.03750000","2024-06-13T10:11:23.607Z","s","maker"
"0.66395","402.67360000","2024-06-13T10:10:01.508Z","s","maker"
"0.66395","2195.58010000","2024-06-13T10:10:01.508Z","s","maker"
"0.66395","618.70880000","2024-06-13T10:10:01.508Z","s","maker"
"0.66395","2147.33352916","2024-06-13T10:08:34.144Z","s","maker"
"0.66402","2262.97529273","2024-06-13T10:08:33.084Z","s","maker"
"0.66402","2254.96091401","2024-06-13T10:08:24.107Z","s","maker"
"0.66422","1035.81990000","2024-06-13T10:06:10.283Z","s","maker"
"0.66424","1035.81990000","2024-06-13T10:05:50.296Z","s","maker"
"0.66422","18.12180000","2024-06-13T10:05:44.289Z","s","maker"
"0.66414","2254.35089723","2024-06-13T10:05:16.383Z","s","maker"
"0.66430","1035.81999999","2024-06-13T10:05:06.164Z","s","maker"
"0.66493","245.31000000","2024-06-13T10:05:04.314Z","b","maker"
"0.66429","317.64590000","2024-06-13T10:04:56.238Z","s","maker"
"0.66428","0.00002777","2024-06-13T10:00:20.597Z","s","maker"
"0.66410","63.97997223","2024-06-13T10:00:20.597Z","s","maker"
"0.66483","2.03000000","2024-06-13T10:00:02.214Z","b","maker"
"0.66429","1035.82000000","2024-06-13T09:59:57.092Z","s","maker"
"0.66428","26.58030000","2024-06-13T09:59:57.092Z","s","maker"
"0.66483","4.06000000","2024-06-13T09:59:46.420Z","b","maker"
"0.66423","23.77425431","2024-06-13T09:59:20.902Z","s","maker"
"0.66429","1035.82000000","2024-06-13T09:58:34.015Z","s","maker"
"0.66428","26.58000000","2024-06-13T09:58:34.015Z","s","maker"
"0.66417","1035.82000000","2024-06-13T09:56:18.722Z","s","maker"
"0.66416","53.16020000","2024-06-13T09:56:18.722Z","s","maker"
"0.66413","1035.82000000","2024-06-13T09:54:51.592Z","s","maker"
"0.66412","106.32040000","2024-06-13T09:54:51.592Z","s","maker"
"0.66411","1035.82000000","2024-06-13T09:54:38.883Z","s","maker"
"0.66410","212.64050000","2024-06-13T09:54:38.883Z","s","maker"
"0.66446","1117.53092329","2024-06-13T09:54:08.481Z","b","maker"
"0.66447","466.28198402","2024-06-13T09:54:08.481Z","b","maker"
"0.66449","389.18000000","2024-06-13T09:54:08.481Z","b","maker"
"0.66460","425.28142777","2024-06-13T09:54:08.481Z","b","maker"
"0.66536","411.45469188","2024-06-13T09:54:08.481Z","b","maker"
"0.66537","2050.12097304","2024-06-13T09:54:08.481Z","b","maker"
"0.66403","98.52000000","2024-06-13T09:53:45.057Z","s","maker"
"0.66404","32.94000000","2024-06-13T09:52:56.821Z","s","maker"
"0.66398","98.52000000","2024-06-13T09:52:27.939Z","s","maker"
"0.66396","99.51000000","2024-06-13T09:52:08.475Z","s","maker"
"0.66396","147.78000000","2024-06-13T09:51:12.491Z","s","maker"
"0.66396","98.52000000","2024-06-13T09:50:47.752Z","s","maker"
"0.66396","47.16000000","2024-06-13T09:50:26.948Z","s","maker"
"0.66396","1035.82000000","2024-06-13T09:49:05.082Z","s","maker"
"0.66395","1219.66647084","2024-06-13T09:49:05.082Z","s","maker"
"0.66396","1035.81999999","2024-06-13T09:48:55.078Z","s","maker"
"0.66396","10.00000000","2024-06-13T09:41:55.906Z","s","taker"
"0.66415","1035.82000000","2024-06-13T09:39:07.213Z","s","maker"
"0.66414","163.85570000","2024-06-13T09:39:07.213Z","s","maker"
"0.66400","1035.82000000","2024-06-13T09:37:45.194Z","s","maker"
"0.66395","928.98934658","2024-06-13T09:37:45.194Z","s","maker"
"0.66400","1035.82000000","2024-06-13T09:37:35.150Z","s","maker"
"0.66395","1219.03922162","2024-06-13T09:37:35.150Z","s","maker"
"0.66410","1035.81999999","2024-06-13T09:37:25.108Z","s","maker"
"0.66408","1.22000000","2024-06-13T09:36:14.001Z","s","maker"
"0.66404","3.81000000","2024-06-13T09:35:16.393Z","s","maker"
"0.66396","11.66774651","2024-06-13T09:33:41.667Z","s","maker"
"0.66402","463.02929609","2024-06-13T09:33:03.363Z","s","maker"
"0.66402","197.04000000","2024-06-13T09:31:49.707Z","s","maker"
"0.66468","5.08000000","2024-06-13T09:31:27.922Z","b","maker"
"0.66402","35.00000000","2024-06-13T09:31:25.492Z","s","taker"
"0.66402","14.78000000","2024-06-13T09:31:00.637Z","s","maker"
"0.66396","1035.82000000","2024-06-13T09:28:50.244Z","s","maker"
"0.66395","1218.97143179","2024-06-13T09:28:50.244Z","s","maker"
"0.66396","1035.82000000","2024-06-13T09:28:40.225Z","s","maker"
"0.66395","721.31323093","2024-06-13T09:28:40.225Z","s","maker"
"0.66395","2254.75753840","2024-06-13T09:28:30.225Z","s","maker"
"0.66395","3367.00000000","2024-06-13T09:28:23.247Z","s","maker"
"0.66395","390.92923067","2024-06-13T09:28:23.247Z","s","maker"
"0.66398","1035.81999999","2024-06-13T09:28:20.199Z","s","maker"
"0.66424","610.82000000","2024-06-13T09:23:46.507Z","b","maker"
"0.66401","33.23919999","2024-06-13T09:21:04.306Z","s","maker"
"0.66401","35.70570000","2024-06-13T09:21:04.298Z","s","maker"
"0.66401","18.67510000","2024-06-13T09:21:04.266Z","s","maker"
"0.66401","30.20000000","2024-06-13T09:21:02.272Z","s","maker"
"0.66400","1000.00000000","2024-06-13T09:13:51.885Z","s","maker"
"0.66403","10139.89439999","2024-06-13T09:12:59.421Z","b","maker"
"0.66404","4521.52774991","2024-06-13T09:12:59.421Z","b","maker"
"0.66412","359.90835010","2024-06-13T09:12:59.421Z","b","maker"
"0.66406","2196.69230000","2024-06-13T09:12:56.328Z","b","maker"
"0.66406","2196.69240000","2024-06-13T09:12:56.024Z","b","maker"
"0.66406","2196.69990000","2024-06-13T09:12:56.002Z","b","maker"
"0.66408","2949.97030000","2024-06-13T09:12:53.692Z","b","maker"
"0.66412","2832.03350000","2024-06-13T09:12:07.153Z","b","maker"
"0.66415","402.57060000","2024-06-13T09:12:05.292Z","b","maker"
"0.66421","1328.06670000","2024-06-13T09:11:45.944Z","b","maker"
"0.66441","5.08000000","2024-06-13T09:11:22.970Z","b","maker"
"0.66415","753.05390000","2024-06-13T09:10:42.627Z","b","maker"
"0.66366","18.72000000","2024-06-13T09:08:00.955Z","s","maker"
"0.66395","45.97000000","2024-06-13T09:07:56.900Z","b","maker"
"0.66387","8.87000000","2024-06-13T08:59:43.432Z","s","maker"
"0.66387","18.28275409","2024-06-13T08:59:40.646Z","s","maker"
"0.66401","10.00000000","2024-06-13T08:58:41.450Z","b","taker"
"0.66423","5.08000000","2024-06-13T08:58:35.074Z","b","maker"
"0.66393","5.08000000","2024-06-13T08:58:15.694Z","b","maker"
"0.66366","2255.28300042","2024-06-13T08:51:51.258Z","s","maker"
"0.66365","2255.41864329","2024-06-13T08:51:41.247Z","s","maker"
"0.66363","1588.77765206","2024-06-13T08:51:31.233Z","s","maker"
"0.66351","9.85000000","2024-06-13T08:45:21.802Z","s","maker"
"0.66350","46.24000000","2024-06-13T08:36:03.925Z","s","maker"
"0.66350","493.62159451","2024-06-13T08:34:46.175Z","s","maker"
"0.66362","17.92670000","2024-06-13T08:33:34.309Z","s","maker"
"0.66362","28.31360000","2024-06-13T08:33:34.283Z","s","maker"
"0.66361","30.77950000","2024-06-13T08:33:29.287Z","s","maker"
"0.66377","47.63000000","2024-06-13T08:30:49.424Z","b","maker"
"0.66372","464.59450000","2024-06-13T08:30:36.663Z","b","maker"
"0.66381","545.25960000","2024-06-13T08:29:58.193Z","b","maker"
"0.66400","2658.21147637","2024-06-13T08:27:11.937Z","s","maker"
"0.66399","1065.38000000","2024-06-13T08:27:11.937Z","s","maker"
"0.66378","0.00002363","2024-06-13T08:27:11.937Z","s","maker"
"0.66379","47.16000000","2024-06-13T08:24:25.843Z","s","maker"
"0.66373","98.52000000","2024-06-13T08:24:22.637Z","s","maker"
"0.66435","74.10000000","2024-06-13T08:22:33.692Z","b","maker"
"0.66440","4.06000000","2024-06-13T08:21:51.342Z","b","maker"
"0.66403","2.03000000","2024-06-13T08:21:10.920Z","b","maker"
"0.66407","2.03000000","2024-06-13T08:20:55.289Z","b","maker"
"0.66409","10.15000000","2024-06-13T08:20:05.848Z","b","maker"
"0.66372","1065.37990000","2024-06-13T08:16:25.018Z","s","maker"
"0.66376","1065.38000000","2024-06-13T08:15:59.112Z","s","maker"
"0.66351","1132.72740000","2024-06-13T08:15:59.112Z","s","maker"
"0.66351","1626.64790000","2024-06-13T08:15:59.112Z","s","maker"
"0.66374","1065.38000000","2024-06-13T08:15:31.127Z","s","maker"
"0.66370","9.85000000","2024-06-13T08:14:30.288Z","s","maker"
"0.66376","0.00002771","2024-06-13T08:13:51.955Z","s","maker"
"0.66352","19.69997229","2024-06-13T08:13:51.955Z","s","maker"
"0.66377","1065.38000000","2024-06-13T08:13:47.065Z","s","maker"
"0.66376","225.31630000","2024-06-13T08:13:47.065Z","s","maker"
"0.66376","1065.37990000","2024-06-13T08:13:32.281Z","s","maker"
"0.66372","1065.38000000","2024-06-13T08:13:15.670Z","s","maker"
"0.66371","212.58575578","2024-06-13T08:13:15.670Z","s","maker"
"0.66368","1065.38000000","2024-06-13T08:13:08.322Z","s","maker"
"0.66385","0.00010000","2024-06-13T08:12:58.308Z","s","maker"
"0.66384","0.00013210","2024-06-13T08:12:58.308Z","s","maker"
"0.66385","1065.37990000","2024-06-13T08:12:13.434Z","s","maker"
"0.66385","1065.37990000","2024-06-13T08:11:43.716Z","s","maker"
"0.66385","1065.38000000","2024-06-13T08:11:03.614Z","s","maker"
"0.66384","210.64570000","2024-06-13T08:11:03.614Z","s","maker"
"0.66371","39.41000000","2024-06-13T08:10:11.559Z","s","maker"
"0.66426","359.62000000","2024-06-13T08:09:07.669Z","b","maker"
"0.66467","2675.12626865","2024-06-13T08:09:07.669Z","b","maker"
"0.66383","39.41000000","2024-06-13T08:07:04.676Z","s","maker"
"0.66385","1065.38000000","2024-06-13T08:06:54.323Z","s","maker"
"0.66376","1065.38000000","2024-06-13T08:06:44.205Z","s","maker"
"0.66375","216.34962291","2024-06-13T08:06:44.205Z","s","maker"
"0.66362","973.77380545","2024-06-13T08:06:44.205Z","s","maker"
"0.66367","1065.38000000","2024-06-13T08:06:34.170Z","s","maker"
"0.66366","1190.15734417","2024-06-13T08:06:34.170Z","s","maker"
"0.66367","1065.38000000","2024-06-13T08:06:29.223Z","s","maker"
"0.66366","2130.76000000","2024-06-13T08:06:29.223Z","s","maker"
"0.66364","1065.38000000","2024-06-13T08:06:24.106Z","s","maker"
"0.66363","1190.34389939","2024-06-13T08:06:24.106Z","s","maker"
"0.66365","2979.58975665","2024-06-13T08:06:19.079Z","s","maker"
"0.66364","780.06315219","2024-06-13T08:06:19.079Z","s","maker"
"0.66384","1065.38000000","2024-06-13T08:06:14.094Z","s","maker"
"0.66384","245.60894244","2024-06-13T08:06:14.094Z","s","maker"
"0.66394","39.41000000","2024-06-13T08:01:58.695Z","s","maker"
"0.66411","1065.38000000","2024-06-13T08:01:39.467Z","b","maker"
"0.66368","49.26000000","2024-06-13T08:00:54.694Z","s","maker"
"0.66358","118.29000000","2024-06-13T07:57:00.843Z","s","maker"
"0.66365","904.31427765","2024-06-13T07:56:24.542Z","s","maker"
"0.66364","1351.07045339","2024-06-13T07:56:24.542Z","s","maker"
"0.66365","2255.38473104","2024-06-13T07:56:14.498Z","s","maker"
"0.66366","942.85027175","2024-06-13T07:56:14.411Z","s","maker"
"0.66365","1885.70054350","2024-06-13T07:56:14.411Z","s","maker"
"0.66369","993.54278638","2024-06-13T07:56:04.489Z","s","maker"
"0.66368","1261.70630588","2024-06-13T07:56:04.489Z","s","maker"
"0.66368","1051.59325632","2024-06-13T07:56:02.397Z","s","maker"
"0.66367","2707.15523078","2024-06-13T07:56:02.397Z","s","maker"
"0.66367","2255.24909226","2024-06-13T07:55:54.453Z","s","maker"
"0.66368","1117.38249124","2024-06-13T07:55:54.355Z","s","maker"
"0.66367","2641.36599586","2024-06-13T07:55:54.355Z","s","maker"
"0.66375","1116.12297815","2024-06-13T07:55:46.292Z","s","maker"
"0.66374","2642.28646297","2024-06-13T07:55:46.292Z","s","maker"
"0.66374","1191.25813770","2024-06-13T07:55:44.275Z","s","maker"
"0.66374","1063.78752697","2024-06-13T07:55:44.275Z","s","maker"
"0.66375","1277.46062132","2024-06-13T07:55:42.243Z","s","maker"
"0.66374","1553.57531066","2024-06-13T07:55:42.243Z","s","maker"
"0.66376","3758.26819001","2024-06-13T07:55:38.278Z","s","maker"
"0.66377","2254.92701552","2024-06-13T07:55:34.255Z","s","maker"
"0.66425","1424.99990000","2024-06-13T07:51:59.069Z","s","maker"
"0.66432","1424.99990000","2024-06-13T07:50:19.865Z","b","maker"
"0.66406","305.42000000","2024-06-13T07:46:07.368Z","s","maker"
"0.66404","98.40999999","2024-06-13T07:45:25.198Z","s","maker"
"0.66459","98.41000000","2024-06-13T07:45:23.407Z","b","maker"
"0.66388","1467.36568781","2024-06-13T07:44:28.922Z","s","maker"
"0.66387","787.47658597","2024-06-13T07:44:28.922Z","s","maker"
"0.66391","1642.73665475","2024-06-13T07:44:18.879Z","s","maker"
"0.66386","1419.80148183","2024-06-13T07:44:07.223Z","s","maker"
"0.66386","59.11000000","2024-06-13T07:44:07.034Z","s","maker"
"0.66392","340.16139527","2024-06-13T07:43:17.304Z","s","maker"
"0.66391","1914.54530496","2024-06-13T07:43:17.304Z","s","maker"
"0.66394","1712.44583956","2024-06-13T07:43:13.351Z","s","maker"
"0.66388","1959.78365616","2024-06-13T07:43:07.302Z","s","maker"
"0.66387","294.97388224","2024-06-13T07:43:07.302Z","s","maker"
"0.66391","2478.97031077","2024-06-13T07:43:05.294Z","s","maker"
"0.66390","60.20153817","2024-06-13T07:43:05.294Z","s","maker"
"0.66389","1218.75738173","2024-06-13T07:43:05.294Z","s","maker"
"0.66396","3111.53558168","2024-06-13T07:42:58.116Z","s","maker"
"0.66395","2149.32810182","2024-06-13T07:42:58.116Z","s","maker"
"0.66399","590.59507118","2024-06-13T07:42:57.302Z","s","maker"
"0.66398","181.40790855","2024-06-13T07:42:57.302Z","s","maker"
"0.66396","90.69651382","2024-06-13T07:42:57.302Z","s","maker"
"0.66395","1391.95637080","2024-06-13T07:42:57.302Z","s","maker"
"0.66399","3757.75977393","2024-06-13T07:42:57.235Z","s","maker"
"0.66403","105.86329459","2024-06-13T07:42:52.099Z","s","maker"
"0.66402","3757.56209371","2024-06-13T07:42:49.158Z","s","maker"
"0.66400","2254.58808675","2024-06-13T07:42:47.166Z","s","maker"
"0.66416","4293.15082100","2024-06-13T07:42:41.433Z","s","maker"
"0.66416","5733.29759559","2024-06-13T07:42:41.433Z","s","maker"
"0.66416","5031.84973997","2024-06-13T07:42:41.433Z","s","maker"
"0.66416","2152.41048895","2024-06-13T07:42:41.433Z","s","maker"
"0.66416","3583.31954788","2024-06-13T07:42:41.433Z","s","maker"
"0.66425","1336.25000000","2024-06-13T07:42:41.432Z","s","maker"
"0.66416","5113.69363663","2024-06-13T07:42:41.432Z","s","maker"
"0.66407","59.11000000","2024-06-13T07:40:06.058Z","s","maker"
"0.66431","29.64000000","2024-06-13T07:40:02.485Z","s","maker"
"0.66467","336.83988362","2024-06-13T07:37:50.685Z","b","maker"
"0.66468","984.90803918","2024-06-13T07:37:50.685Z","b","maker"
"0.66469","889.46390770","2024-06-13T07:37:49.992Z","b","maker"
"0.66470","1621.40412021","2024-06-13T07:37:49.483Z","b","maker"
"0.66469","462.49685631","2024-06-13T07:37:49.467Z","b","maker"
"0.66470","703.97902074","2024-06-13T07:37:49.467Z","b","maker"
"0.66469","250.44420136","2024-06-13T07:37:49.455Z","b","maker"
"0.66469","253.29030096","2024-06-13T07:37:49.454Z","b","maker"
"0.66469","458.76864136","2024-06-13T07:37:49.454Z","b","maker"
"0.66451","1.02000000","2024-06-13T07:35:21.442Z","b","maker"
"0.66412","24.30000000","2024-06-13T07:34:48.911Z","s","maker"
"0.66453","4.06000000","2024-06-13T07:34:21.609Z","b","maker"
"0.66409","60.04614081","2024-06-13T07:33:51.273Z","s","maker"
"0.66405","238.93385919","2024-06-13T07:33:51.273Z","s","maker"
"0.66404","104.06000000","2024-06-13T07:33:16.667Z","s","maker"
"0.66440","1375.73990000","2024-06-13T07:28:28.000Z","s","maker"
"0.66426","311.15446835","2024-06-13T07:26:43.170Z","s","maker"
"0.66390","49.26000000","2024-06-13T07:18:52.798Z","s","maker"
"0.66393","49.26000000","2024-06-13T07:18:27.906Z","s","maker"
"0.66426","433.24990000","2024-06-13T07:17:30.242Z","b","maker"
"0.66357","379.06000000","2024-06-13T07:14:08.005Z","s","maker"
"0.66372","54.19000000","2024-06-13T06:53:29.156Z","s","maker"
"0.66403","1425.00000000","2024-06-13T06:52:44.543Z","b","maker"
"0.66404","361.05852847","2024-06-13T06:52:44.532Z","b","maker"
"0.66404","28.05865440","2024-06-13T06:52:44.462Z","b","maker"
"0.66404","28.31790677","2024-06-13T06:52:43.771Z","b","maker"
"0.66404","28.58090618","2024-06-13T06:52:43.040Z","b","maker"
"0.66404","28.84773588","2024-06-13T06:52:42.239Z","b","maker"
"0.66382","1425.00000000","2024-06-13T06:52:29.067Z","s","maker"
"0.66406","1425.00000000","2024-06-13T06:52:21.982Z","b","maker"
"0.66406","32.66481745","2024-06-13T06:52:10.223Z","b","maker"
"0.66393","616.34298796","2024-06-13T06:52:08.569Z","s","maker"
"0.66392","1193.15233410","2024-06-13T06:52:08.569Z","s","maker"
"0.66400","231.84766590","2024-06-13T06:46:20.660Z","s","maker"
"0.66414","294.58000000","2024-06-13T06:44:28.781Z","b","maker"
"0.66379","294.58000000","2024-06-13T06:44:06.710Z","s","maker"
"0.66410","1424.99999999","2024-06-13T06:41:58.441Z","b","maker"
"0.66384","1366.27999999","2024-06-13T06:32:22.699Z","s","maker"
"0.66375","616.51025008","2024-06-13T06:32:12.649Z","s","maker"