"price","volume","time","side","orderType"
"0.00422000","0.03600000","2023-06-08T15:38:42.045Z","sell","maker"
"0.00424000","0.04500000","2023-06-08T15:38:38.850Z","buy","taker"
"0.00409000","0.15200000","2023-06-08T15:38:08.589Z","sell","maker"
"0.00423000","0.15300000","2023-06-08T14:41:17.416Z","sell","maker"
"0.00423000","0.07100000","2023-06-08T14:41:17.411Z","buy","taker"
"0.00414000","0.04500000","2023-06-08T13:01:19.572Z","sell","maker"
"0.00414000","0.05500000","2023-06-08T13:01:19.572Z","sell","maker"
"0.00414000","0.10000000","2023-06-08T13:01:11.505Z","sell","maker"
"0.00423000","0.07100000","2023-06-08T10:49:51.143Z","sell","maker"
"0.00416000","0.03500000","2023-06-08T10:49:45.430Z","buy","taker"
"0.00417000","0.20500000","2023-06-08T10:49:45.419Z","buy","taker"
"0.00417000","0.12400000","2023-06-08T10:49:45.419Z","buy","taker"
"0.00405000","0.15600000","2023-06-08T10:49:43.512Z","sell","maker"
"0.00300000","0.08000000","2023-06-08T10:49:43.512Z","sell","maker"
"0.00200000","0.10000000","2023-06-08T10:49:43.512Z","sell","maker"
"0.00088000","2.50600000","2023-06-08T10:49:43.512Z","sell","maker"
"0.00419000","0.03600000","2023-06-08T10:49:38.765Z","sell","maker"
"0.00413000","0.14600000","2023-06-08T10:49:38.765Z","sell","maker"
"0.00388000","0.44800000","2023-06-08T10:49:38.765Z","sell","maker"
"0.00300000","0.02000000","2023-06-08T10:49:38.765Z","sell","maker"
"0.00423000","0.03600000","2023-06-08T09:37:51.151Z","sell","maker"
"0.00428000","0.03600000","2023-06-08T09:37:50.959Z","sell","maker"
"0.00430000","0.04500000","2023-06-08T09:37:49.482Z","buy","taker"
"0.00415000","0.08100000","2023-06-08T09:37:10.451Z","sell","maker"
"0.00422000","0.29700000","2023-06-08T06:57:07.376Z","sell","maker"
"0.00422000","0.24600000","2023-06-08T06:57:07.376Z","sell","maker"
"0.00422000","0.02600000","2023-06-08T06:57:07.371Z","buy","taker"
"0.00419000","0.03600000","2023-06-08T06:13:59.133Z","sell","maker"
"0.00422000","0.02700000","2023-06-08T03:37:08.955Z","sell","maker"
"0.00422000","0.04500000","2023-06-08T03:37:08.951Z","buy","taker"
"0.00422000","0.04600000","2023-06-08T03:37:07.113Z","sell","maker"
"0.00422000","0.03600000","2023-06-08T03:37:03.237Z","buy","taker"
"0.00425000","0.21600000","2023-06-08T03:37:03.237Z","buy","taker"
"0.00432000","0.13500000","2023-06-08T03:37:03.237Z","buy","taker"
"0.00440000","2.46700000","2023-06-08T03:37:03.237Z","buy","taker"
"0.00418000","0.03600000","2023-06-08T03:36:59.742Z","sell","maker"
"0.00415000","0.14500000","2023-06-08T03:36:59.742Z","sell","maker"
"0.00413000","0.01900000","2023-06-08T03:36:59.742Z","sell","maker"
"0.00422000","0.03600000","2023-06-08T03:20:57.324Z","sell","maker"
"0.00424000","0.04500000","2023-06-08T03:20:49.919Z","buy","taker"
"0.00424000","0.07100000","2023-06-08T03:20:49.561Z","buy","taker"
"0.00433000","0.07100000","2023-06-08T03:20:48.646Z","buy","taker"
"0.00436000","0.05700000","2023-06-08T03:20:48.646Z","buy","taker"
"0.00440000","0.00300000","2023-06-08T03:20:48.646Z","buy","taker"
"0.00420000","0.00500000","2023-06-08T03:10:44.497Z","sell","maker"
"0.00425000","0.07100000","2023-06-08T03:05:36.635Z","buy","taker"
"0.00435000","0.07100000","2023-06-08T03:05:32.379Z","buy","taker"
"0.00436000","0.05900000","2023-06-08T03:05:32.379Z","buy","taker"
"0.00420000","0.03100000","2023-06-08T03:00:34.171Z","sell","maker"
"0.00425000","0.03600000","2023-06-08T03:00:30.825Z","sell","maker"
"0.00427000","0.07100000","2023-06-08T03:00:26.434Z","buy","taker"
"0.00427000","0.04500000","2023-06-08T03:00:26.196Z","buy","taker"
"0.00427000","7.40900000","2023-06-08T03:00:23.769Z","buy","taker"
"0.00430000","0.15300000","2023-06-08T03:00:23.769Z","buy","taker"
"0.00433000","0.03600000","2023-06-08T03:00:23.769Z","buy","taker"
"0.00435000","0.07100000","2023-06-08T03:00:23.769Z","buy","taker"
"0.00440000","0.33200000","2023-06-08T03:00:23.769Z","buy","taker"
"0.00427000","0.13200000","2023-06-08T02:51:02.768Z","buy","taker"
"0.00427000","0.13200000","2023-06-08T02:51:01.962Z","buy","taker"
"0.00427000","0.07100000","2023-06-08T02:50:55.022Z","buy","taker"
"0.00418000","0.06200000","2023-06-08T02:50:46.111Z","buy","taker"
"0.00418000","0.26700000","2023-06-08T02:50:46.111Z","buy","taker"
"0.00081000","8.44900000","2023-06-08T02:50:43.769Z","sell","maker"
"0.00417000","0.03600000","2023-06-08T02:50:41.276Z","sell","maker"
"0.00412000","0.03700000","2023-06-08T02:50:41.276Z","sell","maker"
"0.00408000","0.22700000","2023-06-08T02:50:41.276Z","sell","maker"
"0.00408000","0.22700000","2023-06-08T02:50:41.276Z","sell","maker"
"0.00408000","0.09800000","2023-06-08T02:50:41.276Z","sell","maker"
"0.00405000","0.15600000","2023-06-08T02:50:41.276Z","sell","maker"
"0.00398000","0.47700000","2023-06-08T02:50:41.276Z","sell","maker"
"0.00300700","0.19900000","2023-06-08T02:50:41.276Z","sell","maker"
"0.00300000","0.10000000","2023-06-08T02:50:41.276Z","sell","maker"
"0.00213000","0.09700000","2023-06-08T02:50:41.276Z","sell","maker"
"0.00100000","0.10000000","2023-06-08T02:50:41.276Z","sell","maker"
"0.00081000","1.59700000","2023-06-08T02:50:41.276Z","sell","maker"
"0.00421000","0.03600000","2023-06-08T02:48:20.025Z","buy","taker"
"0.00421000","3.58900000","2023-06-08T02:48:20.025Z","buy","taker"
"0.00421000","0.03600000","2023-06-08T01:16:43.249Z","sell","maker"
"0.00423000","0.04500000","2023-06-08T01:16:38.932Z","buy","taker"
"0.00406000","0.15500000","2023-06-08T01:16:09.654Z","sell","maker"
"0.00417000","0.00300000","2023-06-08T01:05:43.492Z","buy","taker"
"0.00417000","0.90500000","2023-06-08T01:05:43.492Z","buy","taker"
"0.00417000","4.01100000","2023-06-08T01:05:41.869Z","buy","taker"
"0.00410000","0.03700000","2023-06-08T00:57:08.012Z","sell","maker"
"0.00407000","0.08500000","2023-06-08T00:57:08.012Z","sell","maker"
"0.00405000","1.63200000","2023-06-08T00:57:08.012Z","sell","maker"
"0.00417000","0.24900000","2023-06-08T00:55:57.760Z","buy","taker"
"0.00417000","0.03500000","2023-06-07T22:49:15.576Z","buy","taker"
"0.00417000","0.95300000","2023-06-07T22:49:15.576Z","buy","taker"
"0.00417000","0.03600000","2023-06-07T22:49:15.567Z","buy","taker"
"0.00417000","0.03600000","2023-06-07T22:49:15.558Z","buy","taker"
"0.00417000","0.03600000","2023-06-07T22:49:15.549Z","buy","taker"
"0.00417000","0.03600000","2023-06-07T22:49:15.541Z","buy","taker"
"0.00417000","0.03600000","2023-06-07T22:49:15.532Z","buy","taker"
"0.00417000","0.03600000","2023-06-07T22:49:15.524Z","buy","taker"
"0.00417000","0.03700000","2023-06-07T22:49:15.515Z","buy","taker"
"0.00417000","0.03700000","2023-06-07T22:49:15.506Z","buy","taker"
"0.00417000","0.03700000","2023-06-07T22:49:15.498Z","buy","taker"
"0.00417000","0.03700000","2023-06-07T22:49:15.490Z","buy","taker"
"0.00417000","0.03700000","2023-06-07T22:49:15.480Z","buy","taker"
"0.00417000","0.03700000","2023-06-07T22:49:15.471Z","buy","taker"
"0.00417000","0.03900000","2023-06-07T22:49:15.464Z","buy","taker"
"0.00417000","0.44600000","2023-06-07T22:49:15.460Z","buy","taker"
"0.00417000","0.04000000","2023-06-07T22:49:15.457Z","buy","taker"
"0.00413000","2.93000000","2023-06-07T22:48:07.397Z","sell","maker"
"0.00413000","0.14600000","2023-06-07T22:48:01.692Z","sell","maker"
"0.00415000","0.03700000","2023-06-07T22:47:51.554Z","sell","maker"
"0.00417000","0.19200000","2023-06-07T21:57:55.643Z","sell","maker"
"0.00417000","0.11200000","2023-06-07T21:56:49.144Z","sell","maker"
"0.00418000","0.02600000","2023-06-07T20:59:36.744Z","buy","taker"
"0.00417000","0.65800000","2023-06-07T20:45:18.028Z","sell","maker"
"0.00419000","0.03600000","2023-06-07T19:45:27.759Z","sell","maker"
"0.00417000","0.19000000","2023-06-07T19:45:27.759Z","sell","maker"
"0.00422000","0.07200000","2023-06-07T19:15:25.360Z","sell","maker"
"0.00422000","0.04600000","2023-06-07T19:15:24.019Z","sell","maker"
"0.00422000","7.36300000","2023-06-07T19:15:22.433Z","buy","taker"
"0.00430000","0.42400000","2023-06-07T19:15:22.433Z","buy","taker"
"0.00431000","0.33400000","2023-06-07T19:15:22.433Z","buy","taker"
"0.00431000","0.07100000","2023-06-07T19:15:22.433Z","buy","taker"
"0.00432000","0.09000000","2023-06-07T19:15:22.433Z","buy","taker"
"0.00433000","0.16700000","2023-06-07T19:15:22.433Z","buy","taker"
"0.00423000","0.07100000","2023-06-07T19:01:19.580Z","buy","taker"
"0.00424000","0.36900000","2023-06-07T19:01:16.858Z","buy","taker"
"0.00424000","0.19800000","2023-06-07T19:01:16.858Z","buy","taker"
"0.00405000","0.36600000","2023-06-07T17:12:56.836Z","sell","maker"
"0.00404000","0.44500000","2023-06-07T17:12:56.836Z","sell","maker"
"0.00411000","0.51000000","2023-06-07T16:13:42.685Z","buy","taker"
"0.00411000","0.00200000","2023-06-07T16:13:42.669Z","buy","taker"
"0.00411000","1.58600000","2023-06-07T16:13:42.669Z","buy","taker"
"0.00411000","0.29900000","2023-06-07T16:13:42.405Z","buy","taker"
"0.00411000","0.51000000","2023-06-07T16:13:42.345Z","buy","taker"
"0.00411000","1.07700000","2023-06-07T16:13:42.335Z","buy","taker"
"0.00411000","0.05200000","2023-06-07T16:13:42.319Z","buy","taker"
"0.00411000","0.05200000","2023-06-07T16:13:42.319Z","buy","taker"
"0.00411000","1.38300000","2023-06-07T16:13:42.319Z","buy","taker"
"0.00411000","0.05200000","2023-06-07T16:13:42.319Z","buy","taker"
"0.00411000","0.22400000","2023-06-07T16:13:42.315Z","sell","maker"
"0.00410000","1.95600000","2023-06-07T13:54:59.206Z","sell","maker"
"0.00416000","6.10000000","2023-06-07T13:32:04.877Z","sell","maker"
"0.00416000","0.70400000","2023-06-07T13:31:16.733Z","sell","maker"
"0.00416000","0.29600000","2023-06-07T13:31:16.732Z","sell","maker"
"0.00415000","1.45800000","2023-06-07T13:19:28.295Z","sell","maker"
"0.00415000","2.00700000","2023-06-07T13:19:28.149Z","sell","maker"
"0.00415000","0.85800000","2023-06-07T13:19:27.912Z","sell","maker"
"0.00415000","0.10100000","2023-06-07T13:12:48.135Z","sell","maker"
"0.00415000","0.02500000","2023-06-07T13:05:19.676Z","sell","maker"
"0.00420000","0.59500000","2023-06-07T12:42:18.774Z","buy","taker"
"0.00419000","0.02300000","2023-06-07T12:42:16.799Z","buy","taker"
"0.00421000","0.04500000","2023-06-07T12:42:16.799Z","buy","taker"
"0.00419000","0.13200000","2023-06-07T12:42:14.746Z","buy","taker"
"0.00410000","0.15400000","2023-06-07T12:42:12.977Z","sell","maker"
"0.00410000","1.31300000","2023-06-07T12:42:12.977Z","sell","maker"
"0.00414000","0.08700000","2023-06-07T12:42:12.856Z","sell","maker"
"0.00419000","0.31700000","2023-06-07T07:22:20.131Z","buy","taker"
"0.00419000","0.87600000","2023-06-07T07:22:20.125Z","buy","taker"
"0.00419000","0.02500000","2023-06-07T07:22:20.120Z","sell","maker"
"0.00419000","0.14400000","2023-06-07T07:22:20.120Z","sell","maker"
"0.00419000","0.12800000","2023-06-07T05:24:09.007Z","sell","maker"
"0.00423000","2.81400000","2023-06-07T03:13:00.220Z","sell","maker"
"0.00423000","2.81700000","2023-06-07T03:12:59.218Z","sell","maker"
"0.00423000","2.78100000","2023-06-07T03:12:58.214Z","sell","maker"
"0.00423000","3.20400000","2023-06-07T03:12:57.215Z","sell","maker"
"0.00425000","0.27200000","2023-06-07T02:08:02.828Z","buy","taker"
"0.00425000","1.84600000","2023-06-07T02:08:02.797Z","buy","taker"
"0.00422000","0.29600000","2023-06-07T02:08:02.797Z","sell","maker"
"0.00424000","0.03300000","2023-06-07T01:42:32.760Z","buy","taker"
"0.00425000","0.38100000","2023-06-07T01:26:31.071Z","buy","taker"
"0.00429000","0.34800000","2023-06-07T01:05:55.346Z","sell","maker"
"0.00426000","3.18900000","2023-06-07T01:03:56.080Z","sell","maker"
"0.00425000","0.78100000","2023-06-07T01:03:56.080Z","sell","maker"
"0.00428000","0.03300000","2023-06-07T01:02:26.161Z","sell","maker"
"0.00427000","0.02900000","2023-06-07T01:00:06.259Z","sell","maker"
"0.00427000","0.38100000","2023-06-07T00:59:13.977Z","sell","maker"
"0.00429000","0.03800000","2023-06-07T00:56:49.320Z","buy","taker"
"0.00426000","0.03300000","2023-06-07T00:55:49.863Z","sell","maker"
"0.00426000","0.31100000","2023-06-07T00:55:48.018Z","buy","taker"
"0.00425000","0.57600000","2023-06-07T00:55:34.162Z","sell","maker"
"0.00425000","0.30100000","2023-06-07T00:55:16.875Z","sell","maker"
"0.00425000","0.12900000","2023-06-07T00:55:15.302Z","buy","taker"
"0.00425000","0.02400000","2023-06-07T00:53:13.061Z","buy","taker"
"0.00424000","0.08000000","2023-06-07T00:50:21.803Z","sell","maker"
"0.00423000","1.16500000","2023-06-07T00:48:48.893Z","sell","maker"
"0.00422000","0.03300000","2023-06-07T00:48:41.622Z","sell","maker"
"0.00422000","3.11300000","2023-06-07T00:47:55.598Z","sell","maker"
"0.00422000","0.38100000","2023-06-07T00:47:42.620Z","sell","maker"
"0.00424000","0.13400000","2023-06-06T23:20:03.600Z","buy","taker"
"0.00424000","0.13400000","2023-06-06T23:20:02.600Z","buy","taker"
"0.00421000","0.41700000","2023-06-06T23:18:30.455Z","sell","maker"
"0.00420000","0.03300000","2023-06-06T23:17:40.409Z","sell","maker"
"0.00417000","0.03300000","2023-06-06T22:19:05.331Z","buy","taker"
"0.00414000","0.06800000","2023-06-06T22:10:39.022Z","sell","maker"
"0.00419000","0.15300000","2023-06-06T22:00:42.112Z","buy","taker"
"0.00423000","0.06100000","2023-06-06T22:00:40.988Z","buy","taker"
"0.00423000","0.17700000","2023-06-06T22:00:40.988Z","buy","taker"
"0.00424000","0.06900000","2023-06-06T22:00:40.988Z","buy","taker"
"0.00425000","0.15300000","2023-06-06T22:00:40.988Z","buy","taker"
"0.00425000","0.06300000","2023-06-06T22:00:40.988Z","buy","taker"
"0.00426000","0.07400000","2023-06-06T22:00:40.988Z","buy","taker"
"0.00419000","0.06900000","2023-06-06T21:30:46.985Z","buy","taker"
"0.00419000","0.08600000","2023-06-06T21:28:46.488Z","buy","taker"
"0.00418000","1.60200000","2023-06-06T21:26:45.202Z","sell","maker"
"0.00414000","0.15500000","2023-06-06T21:26:30.023Z","sell","maker"
"0.00412000","0.17600000","2023-06-06T21:26:30.023Z","sell","maker"
"0.00411000","0.09600000","2023-06-06T21:26:30.023Z","sell","maker"
"0.00423000","0.13700000","2023-06-06T20:28:17.699Z","buy","taker"
"0.00420000","0.33400000","2023-06-06T20:28:13.445Z","sell","maker"
"0.00419000","0.03300000","2023-06-06T20:23:53.290Z","sell","maker"
"0.00419000","0.04000000","2023-06-06T20:11:51.925Z","buy","taker"
"0.00422000","0.06200000","2023-06-06T20:11:51.925Z","buy","taker"
"0.00412000","0.11500000","2023-06-06T20:09:32.186Z","sell","maker"
"0.00419000","0.11500000","2023-06-06T20:01:46.988Z","buy","taker"
"0.00415000","1.72800000","2023-06-06T20:00:48.080Z","sell","maker"
"0.00414000","0.11900000","2023-06-06T19:31:45.931Z","sell","maker"
"0.00414000","0.06100000","2023-06-06T19:31:45.931Z","sell","maker"
"0.00414000","0.03600000","2023-06-06T17:51:41.925Z","sell","maker"
"0.00417000","0.57600000","2023-06-06T17:48:21.083Z","buy","taker"
"0.00416000","0.33400000","2023-06-06T17:37:22.443Z","buy","taker"
"0.00417000","0.08000000","2023-06-06T17:27:52.118Z","buy","taker"
"0.00418000","0.30100000","2023-06-06T17:21:26.864Z","buy","taker"
"0.00419000","0.03300000","2023-06-06T17:11:36.510Z","buy","taker"
"0.00420000","0.38100000","2023-06-06T17:00:22.133Z","buy","taker"
"0.00421000","0.03300000","2023-06-06T16:03:59.045Z","buy","taker"
"0.00419000","0.44000000","2023-06-06T15:53:35.146Z","sell","maker"
"0.00420000","0.15700000","2023-06-06T15:50:16.853Z","sell","maker"
"0.00420000","0.15500000","2023-06-06T15:50:16.614Z","sell","maker"
"0.00419000","0.15300000","2023-06-06T15:50:15.389Z","sell","maker"
"0.00419000","0.14400000","2023-06-06T15:50:15.389Z","sell","maker"
"0.00415000","0.18200000","2023-06-06T15:50:15.389Z","sell","maker"
"0.00414000","0.15500000","2023-06-06T15:50:15.389Z","sell","maker"
"0.00410000","0.44100000","2023-06-06T15:50:15.389Z","sell","maker"
"0.00409000","0.08300000","2023-06-06T15:50:15.389Z","sell","maker"
"0.00409000","0.05400000","2023-06-06T15:50:15.389Z","sell","maker"
"0.00402000","0.08200000","2023-06-06T15:50:15.389Z","sell","maker"
"0.00421000","0.46700000","2023-06-06T15:34:08.863Z","sell","maker"
"0.00420000","0.18900000","2023-06-06T15:03:11.149Z","sell","maker"
"0.00422000","0.06200000","2023-06-06T13:40:54.626Z","sell","maker"
"0.00424000","0.17300000","2023-06-06T12:02:51.903Z","buy","taker"
"0.00424000","0.19500000","2023-06-06T11:42:27.930Z","sell","maker"
"0.00428000","0.07100000","2023-06-06T08:30:08.998Z","buy","taker"
"0.00426000","0.42500000","2023-06-06T08:29:01.040Z","buy","taker"
"0.00426000","0.05300000","2023-06-06T08:29:01.040Z","buy","taker"
"0.00426000","0.21600000","2023-06-06T08:29:01.040Z","buy","taker"
"0.00425000","0.17300000","2023-06-06T08:28:58.956Z","sell","maker"
"0.00425000","0.03900000","2023-06-06T08:28:57.826Z","buy","taker"
"0.00425000","0.05700000","2023-06-06T08:28:57.817Z","buy","taker"
"0.00425000","0.05700000","2023-06-06T08:28:57.808Z","buy","taker"
"0.00424000","0.15500000","2023-06-06T04:29:07.682Z","sell","maker"
"0.00424000","0.75800000","2023-06-06T04:29:07.347Z","sell","maker"
"0.00424000","1.82400000","2023-06-06T04:29:07.292Z","sell","maker"
"0.00417000","0.18200000","2023-06-06T04:29:06.729Z","sell","maker"
"0.00416000","0.14500000","2023-06-06T04:29:06.729Z","sell","maker"
"0.00414000","0.15500000","2023-06-06T04:29:06.729Z","sell","maker"
"0.00409000","0.07400000","2023-06-06T04:29:06.729Z","sell","maker"
"0.00425000","0.07100000","2023-06-06T00:28:45.422Z","buy","taker"
"0.00423000","0.33900000","2023-06-06T00:27:52.994Z","buy","taker"
"0.00420000","0.15700000","2023-06-05T23:26:40.961Z","sell","maker"
"0.00420000","0.15500000","2023-06-05T23:26:40.545Z","sell","maker"
"0.00415000","0.18300000","2023-06-05T23:26:39.507Z","sell","maker"
"0.00414000","0.15500000","2023-06-05T23:26:39.507Z","sell","maker"
"0.00409000","0.15700000","2023-06-05T23:26:39.507Z","sell","maker"
"0.00409000","0.04300000","2023-06-05T23:26:39.507Z","sell","maker"
"0.00403000","0.37100000","2023-06-05T23:26:39.507Z","sell","maker"
"0.00423000","0.03100000","2023-06-05T22:11:21.533Z","buy","taker"
"0.00421000","0.11300000","2023-06-05T21:48:45.686Z","sell","maker"
"0.00416000","0.18500000","2023-06-05T21:46:53.241Z","sell","maker"
"0.00405000","0.02500000","2023-06-05T21:46:53.241Z","sell","maker"
"0.00404000","0.46200000","2023-06-05T21:46:53.241Z","sell","maker"
"0.00403000","0.42800000","2023-06-05T21:46:53.241Z","sell","maker"
"0.00420000","0.15700000","2023-06-05T21:35:06.004Z","sell","maker"
"0.00420000","0.15500000","2023-06-05T21:35:05.665Z","sell","maker"
"0.00415000","0.18500000","2023-06-05T21:35:04.507Z","sell","maker"
"0.00414000","0.15500000","2023-06-05T21:35:04.507Z","sell","maker"
"0.00411000","0.75500000","2023-06-05T21:35:04.507Z","sell","maker"
"0.00409000","0.15700000","2023-06-05T21:35:04.507Z","sell","maker"
"0.00409000","0.02500000","2023-06-05T21:35:04.507Z","sell","maker"
"0.00409000","0.15500000","2023-06-05T21:35:04.507Z","sell","maker"
"0.00404000","0.05700000","2023-06-05T21:35:04.507Z","sell","maker"
"0.00403000","0.74800000","2023-06-05T21:35:04.507Z","sell","maker"
"0.00417000","0.05100000","2023-06-05T21:04:50.552Z","sell","maker"
"0.00421000","0.15500000","2023-06-05T21:03:11.672Z","sell","maker"
"0.00419000","0.04200000","2023-06-05T21:03:10.486Z","sell","maker"
"0.00417000","0.14400000","2023-06-05T21:03:10.486Z","sell","maker"
"0.00417000","0.18400000","2023-06-05T21:03:10.486Z","sell","maker"
"0.00414000","0.02500000","2023-06-05T21:03:10.486Z","sell","maker"
"0.00414000","0.15500000","2023-06-05T21:03:10.486Z","sell","maker"
"0.00411000","0.09600000","2023-06-05T21:03:10.486Z","sell","maker"
"0.00425000","0.02300000","2023-06-05T20:01:15.339Z","sell","maker"
"0.00425000","0.12800000","2023-06-05T19:54:54.643Z","sell","maker"
"0.00426000","0.07100000","2023-06-05T19:54:54.484Z","buy","taker"
"0.00429000","0.21500000","2023-06-05T19:54:52.452Z","buy","taker"
"0.00429000","0.05500000","2023-06-05T19:54:52.452Z","buy","taker"
"0.00430000","0.06500000","2023-06-05T19:54:52.452Z","buy","taker"
"0.00431000","0.08100000","2023-06-05T19:54:52.452Z","buy","taker"
"0.00419000","0.11100000","2023-06-05T19:32:05.795Z","sell","maker"
"0.00425000","0.00200000","2023-06-05T19:03:51.320Z","buy","taker"
"0.00425000","0.15300000","2023-06-05T19:03:51.316Z","buy","taker"
"0.00425000","0.96700000","2023-06-05T19:03:51.316Z","buy","taker"
"0.00424000","0.08000000","2023-06-05T19:00:08.672Z","sell","maker"
"0.00423000","0.03300000","2023-06-05T18:56:47.540Z","sell","maker"
"0.00421000","3.21600000","2023-06-05T17:45:16.978Z","sell","maker"
"0.00420000","0.51600000","2023-06-05T17:45:16.978Z","sell","maker"
"0.00421000","0.15700000","2023-06-05T17:33:32.993Z","sell","maker"
"0.00421000","0.15500000","2023-06-05T17:33:32.850Z","sell","maker"
"0.00421000","0.11400000","2023-06-05T17:33:31.606Z","sell","maker"
"0.00419000","0.15300000","2023-06-05T17:33:31.586Z","sell","maker"
"0.00418000","0.14400000","2023-06-05T17:33:31.586Z","sell","maker"
"0.00418000","0.02400000","2023-06-05T17:33:31.586Z","sell","maker"
"0.00417000","0.03600000","2023-06-05T17:33:31.586Z","sell","maker"
"0.00417000","0.18400000","2023-06-05T17:33:31.586Z","sell","maker"
"0.00415000","0.08200000","2023-06-05T17:33:31.586Z","sell","maker"
"0.00414000","0.15500000","2023-06-05T17:33:31.586Z","sell","maker"
"0.00414000","0.08200000","2023-06-05T17:33:31.586Z","sell","maker"
"0.00413000","0.97200000","2023-06-05T17:33:31.586Z","sell","maker"
"0.00412000","0.05600000","2023-06-05T17:33:31.586Z","sell","maker"
"0.00410000","2.16000000","2023-06-05T17:33:31.586Z","sell","maker"
"0.00409000","0.26700000","2023-06-05T17:33:31.586Z","sell","maker"
"0.00409000","0.15700000","2023-06-05T17:33:31.586Z","sell","maker"
"0.00409000","0.06500000","2023-06-05T17:33:31.586Z","sell","maker"
"0.00409000","0.02700000","2023-06-05T17:33:31.586Z","sell","maker"
"0.00420000","0.38100000","2023-06-05T16:01:54.515Z","buy","taker"
"0.00420000","0.04000000","2023-06-05T16:00:32.624Z","sell","maker"
"0.00420000","0.76200000","2023-06-05T16:00:09.023Z","sell","maker"
"0.00421000","0.03300000","2023-06-05T15:58:27.258Z","buy","taker"
"0.00423000","0.38100000","2023-06-05T15:07:53.584Z","buy","taker"
"0.00424000","0.03000000","2023-06-05T15:07:02.360Z","buy","taker"
"0.00424000","0.03300000","2023-06-05T15:05:34.438Z","buy","taker"
"0.00430000","0.08600000","2023-06-05T13:45:43.907Z","buy","taker"
"0.00422000","0.52400000","2023-06-05T12:40:19.790Z","sell","maker"
"0.00422000","0.02400000","2023-06-05T12:40:19.790Z","sell","maker"
"0.00421000","0.03600000","2023-06-05T12:40:19.790Z","sell","maker"
"0.00420000","0.15300000","2023-06-05T12:40:19.790Z","sell","maker"
"0.00426000","0.05100000","2023-06-05T09:17:12.804Z","buy","taker"
"0.00425000","0.38100000","2023-06-05T07:12:03.498Z","buy","taker"
"0.00425000","0.15100000","2023-06-05T07:07:15.405Z","sell","maker"
"0.00427000","0.14900000","2023-06-05T06:32:56.353Z","buy","taker"
"0.00427000","0.07100000","2023-06-05T06:32:56.157Z","buy","taker"
"0.00430000","0.15100000","2023-06-05T06:32:54.943Z","buy","taker"
"0.00431000","0.08000000","2023-06-05T06:32:54.943Z","buy","taker"
"0.00432000","0.03100000","2023-06-05T06:32:54.943Z","buy","taker"
"0.00432000","0.08000000","2023-06-05T06:32:54.943Z","buy","taker"
"0.00432000","0.17500000","2023-06-05T06:32:54.943Z","buy","taker"
"0.00435000","0.14800000","2023-06-05T06:32:54.943Z","buy","taker"
"0.00437000","0.46700000","2023-06-05T06:32:54.943Z","buy","taker"
"0.00439000","0.06200000","2023-06-05T06:32:54.943Z","buy","taker"
"0.00425000","0.05300000","2023-06-05T02:50:18.826Z","sell","maker"
"0.00426000","0.00100000","2023-06-05T02:48:22.509Z","sell","maker"
"0.00426000","0.03500000","2023-06-05T02:47:43.253Z","sell","maker"
"0.00428000","0.04500000","2023-06-05T01:42:11.761Z","buy","taker"
"0.00425000","0.01400000","2023-06-05T01:42:01.849Z","sell","maker"
"0.00425000","0.08300000","2023-06-05T01:42:01.849Z","sell","maker"
"0.00425000","0.39800000","2023-06-05T01:40:09.485Z","sell","maker"
"0.00425000","0.15100000","2023-06-05T00:02:16.923Z","sell","maker"
"0.00425000","0.01100000","2023-06-05T00:02:16.923Z","sell","maker"
"0.00425000","2.81300000","2023-06-04T23:35:04.492Z","sell","maker"
"0.00425000","3.12600000","2023-06-04T23:35:04.492Z","sell","maker"
"0.00429000","0.05500000","2023-06-04T23:32:13.986Z","buy","taker"
"0.00430000","0.07300000","2023-06-04T23:32:13.986Z","buy","taker"
"0.00432000","0.04000000","2023-06-04T23:32:13.986Z","buy","taker"
"0.00430000","0.07800000","2023-06-04T19:43:04.930Z","buy","taker"
"0.00427000","0.18400000","2023-06-04T18:51:55.534Z","sell","maker"
"0.00428000","0.81100000","2023-06-04T16:12:55.872Z","sell","maker"
"0.00428000","0.53300000","2023-06-04T16:06:36.216Z","sell","maker"
"0.00428000","0.02700000","2023-06-04T15:39:57.423Z","sell","maker"
"0.00423000","0.14200000","2023-06-04T15:39:57.423Z","sell","maker"
"0.00423000","0.17100000","2023-06-04T15:39:57.423Z","sell","maker"
"0.00422000","1.10100000","2023-06-04T15:39:57.423Z","sell","maker"
"0.00429000","1.71900000","2023-06-04T14:32:05.599Z","buy","taker"
"0.00429000","0.46700000","2023-06-04T14:31:40.503Z","buy","taker"
"0.00423000","0.28100000","2023-06-04T14:25:17.125Z","sell","maker"
"0.00423000","0.04800000","2023-06-04T14:25:17.125Z","sell","maker"
"0.00429000","0.18600000","2023-06-04T13:31:44.701Z","buy","taker"
"0.00427000","0.02400000","2023-06-04T13:31:40.589Z","sell","maker"
"0.00427000","0.95600000","2023-06-04T13:31:40.589Z","sell","maker"
"0.00425000","0.15100000","2023-06-04T13:31:40.589Z","sell","maker"
"0.00423000","1.04700000","2023-06-04T13:31:40.589Z","sell","maker"
"0.00423000","0.19200000","2023-06-04T13:31:40.589Z","sell","maker"
"0.00431000","0.18700000","2023-06-04T08:05:03.649Z","buy","taker"
"0.00430000","0.09400000","2023-06-04T08:05:03.563Z","sell","maker"
"0.00430000","0.57500000","2023-06-04T08:05:03.231Z","sell","maker"
"0.00430000","0.07400000","2023-06-04T08:05:03.227Z","buy","taker"
"0.00430000","0.14900000","2023-06-04T08:05:03.227Z","buy","taker"
"0.00430000","0.06000000","2023-06-04T08:05:03.072Z","buy","taker"
"0.00430000","0.52500000","2023-06-04T08:05:02.965Z","buy","taker"
"0.00429000","0.34800000","2023-06-04T07:39:40.542Z","sell","maker"
"0.00429000","0.09700000","2023-06-04T07:20:46.940Z","buy","taker"
"0.00428000","0.03300000","2023-06-04T07:20:46.934Z","sell","maker"
"0.00428000","0.96600000","2023-06-04T07:20:44.370Z","buy","taker"
"0.00428000","0.75000000","2023-06-04T07:20:44.365Z","buy","taker"
"0.00427000","0.38100000","2023-06-04T07:15:53.687Z","sell","maker"
"0.00425000","1.59100000","2023-06-04T06:55:59.646Z","sell","maker"
"0.00425000","0.28700000","2023-06-04T06:55:59.585Z","sell","maker"
"0.00426000","0.03300000","2023-06-04T06:52:06.027Z","sell","maker"
"0.00426000","0.01500000","2023-06-04T06:52:04.660Z","buy","taker"
"0.00426000","0.03900000","2023-06-04T06:52:04.651Z","buy","taker"
"0.00426000","0.02900000","2023-06-04T06:52:04.642Z","buy","taker"
"0.00426000","0.01000000","2023-06-04T06:52:04.642Z","buy","taker"
"0.00426000","0.04000000","2023-06-04T06:52:04.634Z","buy","taker"
"0.00425000","0.00100000","2023-06-04T05:08:51.001Z","buy","taker"
"0.00425000","0.48400000","2023-06-04T04:55:48.848Z","buy","taker"
"0.00425000","0.15100000","2023-06-04T04:55:48.848Z","buy","taker"
"0.00425000","0.11500000","2023-06-04T04:55:48.848Z","buy","taker"
"0.00425000","1.00000000","2023-06-04T04:55:47.839Z","buy","taker"
"0.00424000","0.49500000","2023-06-04T04:06:21.435Z","sell","maker"
"0.00423000","0.04500000","2023-06-04T04:06:21.435Z","sell","maker"
"0.00424000","0.46700000","2023-06-04T03:17:36.906Z","buy","taker"
"0.00424000","0.06400000","2023-06-04T03:17:36.906Z","buy","taker"
"0.00424000","0.50000000","2023-06-03T23:54:51.894Z","buy","taker"
"0.00424000","0.07100000","2023-06-03T23:54:08.776Z","buy","taker"
"0.00424000","0.30900000","2023-06-03T23:54:05.974Z","buy","taker"
"0.00424000","0.19100000","2023-06-03T23:54:05.974Z","buy","taker"
"0.00424000","0.06000000","2023-06-03T20:55:36.911Z","buy","taker"
"0.00417000","0.06300000","2023-06-03T20:22:48.107Z","sell","maker"
"0.00421000","0.49500000","2023-06-03T19:49:26.188Z","sell","maker"
"0.00420000","3.11900000","2023-06-03T19:49:26.188Z","sell","maker"
"0.00421000","3.61400000","2023-06-03T19:49:25.189Z","sell","maker"
"0.00421000","0.15500000","2023-06-03T19:49:23.729Z","sell","maker"
"0.00421000","0.99000000","2023-06-03T19:49:23.190Z","sell","maker"
"0.00416000","0.17400000","2023-06-03T19:49:23.190Z","sell","maker"
"0.00415000","0.69900000","2023-06-03T19:49:23.190Z","sell","maker"
"0.00415000","0.02900000","2023-06-03T19:49:23.190Z","sell","maker"
"0.00414000","0.15500000","2023-06-03T19:49:23.190Z","sell","maker"
"0.00412000","0.42500000","2023-06-03T19:49:23.190Z","sell","maker"
"0.00412000","0.06600000","2023-06-03T19:49:23.190Z","sell","maker"
"0.00411000","0.53300000","2023-06-03T19:49:23.190Z","sell","maker"
"0.00410000","0.15400000","2023-06-03T19:49:23.190Z","sell","maker"
"0.00409000","0.39000000","2023-06-03T19:49:23.190Z","sell","maker"
"0.00425000","0.17000000","2023-06-03T15:04:42.288Z","buy","taker"
"0.00422000","0.48900000","2023-06-03T10:06:26.705Z","sell","maker"
"0.00421000","0.07000000","2023-06-02T20:44:07.823Z","sell","maker"
"0.00425000","1.01700000","2023-06-02T20:43:25.625Z","buy","taker"
"0.00425000","0.06000000","2023-06-02T20:27:04.188Z","buy","taker"
"0.00425000","0.01700000","2023-06-02T20:27:04.188Z","buy","taker"
"0.00420000","0.98000000","2023-06-02T20:23:25.250Z","sell","maker"
"0.00419000","3.18500000","2023-06-02T20:23:25.250Z","sell","maker"
"0.00418000","0.07200000","2023-06-02T20:23:25.250Z","sell","maker"
"0.00418000","0.14400000","2023-06-02T20:23:25.250Z","sell","maker"
"0.00418000","1.41400000","2023-06-02T20:23:25.250Z","sell","maker"
"0.00419000","3.18800000","2023-06-02T20:23:11.536Z","sell","maker"
"0.00419000","0.06000000","2023-06-02T20:23:11.536Z","sell","maker"
"0.00419000","0.02900000","2023-06-02T20:23:11.536Z","sell","maker"
"0.00418000","1.06000000","2023-06-02T20:23:11.536Z","sell","maker"
"0.00418000","0.47900000","2023-06-02T20:23:11.536Z","sell","maker"
"0.00418000","0.19200000","2023-06-02T20:23:11.536Z","sell","maker"
"0.00418000","1.73000000","2023-06-02T20:23:11.536Z","sell","maker"
"0.00428000","0.05800000","2023-06-02T17:01:57.752Z","buy","taker"
"0.00429000","0.06400000","2023-06-02T17:01:57.752Z","buy","taker"
"0.00423000","0.02400000","2023-06-02T13:17:46.869Z","buy","taker"
"0.00423000","0.00300000","2023-06-02T12:30:10.142Z","buy","taker"
"0.00423000","2.55400000","2023-06-02T12:30:10.115Z","buy","taker"
"0.00423000","1.42400000","2023-06-02T12:30:10.074Z","buy","taker"
"0.00421000","0.41800000","2023-06-02T10:33:15.969Z","sell","maker"
"0.00421000","0.02900000","2023-06-02T05:42:50.575Z","sell","maker"
"0.00423000","0.38100000","2023-06-02T05:42:28.554Z","buy","taker"
"0.00424000","0.03300000","2023-06-02T05:08:12.325Z","buy","taker"
"0.00424000","0.02900000","2023-06-02T05:07:14.291Z","sell","maker"
"0.00425000","0.02900000","2023-06-02T05:07:14.285Z","buy","taker"
"0.00428000","0.61200000","2023-06-02T02:46:59.533Z","buy","taker"
"0.00427000","0.38100000","2023-06-02T02:46:59.494Z","sell","maker"
"0.00428000","0.02900000","2023-06-02T02:38:00.411Z","buy","taker"
"0.00428000","0.03800000","2023-06-02T02:32:14.488Z","buy","taker"
"0.00425000","0.23900000","2023-06-02T02:32:12.985Z","sell","maker"
"0.00426000","0.03300000","2023-06-02T02:31:14.706Z","sell","maker"
"0.00425000","0.30100000","2023-06-02T02:31:09.724Z","sell","maker"
"0.00426000","0.07200000","2023-06-02T02:31:08.849Z","buy","taker"
"0.00425000","0.09500000","2023-06-02T01:12:39.348Z","buy","taker"
"0.00425000","0.88600000","2023-06-02T01:12:38.436Z","buy","taker"
"0.00425000","0.53100000","2023-06-02T01:12:38.374Z","buy","taker"
"0.00425000","0.06100000","2023-06-02T01:12:38.158Z","buy","taker"
"0.00423000","1.59100000","2023-06-02T00:28:14.723Z","sell","maker"
"0.00425000","1.06700000","2023-06-02T00:27:11.280Z","sell","maker"
"0.00425000","0.06000000","2023-06-02T00:27:11.276Z","buy","taker"
"0.00424000","0.08400000","2023-06-02T00:26:18.488Z","sell","maker"
"0.00424000","0.08000000","2023-06-02T00:26:18.138Z","sell","maker"
"0.00424000","0.40800000","2023-06-02T00:26:14.587Z","buy","taker"
"0.00423000","0.03300000","2023-06-02T00:25:26.111Z","sell","maker"
"0.00422000","0.06800000","2023-06-01T23:48:25.701Z","sell","maker"
"0.00424000","0.49300000","2023-06-01T23:38:25.807Z","buy","taker"
"0.00421000","0.06200000","2023-06-01T23:26:40.713Z","sell","maker"
"0.00422000","0.09600000","2023-06-01T23:26:39.219Z","sell","maker"
"0.00422000","0.38100000","2023-06-01T23:26:09.215Z","sell","maker"
"0.00423000","0.05600000","2023-06-01T19:35:48.988Z","buy","taker"
"0.00424000","0.41200000","2023-06-01T19:35:48.988Z","buy","taker"
"0.00420000","0.34900000","2023-06-01T19:34:11.811Z","sell","maker"
"0.00420000","0.07300000","2023-06-01T19:34:11.677Z","sell","maker"
"0.00420000","0.08400000","2023-06-01T17:00:27.470Z","buy","taker"
"0.00421000","0.06500000","2023-06-01T16:46:17.313Z","buy","taker"
"0.00420000","0.08500000","2023-06-01T12:22:17.119Z","sell","maker"
"0.00421000","0.02400000","2023-06-01T07:09:49.564Z","buy","taker"
"0.00420000","0.33400000","2023-06-01T04:25:18.822Z","sell","maker"
"0.00419000","0.44000000","2023-06-01T02:50:19.514Z","sell","maker"
"0.00419000","0.08000000","2023-06-01T02:50:11.346Z","sell","maker"
"0.00418000","0.03300000","2023-06-01T02:50:03.338Z","sell","maker"
"0.00418000","0.00200000","2023-06-01T02:49:46.817Z","buy","taker"
"0.00418000","1.11000000","2023-06-01T02:49:45.287Z","buy","taker"
"0.00418000","1.48000000","2023-06-01T02:49:45.236Z","buy","taker"
"0.00416000","0.30900000","2023-06-01T01:54:41.207Z","sell","maker"
"0.00411000","1.72000000","2023-06-01T01:54:41.207Z","sell","maker"
"0.00416000","0.17600000","2023-06-01T00:57:36.625Z","sell","maker"
"0.00418000","1.31300000","2023-06-01T00:37:15.459Z","buy","taker"
"0.00416000","0.08500000","2023-06-01T00:15:20.227Z","buy","taker"