"price","volume","timestamp","type"
"493.24","0.32438663","2024-05-25T20:20:57.741Z","ask"
"493.32","2.05","2024-05-25T20:20:57.741Z","ask"
"493.33","1.54546219","2024-05-25T20:20:57.741Z","ask"
"493.36","8.02599424","2024-05-25T20:20:57.741Z","ask"
"493.37","3.37665692","2024-05-25T20:20:57.741Z","ask"
"493.38","0.63000006","2024-05-25T20:20:57.741Z","ask"
"493.39","1.05","2024-05-25T20:20:57.742Z","ask"
"493.4","0.69243366","2024-05-25T20:20:57.742Z","ask"
"493.41","1.18125008","2024-05-25T20:20:57.742Z","ask"
"493.42","2.1","2024-05-25T20:20:57.742Z","ask"
"493.43","2.38331972","2024-05-25T20:20:57.742Z","ask"
"493.46","0.63000001","2024-05-25T20:20:57.742Z","ask"
"493.47","1.05","2024-05-25T20:20:57.742Z","ask"
"493.48","1.53975115","2024-05-25T20:20:57.742Z","ask"
"493.49","2.08","2024-05-25T20:20:57.742Z","ask"
"493.5","0.83785753","2024-05-25T20:20:57.742Z","ask"
"493.51","0.63000001","2024-05-25T20:20:57.742Z","ask"
"493.52","1.05","2024-05-25T20:20:57.742Z","ask"
"493.57","3.85782437","2024-05-25T20:20:57.742Z","ask"
"493.58","3.329","2024-05-25T20:20:57.742Z","ask"
"493.6","0.83785753","2024-05-25T20:20:57.742Z","ask"
"493.63","0.63000006","2024-05-25T20:20:57.742Z","ask"
"493.64","1.05","2024-05-25T20:20:57.742Z","ask"
"493.65","0.48617202","2024-05-25T20:20:57.742Z","ask"
"493.66","0.81028658","2024-05-25T20:20:57.742Z","ask"
"493.68","2.07035577","2024-05-25T20:20:57.742Z","ask"
"493.69","3.74","2024-05-25T20:20:57.742Z","ask"
"493.7","0.83785753","2024-05-25T20:20:57.742Z","ask"
"493.74","0.63000007","2024-05-25T20:20:57.742Z","ask"
"493.75","1.05","2024-05-25T20:20:57.742Z","ask"
"493.76","2.78858061","2024-05-25T20:20:57.742Z","ask"
"493.77","6.18","2024-05-25T20:20:57.742Z","ask"
"493.79","0.50271455","2024-05-25T20:20:57.742Z","ask"
"493.8","0.83785753","2024-05-25T20:20:57.742Z","ask"
"493.81","1.05","2024-05-25T20:20:57.742Z","ask"
"493.83","7.602","2024-05-25T20:20:57.742Z","ask"
"493.87","1.05","2024-05-25T20:20:57.742Z","ask"
"493.89","2.28","2024-05-25T20:20:57.742Z","ask"
"493.9","0.83785753","2024-05-25T20:20:57.742Z","ask"
"493.96","0.48447935","2024-05-25T20:20:57.742Z","ask"
"493.97","1.05","2024-05-25T20:20:57.742Z","ask"
"494","1.31496163","2024-05-25T20:20:57.742Z","ask"
"494.02","1.05","2024-05-25T20:20:57.742Z","ask"
"494.03","2.024","2024-05-25T20:20:57.742Z","ask"
"494.08","0.9542082","2024-05-25T20:20:57.742Z","ask"
"494.09","10","2024-05-25T20:20:57.742Z","ask"
"494.1","23.94399727","2024-05-25T20:20:57.742Z","ask"
"494.15","0.40693242","2024-05-25T20:20:57.742Z","ask"
"494.16","1.05","2024-05-25T20:20:57.742Z","ask"
"494.19","1.61883805","2024-05-25T20:20:57.742Z","ask"
"494.21","1.05","2024-05-25T20:20:57.742Z","ask"
"494.24","1.90841639","2024-05-25T20:20:57.742Z","ask"
"494.45","1.05","2024-05-25T20:20:57.742Z","ask"
"494.48","34.25051938","2024-05-25T20:20:57.742Z","ask"
"494.5","1.05","2024-05-25T20:20:57.742Z","ask"
"494.51","45.32072337","2024-05-25T20:20:57.742Z","ask"
"494.54","3.81683279","2024-05-25T20:20:57.742Z","ask"
"494.55","1.05","2024-05-25T20:20:57.742Z","ask"
"494.81","3.23361151","2024-05-25T20:20:57.742Z","ask"
"494.9","1.05","2024-05-25T20:20:57.742Z","ask"
"494.93","4.77104098","2024-05-25T20:20:57.742Z","ask"
"495","1.05","2024-05-25T20:20:57.742Z","ask"
"495.01","0.253","2024-05-25T20:20:57.742Z","ask"
"495.04","45.32072337","2024-05-25T20:20:57.742Z","ask"
"495.18","1.05","2024-05-25T20:20:57.742Z","ask"
"495.23","1.05203271","2024-05-25T20:20:57.742Z","ask"
"495.24","0.00203271","2024-05-25T20:20:57.742Z","ask"
"495.28","1.05","2024-05-25T20:20:57.742Z","ask"
"495.4","24.28","2024-05-25T20:20:57.742Z","ask"
"495.41","0.00406542","2024-05-25T20:20:57.742Z","ask"
"495.42","3.128","2024-05-25T20:20:57.742Z","ask"
"495.43","1.05","2024-05-25T20:20:57.742Z","ask"
"495.61","9.54208197","2024-05-25T20:20:57.742Z","ask"
"495.63","1.05","2024-05-25T20:20:57.742Z","ask"
"495.65","3.22813044","2024-05-25T20:20:57.742Z","ask"
"495.88","1.05","2024-05-25T20:20:57.742Z","ask"
"496.03","0.29732674","2024-05-25T20:20:57.742Z","ask"
"496.21","109.86","2024-05-25T20:20:57.742Z","ask"
"496.54","68.41399806","2024-05-25T20:20:57.742Z","ask"
"496.62","11.92760246","2024-05-25T20:20:57.742Z","ask"
"497","0.20525635","2024-05-25T20:20:57.742Z","ask"
"497.29","0.11146063","2024-05-25T20:20:57.742Z","ask"
"497.34","2","2024-05-25T20:20:57.742Z","ask"
"497.39","35.11683953","2024-05-25T20:20:57.742Z","ask"
"497.47","0.0075","2024-05-25T20:20:57.742Z","ask"
"497.63","208.37","2024-05-25T20:20:57.742Z","ask"
"497.83","0.00020297","2024-05-25T20:20:57.742Z","ask"
"498","2","2024-05-25T20:20:57.742Z","ask"
"498.01","14.31312295","2024-05-25T20:20:57.742Z","ask"
"498.07","3.21245653","2024-05-25T20:20:57.742Z","ask"
"498.45","4.513","2024-05-25T20:20:57.742Z","ask"
"498.91","0.11109689","2024-05-25T20:20:57.742Z","ask"
"498.96","3.20669928","2024-05-25T20:20:57.742Z","ask"
"499.24","0.00404193","2024-05-25T20:20:57.742Z","ask"
"499.49","218.07","2024-05-25T20:20:57.742Z","ask"
"499.52","0.00201981","2024-05-25T20:20:57.742Z","ask"
"500.34","0.02020181","2024-05-25T20:20:57.742Z","ask"
"500.55","0.11073329","2024-05-25T20:20:57.742Z","ask"
"501.11","0.01026146","2024-05-25T20:20:57.742Z","ask"
"501.47","1","2024-05-25T20:20:57.742Z","ask"
"501.48","1","2024-05-25T20:20:57.742Z","ask"
"501.68","0.00202716","2024-05-25T20:20:57.742Z","ask"
"501.69","0.57984096","2024-05-25T20:20:57.742Z","ask"
"501.72","0.00000001","2024-05-25T20:20:57.742Z","ask"
"501.83","0.002025","2024-05-25T20:20:57.742Z","ask"
"502","0.0499751","2024-05-25T20:20:57.742Z","ask"
"502.19","0.11037206","2024-05-25T20:20:57.742Z","ask"
"502.48","2","2024-05-25T20:20:57.742Z","ask"
"502.53","1.0015","2024-05-25T20:20:57.742Z","ask"
"502.73","14.49353329","2024-05-25T20:20:57.742Z","ask"
"502.97","0.03671443","2024-05-25T20:20:57.742Z","ask"
"503.48","1","2024-05-25T20:20:57.742Z","ask"
"503.76","0.15263043","2024-05-25T20:20:57.742Z","ask"
"503.84","0.11001097","2024-05-25T20:20:57.742Z","ask"
"503.88","0.04985057","2024-05-25T20:20:57.742Z","ask"
"504.47","244.35","2024-05-25T20:20:57.742Z","ask"
"504.49","1","2024-05-25T20:20:57.742Z","ask"
"504.57","3.42481729","2024-05-25T20:20:57.742Z","ask"
"505","2","2024-05-25T20:20:57.742Z","ask"
"505.25","0.0606837","2024-05-25T20:20:57.742Z","ask"
"505.38","0.0099","2024-05-25T20:20:57.742Z","ask"
"505.48","0.07132552","2024-05-25T20:20:57.742Z","ask"
"505.49","1.10965223","2024-05-25T20:20:57.742Z","ask"
"506.5","1","2024-05-25T20:20:57.742Z","ask"
"506.64","0.36711486","2024-05-25T20:20:57.742Z","ask"
"506.85","0.09580606","2024-05-25T20:20:57.742Z","ask"
"507","2","2024-05-25T20:20:57.742Z","ask"
"507.15","0.10929365","2024-05-25T20:20:57.742Z","ask"
"507.5","4.32","2024-05-25T20:20:57.742Z","ask"
"507.58","0.0075","2024-05-25T20:20:57.742Z","ask"
"507.6","0.38849188","2024-05-25T20:20:57.742Z","ask"
"507.84","0.56296779","2024-05-25T20:20:57.742Z","ask"
"508.51","1","2024-05-25T20:20:57.742Z","ask"
"508.81","0.1089374","2024-05-25T20:20:57.742Z","ask"
"508.97","0.02019108","2024-05-25T20:20:57.742Z","ask"
"509.14","0.42295426","2024-05-25T20:20:57.742Z","ask"
"509.27","5.8554007","2024-05-25T20:20:57.742Z","ask"
"509.5","0.10289043","2024-05-25T20:20:57.742Z","ask"
"509.51","1","2024-05-25T20:20:57.742Z","ask"
"509.7","0.02108","2024-05-25T20:20:57.742Z","ask"
"509.99","0.07296221","2024-05-25T20:20:57.742Z","ask"
"510","32.29196265","2024-05-25T20:20:57.742Z","ask"
"510.47","0.10858132","2024-05-25T20:20:57.742Z","ask"
"510.52","1","2024-05-25T20:20:57.742Z","ask"
"510.84","0.02005615","2024-05-25T20:20:57.742Z","ask"
"510.93","0.01026146","2024-05-25T20:20:57.742Z","ask"
"510.99","0.12019805","2024-05-25T20:20:57.742Z","ask"
"511","10.40160574","2024-05-25T20:20:57.742Z","ask"
"511.52","1","2024-05-25T20:20:57.742Z","ask"
"512.1","1","2024-05-25T20:20:57.742Z","ask"
"512.15","0.10822542","2024-05-25T20:20:57.742Z","ask"
"512.62","0.07308693","2024-05-25T20:20:57.742Z","ask"
"512.63","0.0075","2024-05-25T20:20:57.742Z","ask"
"513.72","0.00293522","2024-05-25T20:20:57.742Z","ask"
"513.77","368.52","2024-05-25T20:20:57.742Z","ask"
"513.83","0.10787185","2024-05-25T20:20:57.742Z","ask"
"513.84","0.21691194","2024-05-25T20:20:57.742Z","ask"
"513.85","0.0047824","2024-05-25T20:20:57.742Z","ask"
"513.86","0.03788295","2024-05-25T20:20:57.742Z","ask"
"513.87","0.05930251","2024-05-25T20:20:57.742Z","ask"
"513.88","0.06119273","2024-05-25T20:20:57.742Z","ask"
"513.89","0.0048025","2024-05-25T20:20:57.742Z","ask"
"513.9","0.06895726","2024-05-25T20:20:57.742Z","ask"
"513.91","0.06310575","2024-05-25T20:20:57.742Z","ask"
"513.92","0.03206675","2024-05-25T20:20:57.742Z","ask"
"513.93","0.03788008","2024-05-25T20:20:57.742Z","ask"
"514.07","0.07238314","2024-05-25T20:20:57.742Z","ask"
"514.15","0.19913762","2024-05-25T20:20:57.742Z","ask"
"514.47","0.09580606","2024-05-25T20:20:57.742Z","ask"
"514.79","0.61342166","2024-05-25T20:20:57.742Z","ask"
"514.99","0.0716937","2024-05-25T20:20:57.742Z","ask"
"515","0.21444661","2024-05-25T20:20:57.742Z","ask"
"515.35","0.55","2024-05-25T20:20:57.742Z","ask"
"515.46","0.96999608","2024-05-25T20:20:57.742Z","ask"
"515.47","3.00789774","2024-05-25T20:20:57.742Z","ask"
"515.52","0.10751847","2024-05-25T20:20:57.742Z","ask"
"516.4","0.17566812","2024-05-25T20:20:57.742Z","ask"
"516.52","0.00197473","2024-05-25T20:20:57.742Z","ask"
"516.59","0.00196749","2024-05-25T20:20:57.742Z","ask"
"516.68","0.7076748","2024-05-25T20:20:57.742Z","ask"
"516.87","0.00197036","2024-05-25T20:20:57.742Z","ask"
"516.88","1.20032155","2024-05-25T20:20:57.742Z","ask"
"516.93","10","2024-05-25T20:20:57.742Z","ask"
"516.99","0.06901063","2024-05-25T20:20:57.742Z","ask"
"517","1","2024-05-25T20:20:57.742Z","ask"
"517.02","0.00196921","2024-05-25T20:20:57.742Z","ask"
"517.11","1","2024-05-25T20:20:57.742Z","ask"
"517.14","0.00000001","2024-05-25T20:20:57.742Z","ask"
"517.15","0.00197379","2024-05-25T20:20:57.742Z","ask"
"517.16","0.00395314","2024-05-25T20:20:57.742Z","ask"
"517.18","0.00197393","2024-05-25T20:20:57.742Z","ask"
"517.21","0.10913879","2024-05-25T20:20:57.742Z","ask"
"517.46","0.58032055","2024-05-25T20:20:57.742Z","ask"
"517.6","0.03963385","2024-05-25T20:20:57.742Z","ask"
"517.68","0.0075","2024-05-25T20:20:57.742Z","ask"
"518","1","2024-05-25T20:20:57.742Z","ask"
"518.46","0.58632675","2024-05-25T20:20:57.742Z","ask"
"518.91","0.10681653","2024-05-25T20:20:57.742Z","ask"
"519","1","2024-05-25T20:20:57.742Z","ask"
"519.14","0.0625","2024-05-25T20:20:57.742Z","ask"
"519.48","0.107","2024-05-25T20:20:57.742Z","ask"
"519.53","0.04787592","2024-05-25T20:20:57.742Z","ask"
"520","26.13727782","2024-05-25T20:20:57.742Z","ask"
"520.48","0.00394719","2024-05-25T20:20:57.742Z","ask"
"520.61","0.10646795","2024-05-25T20:20:57.742Z","ask"
"520.76","0.01026146","2024-05-25T20:20:57.742Z","ask"
"521.16","0.42295426","2024-05-25T20:20:57.742Z","ask"
"522","4.5","2024-05-25T20:20:57.742Z","ask"
"522.15","1.66587694","2024-05-25T20:20:57.742Z","ask"
"522.22","0.14302035","2024-05-25T20:20:57.742Z","ask"
"522.23","0.09580606","2024-05-25T20:20:57.742Z","ask"
"522.32","0.10611958","2024-05-25T20:20:57.742Z","ask"
"522.6","0.00392966","2024-05-25T20:20:57.742Z","ask"
"522.72","2.18087626","2024-05-25T20:20:57.742Z","ask"
"523.17","1.5","2024-05-25T20:20:57.742Z","ask"
"523.77","0.03671443","2024-05-25T20:20:57.742Z","ask"
"523.97","0.00391444","2024-05-25T20:20:57.742Z","ask"
"524.02","0.10577349","2024-05-25T20:20:57.742Z","ask"
"524.25","50","2024-05-25T20:20:57.742Z","ask"
"524.49","0.00019283","2024-05-25T20:20:57.742Z","ask"
"524.71","0.24271873","2024-05-25T20:20:57.742Z","ask"
"525","15.89409478","2024-05-25T20:20:57.742Z","ask"
"525.05","0.00019269","2024-05-25T20:20:57.742Z","ask"
"525.06","0.00019252","2024-05-25T20:20:57.742Z","ask"
"525.16","0.00391444","2024-05-25T20:20:57.742Z","ask"
"525.74","0.10542762","2024-05-25T20:20:57.742Z","ask"
"526.12","0.00996294","2024-05-25T20:20:57.742Z","ask"
"526.22","0.01932009","2024-05-25T20:20:57.742Z","ask"
"526.49","0.06030231","2024-05-25T20:20:57.742Z","ask"
"527.46","0.105084","2024-05-25T20:20:57.742Z","ask"
"527.77","0.00192715","2024-05-25T20:20:57.742Z","ask"
"527.83","0.00193188","2024-05-25T20:20:57.742Z","ask"
"527.84","0.0019414","2024-05-25T20:20:57.742Z","ask"
"528","2.09521781","2024-05-25T20:20:57.742Z","ask"
"528.02","0.00192693","2024-05-25T20:20:57.742Z","ask"
"528.15","0.0019292","2024-05-25T20:20:57.742Z","ask"
"529","4.16854986","2024-05-25T20:20:57.742Z","ask"
"529.19","0.10474062","2024-05-25T20:20:57.742Z","ask"
"529.48","0.40549617","2024-05-25T20:20:57.742Z","ask"
"530","160.54054958","2024-05-25T20:20:57.742Z","ask"
"530.08","0.09580606","2024-05-25T20:20:57.742Z","ask"
"530.42","0.01197952","2024-05-25T20:20:57.742Z","ask"
"530.44","0.00464213","2024-05-25T20:20:57.742Z","ask"
"530.78","0.03559075","2024-05-25T20:20:57.742Z","ask"
"530.82","0.55","2024-05-25T20:20:57.742Z","ask"
"530.93","0.10439748","2024-05-25T20:20:57.742Z","ask"
"530.99","0.06901063","2024-05-25T20:20:57.742Z","ask"
"531","0.95","2024-05-25T20:20:57.742Z","ask"
"531.14","0.00467058","2024-05-25T20:20:57.742Z","ask"
"531.25","0.06","2024-05-25T20:20:57.742Z","ask"
"532","2","2024-05-25T20:20:57.742Z","ask"
"532.42","0.37939972","2024-05-25T20:20:57.742Z","ask"
"532.67","0.10405658","2024-05-25T20:20:57.742Z","ask"
"532.68","0.01139064","2024-05-25T20:20:57.742Z","ask"
"532.74","0.0085253","2024-05-25T20:20:57.742Z","ask"
"533.02","0.90993392","2024-05-25T20:20:57.742Z","ask"
"533.1","0.09411962","2024-05-25T20:20:57.742Z","ask"
"533.18","0.42295426","2024-05-25T20:20:57.742Z","ask"
"533.26","0.98230034","2024-05-25T20:20:57.742Z","ask"
"533.7","0.98219736","2024-05-25T20:20:57.742Z","ask"
"534","2.94","2024-05-25T20:20:57.742Z","ask"
"534.22","0.00206076","2024-05-25T20:20:57.742Z","ask"
"534.42","0.10371594","2024-05-25T20:20:57.742Z","ask"
"534.63","0.19245767","2024-05-25T20:20:57.742Z","ask"
"534.85","0.03850863","2024-05-25T20:20:57.742Z","ask"
"534.99","6.44399895","2024-05-25T20:20:57.742Z","ask"
"535","61.56599465","2024-05-25T20:20:57.742Z","ask"
"535.25","1","2024-05-25T20:20:57.742Z","ask"
"535.3","0.00459995","2024-05-25T20:20:57.742Z","ask"
"535.75","0.07092764","2024-05-25T20:20:57.742Z","ask"
"535.91","0.04925679","2024-05-25T20:20:57.742Z","ask"
"535.95","0.01191914","2024-05-25T20:20:57.742Z","ask"
"536","2","2024-05-25T20:20:57.742Z","ask"
"536.24","0.00996294","2024-05-25T20:20:57.742Z","ask"
"537","0.93","2024-05-25T20:20:57.742Z","ask"
"537.01","0.04520884","2024-05-25T20:20:57.742Z","ask"
"538","2","2024-05-25T20:20:57.742Z","ask"
"538.06","0.09580606","2024-05-25T20:20:57.742Z","ask"
"538.47","0.00596485","2024-05-25T20:20:57.742Z","ask"
"539","10.74280538","2024-05-25T20:20:57.742Z","ask"
"539.07","1.35159389","2024-05-25T20:20:57.742Z","ask"
"539.37","0.02340347","2024-05-25T20:20:57.742Z","ask"
"539.62","17.92918157","2024-05-25T20:20:57.742Z","ask"
"540","95.42297677","2024-05-25T20:20:57.742Z","ask"
"540.21","0.00455819","2024-05-25T20:20:57.742Z","ask"
"540.59","0.98230034","2024-05-25T20:20:57.742Z","ask"
"540.83","0.06901063","2024-05-25T20:20:57.742Z","ask"
"540.84","7.62460889","2024-05-25T20:20:57.742Z","ask"
"541.04","0.98219736","2024-05-25T20:20:57.742Z","ask"
"542","2.20376384","2024-05-25T20:20:57.742Z","ask"
"542.16","0.98259508","2024-05-25T20:20:57.742Z","ask"
"542.3","0.18439977","2024-05-25T20:20:57.742Z","ask"
"542.35","1.35207582","2024-05-25T20:20:57.742Z","ask"
"542.61","0.98249207","2024-05-25T20:20:57.742Z","ask"
"542.85","0.5","2024-05-25T20:20:57.742Z","ask"
"543","0.96841362","2024-05-25T20:20:57.742Z","ask"
"543.2","6","2024-05-25T20:20:57.742Z","ask"
"543.43","5.20482225","2024-05-25T20:20:57.742Z","ask"
"543.5","1","2024-05-25T20:20:57.742Z","ask"
"543.63","0.375","2024-05-25T20:20:57.742Z","ask"
"543.92","0.09268606","2024-05-25T20:20:57.742Z","ask"
"544","2","2024-05-25T20:20:57.742Z","ask"
"544.44","45.5935294","2024-05-25T20:20:57.742Z","ask"
"544.58","0.03671443","2024-05-25T20:20:57.742Z","ask"
"544.9","0.01977","2024-05-25T20:20:57.742Z","ask"
"545","14.1905137","2024-05-25T20:20:57.742Z","ask"
"545.16","0.00451676","2024-05-25T20:20:57.742Z","ask"
"545.2","0.42295426","2024-05-25T20:20:57.742Z","ask"
"545.55","0.00923839","2024-05-25T20:20:57.742Z","ask"
"546","2.9","2024-05-25T20:20:57.742Z","ask"
"546.28","0.63980874","2024-05-25T20:20:57.742Z","ask"
"546.74","0.55","2024-05-25T20:20:57.742Z","ask"
"548","2","2024-05-25T20:20:57.742Z","ask"
"548.14","2.56330711","2024-05-25T20:20:57.742Z","ask"
"549","1.85","2024-05-25T20:20:57.742Z","ask"
"549.5","0.5","2024-05-25T20:20:57.742Z","ask"
"549.98","78.96020257","2024-05-25T20:20:57.742Z","ask"
"549.99","93.44874692","2024-05-25T20:20:57.742Z","ask"
"550","17.46924949","2024-05-25T20:20:57.742Z","ask"
"550.16","0.00447575","2024-05-25T20:20:57.742Z","ask"
"550.97","0.3439164","2024-05-25T20:20:57.742Z","ask"
"551.29","0.05","2024-05-25T20:20:57.742Z","ask"
"551.98","0.0701708","2024-05-25T20:20:57.742Z","ask"
"552","1.63431646","2024-05-25T20:20:57.742Z","ask"
"552.1","0.01926658","2024-05-25T20:20:57.742Z","ask"
"553.11","0.05423787","2024-05-25T20:20:57.742Z","ask"
"553.27","0.107","2024-05-25T20:20:57.742Z","ask"
"553.79","28.13326183","2024-05-25T20:20:57.742Z","ask"
"554.4","0.5","2024-05-25T20:20:57.742Z","ask"
"555","3.93548501","2024-05-25T20:20:57.742Z","ask"
"555.2","0.00443507","2024-05-25T20:20:57.742Z","ask"
"555.54","8.893","2024-05-25T20:20:57.742Z","ask"
"556.01","0.05","2024-05-25T20:20:57.742Z","ask"
"556.05","0.00049141","2024-05-25T20:20:57.742Z","ask"
"556.66","5.00683581","2024-05-25T20:20:57.742Z","ask"
"557.12","0.00160057","2024-05-25T20:20:57.742Z","ask"
"557.22","0.42295426","2024-05-25T20:20:57.742Z","ask"
"557.8","0.15","2024-05-25T20:20:57.742Z","ask"
"558","0.7","2024-05-25T20:20:57.742Z","ask"
"558.56","1.92688792","2024-05-25T20:20:57.742Z","ask"
"560","31.20263638","2024-05-25T20:20:57.742Z","ask"
"560.11","0.05","2024-05-25T20:20:57.742Z","ask"
"560.29","0.00439481","2024-05-25T20:20:57.742Z","ask"
"561","0.65","2024-05-25T20:20:57.742Z","ask"
"561.67","0.00351341","2024-05-25T20:20:57.742Z","ask"
"563.14","0.55","2024-05-25T20:20:57.742Z","ask"
"564","0.6","2024-05-25T20:20:57.742Z","ask"
"565","2.9849183","2024-05-25T20:20:57.742Z","ask"
"565.29","0.34698867","2024-05-25T20:20:57.742Z","ask"
"565.38","0.03671443","2024-05-25T20:20:57.742Z","ask"
"565.43","0.00435488","2024-05-25T20:20:57.742Z","ask"
"566","0.30600706","2024-05-25T20:20:57.742Z","ask"
"566.76","0.09651966","2024-05-25T20:20:57.742Z","ask"
"567","0.55","2024-05-25T20:20:57.742Z","ask"
"568","0.20001309","2024-05-25T20:20:57.742Z","ask"
"568.01","1","2024-05-25T20:20:57.742Z","ask"
"569.24","0.42295426","2024-05-25T20:20:57.742Z","ask"
"570","29.13013463","2024-05-25T20:20:57.742Z","ask"
"570.61","0.00431529","2024-05-25T20:20:57.742Z","ask"
"573","0.45","2024-05-25T20:20:57.742Z","ask"
"574","9.99990358","2024-05-25T20:20:57.742Z","ask"
"574.26","0.57814994","2024-05-25T20:20:57.742Z","ask"
"574.77","2.47743471","2024-05-25T20:20:57.742Z","ask"
"575","4.87132381","2024-05-25T20:20:57.742Z","ask"
"575.84","0.00427612","2024-05-25T20:20:57.742Z","ask"
"576","0.4","2024-05-25T20:20:57.742Z","ask"
"577","132.26013537","2024-05-25T20:20:57.742Z","ask"
"577.22","0.09414398","2024-05-25T20:20:57.742Z","ask"
"577.74","0.10359375","2024-05-25T20:20:57.742Z","ask"
"578","1","2024-05-25T20:20:57.742Z","ask"
"578.4","0.16856802","2024-05-25T20:20:57.742Z","ask"
"579","0.38","2024-05-25T20:20:57.742Z","ask"
"579.81","0.70401609","2024-05-25T20:20:57.742Z","ask"
"580","18.57083","2024-05-25T20:20:57.742Z","ask"
"580.02","0.00354265","2024-05-25T20:20:57.742Z","ask"
"580.04","0.55","2024-05-25T20:20:57.742Z","ask"
"581.12","0.00423728","2024-05-25T20:20:57.742Z","ask"
"581.26","0.42295426","2024-05-25T20:20:57.742Z","ask"
"581.56","0.09490395","2024-05-25T20:20:57.742Z","ask"
"582","0.36","2024-05-25T20:20:57.742Z","ask"
"582.6","0.01853","2024-05-25T20:20:57.742Z","ask"
"584.58","0.06327027","2024-05-25T20:20:57.742Z","ask"
"585","1.20470085","2024-05-25T20:20:57.742Z","ask"
"586.19","0.03671443","2024-05-25T20:20:57.742Z","ask"
"586.45","0.00419878","2024-05-25T20:20:57.742Z","ask"
"587.87","0.25","2024-05-25T20:20:57.742Z","ask"
"587.99","1.19256462","2024-05-25T20:20:57.742Z","ask"
"588","1.03433194","2024-05-25T20:20:57.742Z","ask"
"588.87","81.412553","2024-05-25T20:20:57.742Z","ask"
"589","1.00113706","2024-05-25T20:20:57.742Z","ask"
"589.25","0.107","2024-05-25T20:20:57.742Z","ask"
"590","52.93712337","2024-05-25T20:20:57.742Z","ask"
"591","5.35","2024-05-25T20:20:57.742Z","ask"
"591.01","4.77805969","2024-05-25T20:20:57.742Z","ask"
"591.19","0.06327027","2024-05-25T20:20:57.742Z","ask"
"591.26","3.4701999","2024-05-25T20:20:57.742Z","ask"
"591.74","0.00558224","2024-05-25T20:20:57.742Z","ask"
"591.83","0.00416062","2024-05-25T20:20:57.742Z","ask"
"592.27","0.03469934","2024-05-25T20:20:57.742Z","ask"
"593","3.8466455","2024-05-25T20:20:57.742Z","ask"
"593.28","0.42295426","2024-05-25T20:20:57.742Z","ask"
"594","0.35","2024-05-25T20:20:57.742Z","ask"
"594.25","1.69762205","2024-05-25T20:20:57.742Z","ask"
"595","8.89828035","2024-05-25T20:20:57.742Z","ask"
"595.47","0.00299447","2024-05-25T20:20:57.742Z","ask"
"597","0.35","2024-05-25T20:20:57.742Z","ask"
"597.26","0.0041228","2024-05-25T20:20:57.742Z","ask"
"597.44","0.55","2024-05-25T20:20:57.742Z","ask"
"597.84","4.72346539","2024-05-25T20:20:57.742Z","ask"
"598","0.17","2024-05-25T20:20:57.742Z","ask"
"598.63","0.05020567","2024-05-25T20:20:57.742Z","ask"
"599","14.67459632","2024-05-25T20:20:57.742Z","ask"
"599.94","0.05","2024-05-25T20:20:57.742Z","ask"
"600","170.56431529","2024-05-25T20:20:57.742Z","ask"
"600.58","1","2024-05-25T20:20:57.742Z","ask"
"600.64","0.25","2024-05-25T20:20:57.742Z","ask"
"601.23","0.83162503","2024-05-25T20:20:57.742Z","ask"
"602.74","0.00408532","2024-05-25T20:20:57.742Z","ask"
"603","0.35","2024-05-25T20:20:57.742Z","ask"
"604.75","4.66947474","2024-05-25T20:20:57.742Z","ask"
"605","10.21845547","2024-05-25T20:20:57.742Z","ask"
"605.3","0.42295426","2024-05-25T20:20:57.742Z","ask"
"606","0.35","2024-05-25T20:20:57.742Z","ask"
"607","0.54412793","2024-05-25T20:20:57.742Z","ask"
"607.03","0.45375915","2024-05-25T20:20:57.742Z","ask"
"607.11","0.08326151","2024-05-25T20:20:57.742Z","ask"
"608","0.23064164","2024-05-25T20:20:57.742Z","ask"
"608.27","0.00404817","2024-05-25T20:20:57.742Z","ask"
"608.5","0.01737","2024-05-25T20:20:57.742Z","ask"
"609","0.35","2024-05-25T20:20:57.742Z","ask"
"610","11.05","2024-05-25T20:20:57.742Z","ask"
"610.69","0.0701708","2024-05-25T20:20:57.742Z","ask"
"610.93","0.22542686","2024-05-25T20:20:57.742Z","ask"
"611.74","4.61608886","2024-05-25T20:20:57.742Z","ask"
"612","0.35","2024-05-25T20:20:57.742Z","ask"
"613.85","0.00401137","2024-05-25T20:20:57.742Z","ask"
"614","0.96249708","2024-05-25T20:20:57.742Z","ask"
"614.63","0.03344147","2024-05-25T20:20:57.742Z","ask"
"615","1.35","2024-05-25T20:20:57.742Z","ask"
"615.29","0.026069","2024-05-25T20:20:57.742Z","ask"
"615.36","0.55","2024-05-25T20:20:57.742Z","ask"
"615.37","0.00814334","2024-05-25T20:20:57.742Z","ask"
"617","1","2024-05-25T20:20:57.742Z","ask"
"617.33","0.42295426","2024-05-25T20:20:57.742Z","ask"
"618","11.10746563","2024-05-25T20:20:57.742Z","ask"
"618.82","4.56330835","2024-05-25T20:20:57.742Z","ask"
"618.96","2.3922519","2024-05-25T20:20:57.742Z","ask"
"619.48","0.00397491","2024-05-25T20:20:57.742Z","ask"
"620","32.35015735","2024-05-25T20:20:57.742Z","ask"
"621","0.35","2024-05-25T20:20:57.742Z","ask"
"622.7","0.01031047","2024-05-25T20:20:57.742Z","ask"
"623.21","0.06283151","2024-05-25T20:20:57.742Z","ask"
"623.99","0.0038992","2024-05-25T20:20:57.742Z","ask"
"624","0.91089743","2024-05-25T20:20:57.742Z","ask"
"624.95","0.1","2024-05-25T20:20:57.742Z","ask"
"625","3.61841181","2024-05-25T20:20:57.742Z","ask"
"625.05","0.08120896","2024-05-25T20:20:57.742Z","ask"
"625.16","0.00393878","2024-05-25T20:20:57.742Z","ask"
"625.98","4.51113332","2024-05-25T20:20:57.742Z","ask"
"625.99","0.08108716","2024-05-25T20:20:57.742Z","ask"
"626","0.65449474","2024-05-25T20:20:57.742Z","ask"
"626.25","0.06283148","2024-05-25T20:20:57.742Z","ask"
"626.92","0.08096574","2024-05-25T20:20:57.742Z","ask"
"627","0.35","2024-05-25T20:20:57.742Z","ask"
"627.58","0.107","2024-05-25T20:20:57.742Z","ask"
"627.8","0.03671443","2024-05-25T20:20:57.742Z","ask"
"627.86","0.08084467","2024-05-25T20:20:57.742Z","ask"
"628.81","0.08072267","2024-05-25T20:20:57.742Z","ask"
"628.91","0.00327113","2024-05-25T20:20:57.742Z","ask"
"629","3.14371133","2024-05-25T20:20:57.742Z","ask"
"629.05","0.65449472","2024-05-25T20:20:57.742Z","ask"
"629.13","0.00326846","2024-05-25T20:20:57.742Z","ask"
"629.29","0.06283148","2024-05-25T20:20:57.742Z","ask"
"629.35","0.42295426","2024-05-25T20:20:57.742Z","ask"
"629.75","0.01022228","2024-05-25T20:20:57.742Z","ask"
"629.76","0.08060104","2024-05-25T20:20:57.742Z","ask"
"629.81","0.00325659","2024-05-25T20:20:57.742Z","ask"
"630","2.55936508","2024-05-25T20:20:57.742Z","ask"
"630.22","0.01021393","2024-05-25T20:20:57.742Z","ask"
"630.71","0.08047977","2024-05-25T20:20:57.742Z","ask"
"630.89","0.003903","2024-05-25T20:20:57.742Z","ask"
"631.05","0.04031315","2024-05-25T20:20:57.742Z","ask"
"631.17","0.01017684","2024-05-25T20:20:57.742Z","ask"
"631.64","0.00418668","2024-05-25T20:20:57.742Z","ask"
"631.66","0.08035887","2024-05-25T20:20:57.742Z","ask"
"631.73","0.00324344","2024-05-25T20:20:57.742Z","ask"
"632","1.66642128","2024-05-25T20:20:57.742Z","ask"
"632.06","0.01013574","2024-05-25T20:20:57.742Z","ask"
"632.11","0.65449472","2024-05-25T20:20:57.742Z","ask"
"632.33","0.06283148","2024-05-25T20:20:57.742Z","ask"
"632.61","0.08023833","2024-05-25T20:20:57.742Z","ask"
"633","1.35","2024-05-25T20:20:57.742Z","ask"
"633.21","4.4595634","2024-05-25T20:20:57.742Z","ask"
"633.56","0.08011815","2024-05-25T20:20:57.742Z","ask"
"633.75","0.75","2024-05-25T20:20:57.742Z","ask"
"633.82","0.55","2024-05-25T20:20:57.742Z","ask"
"634","0.74247014","2024-05-25T20:20:57.743Z","ask"
"634.51","0.07999833","2024-05-25T20:20:57.743Z","ask"
"635","8.21222152","2024-05-25T20:20:57.743Z","ask"
"635.16","0.65449472","2024-05-25T20:20:57.743Z","ask"
"635.37","0.06283148","2024-05-25T20:20:57.743Z","ask"
"635.47","0.0798776","2024-05-25T20:20:57.743Z","ask"
"636","1.36013","2024-05-25T20:20:57.743Z","ask"
"636.18","1","2024-05-25T20:20:57.743Z","ask"
"636.42","0.07975723","2024-05-25T20:20:57.743Z","ask"
"636.67","0.00386755","2024-05-25T20:20:57.743Z","ask"
"637.38","0.07963723","2024-05-25T20:20:57.743Z","ask"
"637.39","0.6418795","2024-05-25T20:20:57.743Z","ask"
"638","0.005","2024-05-25T20:20:57.743Z","ask"
"638.21","0.65449472","2024-05-25T20:20:57.743Z","ask"
"638.34","0.07951759","2024-05-25T20:20:57.743Z","ask"
"639","6.31414494","2024-05-25T20:20:57.743Z","ask"
"639.3","0.0793983","2024-05-25T20:20:57.743Z","ask"
"640","4.30568965","2024-05-25T20:20:57.743Z","ask"
"640.26","0.07927938","2024-05-25T20:20:57.743Z","ask"
"640.48","0.6418795","2024-05-25T20:20:57.743Z","ask"
"640.54","4.40859777","2024-05-25T20:20:57.743Z","ask"
"641.22","0.0791608","2024-05-25T20:20:57.743Z","ask"
"641.37","0.42295426","2024-05-25T20:20:57.743Z","ask"
"642","0.36","2024-05-25T20:20:57.743Z","ask"
"642.19","0.07904134","2024-05-25T20:20:57.743Z","ask"
"642.51","0.00383244","2024-05-25T20:20:57.743Z","ask"
"643.16","0.07892224","2024-05-25T20:20:57.743Z","ask"
"643.17","0.09810615","2024-05-25T20:20:57.743Z","ask"
"643.58","0.6418795","2024-05-25T20:20:57.743Z","ask"
"644.13","0.0788035","2024-05-25T20:20:57.743Z","ask"
"644.37","0.00985044","2024-05-25T20:20:57.743Z","ask"
"645","0.39","2024-05-25T20:20:57.743Z","ask"
"645.1","0.15029802","2024-05-25T20:20:57.743Z","ask"
"645.8","0.25011466","2024-05-25T20:20:57.743Z","ask"
"646.06","0.07856709","2024-05-25T20:20:57.743Z","ask"
"646.67","0.6418795","2024-05-25T20:20:57.743Z","ask"
"647.03","0.07844941","2024-05-25T20:20:57.743Z","ask"
"647.8","0.48415897","2024-05-25T20:20:57.743Z","ask"
"647.94","4.35823521","2024-05-25T20:20:57.743Z","ask"
"648","0.43833209","2024-05-25T20:20:57.743Z","ask"
"648.06","1.24034772","2024-05-25T20:20:57.743Z","ask"
"648.4","0.0037976","2024-05-25T20:20:57.743Z","ask"
"648.61","0.03671443","2024-05-25T20:20:57.743Z","ask"
"648.9","0.01633","2024-05-25T20:20:57.743Z","ask"
"648.98","0.0782139","2024-05-25T20:20:57.743Z","ask"
"649","1.75","2024-05-25T20:20:57.743Z","ask"
"649.8","1","2024-05-25T20:20:57.743Z","ask"
"649.96","0.07809606","2024-05-25T20:20:57.743Z","ask"
"650","72.88476602","2024-05-25T20:20:57.743Z","ask"
"650.94","0.07797858","2024-05-25T20:20:57.743Z","ask"
"651","1.36","2024-05-25T20:20:57.743Z","ask"
"651.3","0.03537142","2024-05-25T20:20:57.743Z","ask"
"651.92","0.07786146","2024-05-25T20:20:57.743Z","ask"
"652.84","0.55","2024-05-25T20:20:57.743Z","ask"
"652.9","0.07774468","2024-05-25T20:20:57.743Z","ask"
"653.39","0.42295426","2024-05-25T20:20:57.743Z","ask"
"653.88","0.07762826","2024-05-25T20:20:57.743Z","ask"
"654","0.36","2024-05-25T20:20:57.743Z","ask"
"654.34","0.0037631","2024-05-25T20:20:57.743Z","ask"
"654.86","0.07751218","2024-05-25T20:20:57.743Z","ask"
"655.35","10.6","2024-05-25T20:20:57.743Z","ask"
"655.43","4.30840705","2024-05-25T20:20:57.743Z","ask"
"655.85","0.07739526","2024-05-25T20:20:57.743Z","ask"
"656.84","0.07727869","2024-05-25T20:20:57.743Z","ask"
"657","0.3","2024-05-25T20:20:57.743Z","ask"
"657.22","0.37843869","2024-05-25T20:20:57.743Z","ask"
"657.83","0.07716247","2024-05-25T20:20:57.743Z","ask"
"658.81","0.0770466","2024-05-25T20:20:57.743Z","ask"
"659.8","0.07693108","2024-05-25T20:20:57.743Z","ask"
"659.92","0.05","2024-05-25T20:20:57.743Z","ask"
"660","1.46363636","2024-05-25T20:20:57.743Z","ask"
"660.34","0.00372894","2024-05-25T20:20:57.743Z","ask"
"660.4","0.03112357","2024-05-25T20:20:57.743Z","ask"
"660.6","0.0081","2024-05-25T20:20:57.743Z","ask"
"660.79","0.0768159","2024-05-25T20:20:57.743Z","ask"
"661.78","0.07670107","2024-05-25T20:20:57.743Z","ask"
"662.07","0.15037749","2024-05-25T20:20:57.743Z","ask"
"662.78","0.07658541","2024-05-25T20:20:57.743Z","ask"
"663","0.3","2024-05-25T20:20:57.743Z","ask"
"663.01","4.25918136","2024-05-25T20:20:57.743Z","ask"
"663.78","0.0764701","2024-05-25T20:20:57.743Z","ask"
"664.13","0.0081","2024-05-25T20:20:57.743Z","ask"
"664.78","0.07635514","2024-05-25T20:20:57.743Z","ask"
"664.8","0.349","2024-05-25T20:20:57.743Z","ask"
"665.41","0.42295426","2024-05-25T20:20:57.743Z","ask"
"665.77","0.3","2024-05-25T20:20:57.743Z","ask"
"665.78","0.07624052","2024-05-25T20:20:57.743Z","ask"
"666","5.19422742","2024-05-25T20:20:57.743Z","ask"
"666.39","0.00369506","2024-05-25T20:20:57.743Z","ask"
"666.78","0.07612625","2024-05-25T20:20:57.743Z","ask"
"667.38","0.25285203","2024-05-25T20:20:57.743Z","ask"
"667.78","0.07601232","2024-05-25T20:20:57.743Z","ask"
"668.39","0.107","2024-05-25T20:20:57.743Z","ask"
"668.79","0.07589759","2024-05-25T20:20:57.743Z","ask"
"669","0.3","2024-05-25T20:20:57.743Z","ask"
"669.39","0.0701708","2024-05-25T20:20:57.743Z","ask"
"669.41","0.02447629","2024-05-25T20:20:57.743Z","ask"
"669.8","0.0757832","2024-05-25T20:20:57.743Z","ask"
"669.92","0.05","2024-05-25T20:20:57.743Z","ask"
"670","2.2358451","2024-05-25T20:20:57.743Z","ask"
"670.02","0.1","2024-05-25T20:20:57.743Z","ask"
"670.67","4.21049168","2024-05-25T20:20:57.743Z","ask"
"670.81","0.07566915","2024-05-25T20:20:57.743Z","ask"
"671.35","0.0081","2024-05-25T20:20:57.743Z","ask"
"671.82","0.07555545","2024-05-25T20:20:57.743Z","ask"
"672","0.3","2024-05-25T20:20:57.743Z","ask"
"672.42","0.55","2024-05-25T20:20:57.743Z","ask"
"672.5","0.00366151","2024-05-25T20:20:57.743Z","ask"
"672.79","0.0081","2024-05-25T20:20:57.743Z","ask"
"672.83","0.07544209","2024-05-25T20:20:57.743Z","ask"
"673.39","1","2024-05-25T20:20:57.743Z","ask"
"673.84","0.07532906","2024-05-25T20:20:57.743Z","ask"
"674","0.71","2024-05-25T20:20:57.743Z","ask"
"674.56","0.00975258","2024-05-25T20:20:57.743Z","ask"
"674.85","0.07521638","2024-05-25T20:20:57.743Z","ask"
"674.99","5","2024-05-25T20:20:57.743Z","ask"
"675","63.17246503","2024-05-25T20:20:57.743Z","ask"
"675.21","0.0532012","2024-05-25T20:20:57.743Z","ask"
"675.58","30.17532485","2024-05-25T20:20:57.743Z","ask"
"675.87","0.07510291","2024-05-25T20:20:57.743Z","ask"
"676.52","0.01523755","2024-05-25T20:20:57.743Z","ask"
"676.88","0.07498979","2024-05-25T20:20:57.743Z","ask"
"677.43","0.42295426","2024-05-25T20:20:57.743Z","ask"
"677.77","0.99328798","2024-05-25T20:20:57.743Z","ask"
"677.9","0.074877","2024-05-25T20:20:57.743Z","ask"
"678","3.26409825","2024-05-25T20:20:57.743Z","ask"
"678.42","4.16240215","2024-05-25T20:20:57.743Z","ask"
"678.66","0.00362825","2024-05-25T20:20:57.743Z","ask"
"678.92","0.07476455","2024-05-25T20:20:57.743Z","ask"
"679","7.23714169","2024-05-25T20:20:57.743Z","ask"
"679.92","0.05","2024-05-25T20:20:57.743Z","ask"
"679.94","0.07465244","2024-05-25T20:20:57.743Z","ask"
"680","4.2752059","2024-05-25T20:20:57.743Z","ask"
"680.22","21.22642068","2024-05-25T20:20:57.743Z","ask"
"680.96","0.07454066","2024-05-25T20:20:57.743Z","ask"
"681","0.3","2024-05-25T20:20:57.743Z","ask"
"681.98","0.07442922","2024-05-25T20:20:57.743Z","ask"
"682.5","0.97550914","2024-05-25T20:20:57.743Z","ask"
"682.85","0.10213496","2024-05-25T20:20:57.743Z","ask"
"683.01","0.07431702","2024-05-25T20:20:57.743Z","ask"
"683.28","0.02447629","2024-05-25T20:20:57.743Z","ask"
"683.8","24.52212571","2024-05-25T20:20:57.743Z","ask"
"683.97","20.24165938","2024-05-25T20:20:57.743Z","ask"
"684","0.36","2024-05-25T20:20:57.743Z","ask"
"684.04","0.07420515","2024-05-25T20:20:57.743Z","ask"
"684.88","0.00359532","2024-05-25T20:20:57.743Z","ask"
"685","6.78668376","2024-05-25T20:20:57.743Z","ask"
"685.07","0.07409362","2024-05-25T20:20:57.743Z","ask"
"685.45","0.25431844","2024-05-25T20:20:57.743Z","ask"
"686.1","0.07398242","2024-05-25T20:20:57.743Z","ask"
"686.26","4.11484845","2024-05-25T20:20:57.743Z","ask"
"687","0.3","2024-05-25T20:20:57.743Z","ask"
"687.13","0.07387155","2024-05-25T20:20:57.743Z","ask"
"688","0.15937687","2024-05-25T20:20:57.743Z","ask"
"688.16","0.07376102","2024-05-25T20:20:57.743Z","ask"
"688.47","0.37843869","2024-05-25T20:20:57.743Z","ask"
"688.59","0.00036856","2024-05-25T20:20:57.743Z","ask"
"689.2","0.07364974","2024-05-25T20:20:57.743Z","ask"
"689.45","0.42295426","2024-05-25T20:20:57.743Z","ask"
"689.68","0.40069","2024-05-25T20:20:57.743Z","ask"
"689.92","0.05","2024-05-25T20:20:57.743Z","ask"
"690","125.19583694","2024-05-25T20:20:57.743Z","ask"
"690.02","0.1","2024-05-25T20:20:57.743Z","ask"
"690.24","0.07353879","2024-05-25T20:20:57.743Z","ask"
"690.46","0.15","2024-05-25T20:20:57.743Z","ask"
"691","66.18801695","2024-05-25T20:20:57.743Z","ask"
"691.16","0.00356266","2024-05-25T20:20:57.743Z","ask"
"691.28","0.07342818","2024-05-25T20:20:57.743Z","ask"
"691.32","0.00825709","2024-05-25T20:20:57.743Z","ask"
"692","0.01535","2024-05-25T20:20:57.743Z","ask"
"692.32","0.0733179","2024-05-25T20:20:57.743Z","ask"
"692.5","0.0027","2024-05-25T20:20:57.743Z","ask"
"692.59","0.55","2024-05-25T20:20:57.743Z","ask"
"693","0.78169459","2024-05-25T20:20:57.743Z","ask"
"693.36","0.07320795","2024-05-25T20:20:57.743Z","ask"
"694","8.25644223","2024-05-25T20:20:57.743Z","ask"
"694.19","4.06783128","2024-05-25T20:20:57.743Z","ask"
"694.21","1.80309319","2024-05-25T20:20:57.743Z","ask"
"694.4","0.07309833","2024-05-25T20:20:57.743Z","ask"
"694.7","8.028198","2024-05-25T20:20:57.743Z","ask"
"695","50.56433386","2024-05-25T20:20:57.743Z","ask"
"695.44","0.07298904","2024-05-25T20:20:57.743Z","ask"
"696","0.36","2024-05-25T20:20:57.743Z","ask"
"696.49","0.07287902","2024-05-25T20:20:57.743Z","ask"
"697.15","0.02447629","2024-05-25T20:20:57.743Z","ask"
"697.49","0.00353029","2024-05-25T20:20:57.743Z","ask"
"697.54","0.07276933","2024-05-25T20:20:57.743Z","ask"
"698","5.72227793","2024-05-25T20:20:57.743Z","ask"
"698.59","0.07265997","2024-05-25T20:20:57.743Z","ask"
"698.74","10","2024-05-25T20:20:57.743Z","ask"
"698.79","1.08245815","2024-05-25T20:20:57.743Z","ask"
"699","2.3014306","2024-05-25T20:20:57.743Z","ask"
"699.64","0.07255093","2024-05-25T20:20:57.743Z","ask"
"699.92","0.11092993","2024-05-25T20:20:57.743Z","ask"
"699.99","0.73149804","2024-05-25T20:20:57.743Z","ask"
"700","982.97701259","2024-05-25T20:20:57.743Z","ask"
"700.5","0.00725981","2024-05-25T20:20:57.743Z","ask"
"700.69","0.07244223","2024-05-25T20:20:57.743Z","ask"
"701.25","1.1114822","2024-05-25T20:20:57.743Z","ask"
"701.47","0.42295426","2024-05-25T20:20:57.743Z","ask"
"701.53","0.57246305","2024-05-25T20:20:57.743Z","ask"
"701.74","0.07233385","2024-05-25T20:20:57.743Z","ask"
"702","1.36","2024-05-25T20:20:57.743Z","ask"
"702.22","4.02135089","2024-05-25T20:20:57.743Z","ask"
"702.8","0.07222475","2024-05-25T20:20:57.743Z","ask"
"703","1.10702736","2024-05-25T20:20:57.743Z","ask"
"703.86","0.07211599","2024-05-25T20:20:57.743Z","ask"
"703.88","0.00349825","2024-05-25T20:20:57.743Z","ask"
"703.89","0.0081","2024-05-25T20:20:57.743Z","ask"
"704","0.01","2024-05-25T20:20:57.743Z","ask"
"704.92","0.07200755","2024-05-25T20:20:57.743Z","ask"
"705","44.89930822","2024-05-25T20:20:57.743Z","ask"
"705.22","0.0081","2024-05-25T20:20:57.743Z","ask"
"705.72","0.0093219","2024-05-25T20:20:57.743Z","ask"
"705.79","0.01620006","2024-05-25T20:20:57.743Z","ask"
"705.98","0.07189943","2024-05-25T20:20:57.743Z","ask"
"706","2.00003053","2024-05-25T20:20:57.743Z","ask"
"707.04","0.07179165","2024-05-25T20:20:57.743Z","ask"
"708","0.36","2024-05-25T20:20:57.743Z","ask"
"708.1","0.07168418","2024-05-25T20:20:57.743Z","ask"
"708.82","0.0054","2024-05-25T20:20:57.743Z","ask"
"708.95","0.0054","2024-05-25T20:20:57.743Z","ask"
"709","1.10264013","2024-05-25T20:20:57.743Z","ask"
"709.16","0.07157703","2024-05-25T20:20:57.743Z","ask"
"709.49","5","2024-05-25T20:20:57.743Z","ask"
"710","39.2711455","2024-05-25T20:20:57.743Z","ask"
"710.23","0.07146919","2024-05-25T20:20:57.743Z","ask"
"710.33","3.97887359","2024-05-25T20:20:57.743Z","ask"
"710.54","1.38649174","2024-05-25T20:20:57.743Z","ask"
"711","20.305","2024-05-25T20:20:57.743Z","ask"
"711.02","0.02447629","2024-05-25T20:20:57.743Z","ask"
"711.11","1","2024-05-25T20:20:57.743Z","ask"
"711.3","0.07136168","2024-05-25T20:20:57.743Z","ask"
"711.87","0.107","2024-05-25T20:20:57.743Z","ask"
"712","18.01085481","2024-05-25T20:20:57.743Z","ask"
"712.37","0.07125448","2024-05-25T20:20:57.743Z","ask"
"712.61","0.0027","2024-05-25T20:20:57.743Z","ask"
"713","4.70779803","2024-05-25T20:20:57.743Z","ask"
"713.13","10","2024-05-25T20:20:57.743Z","ask"
"713.37","0.55","2024-05-25T20:20:57.743Z","ask"
"713.38","0.0027","2024-05-25T20:20:57.743Z","ask"
"713.44","0.07114761","2024-05-25T20:20:57.743Z","ask"
"713.49","0.42295426","2024-05-25T20:20:57.743Z","ask"
"713.68","0.0027","2024-05-25T20:20:57.743Z","ask"
"714","0.36","2024-05-25T20:20:57.743Z","ask"
"714.51","0.07104106","2024-05-25T20:20:57.743Z","ask"
"714.87","0.00704023","2024-05-25T20:20:57.743Z","ask"
"715","8.71225342","2024-05-25T20:20:57.743Z","ask"
"715.5","0.3","2024-05-25T20:20:57.743Z","ask"
"715.58","0.07093482","2024-05-25T20:20:57.743Z","ask"
"715.98","0.00704905","2024-05-25T20:20:57.743Z","ask"
"716.09","0.00287357","2024-05-25T20:20:57.743Z","ask"
"716.32","0.00287357","2024-05-25T20:20:57.743Z","ask"
"716.5","1.1579986","2024-05-25T20:20:57.743Z","ask"
"716.66","11.95370495","2024-05-25T20:20:57.743Z","ask"
"716.88","0.051827","2024-05-25T20:20:57.743Z","ask"
"717","1.3","2024-05-25T20:20:57.743Z","ask"
"717.25","5","2024-05-25T20:20:57.743Z","ask"
"717.32","33.57563418","2024-05-25T20:20:57.743Z","ask"
"717.74","0.07072131","2024-05-25T20:20:57.743Z","ask"
"718","4.46165244","2024-05-25T20:20:57.743Z","ask"
"718.18","5","2024-05-25T20:20:57.743Z","ask"
"718.39","0.00689559","2024-05-25T20:20:57.743Z","ask"
"718.42","3.5","2024-05-25T20:20:57.743Z","ask"
"718.54","3.92999934","2024-05-25T20:20:57.743Z","ask"
"718.71","0.00281453","2024-05-25T20:20:57.743Z","ask"
"718.82","0.07061504","2024-05-25T20:20:57.743Z","ask"
"719","4.7144364","2024-05-25T20:20:57.743Z","ask"
"719.43","0.08385806","2024-05-25T20:20:57.743Z","ask"
"719.77","0.8487836","2024-05-25T20:20:57.743Z","ask"
"719.9","7.07050909","2024-05-25T20:20:57.743Z","ask"
"719.99","0.0027","2024-05-25T20:20:57.743Z","ask"
"720","62.72875577","2024-05-25T20:20:57.743Z","ask"
"720.49","16.76134757","2024-05-25T20:20:57.743Z","ask"
"720.69","0.24022179","2024-05-25T20:20:57.743Z","ask"
"720.9","0.35773047","2024-05-25T20:20:57.743Z","ask"
"720.98","0.07040345","2024-05-25T20:20:57.743Z","ask"
"721","1.63728471","2024-05-25T20:20:57.743Z","ask"
"721.1","5","2024-05-25T20:20:57.743Z","ask"
"721.89","20.00452321","2024-05-25T20:20:57.743Z","ask"
"722","8","2024-05-25T20:20:57.743Z","ask"
"722.06","0.07029814","2024-05-25T20:20:57.743Z","ask"
"722.28","1.64093144","2024-05-25T20:20:57.743Z","ask"
"722.88","0.00695827","2024-05-25T20:20:57.743Z","ask"
"723","0.3923968","2024-05-25T20:20:57.743Z","ask"
"723.08","1.5242266","2024-05-25T20:20:57.743Z","ask"
"723.15","0.07019215","2024-05-25T20:20:57.743Z","ask"
"724","1.92024475","2024-05-25T20:20:57.743Z","ask"
"724.24","0.07008649","2024-05-25T20:20:57.743Z","ask"
"724.54","9","2024-05-25T20:20:57.743Z","ask"
"724.68","1","2024-05-25T20:20:57.743Z","ask"
"724.86","11.2009681","2024-05-25T20:20:57.743Z","ask"
"724.89","0.02447629","2024-05-25T20:20:57.743Z","ask"
"725","19.25356019","2024-05-25T20:20:57.743Z","ask"
"725.04","2.87036719","2024-05-25T20:20:57.743Z","ask"
"725.35","0.00979809","2024-05-25T20:20:57.743Z","ask"
"725.51","0.42295426","2024-05-25T20:20:57.743Z","ask"
"725.78","0.05395905","2024-05-25T20:20:57.743Z","ask"
"726","0.3","2024-05-25T20:20:57.743Z","ask"
"726.56","13.51016483","2024-05-25T20:20:57.743Z","ask"
"726.57","0.09395598","2024-05-25T20:20:57.743Z","ask"
"726.85","3.88507214","2024-05-25T20:20:57.743Z","ask"
"727","10.60512635","2024-05-25T20:20:57.743Z","ask"
"727.25","1.8","2024-05-25T20:20:57.743Z","ask"
"728","2.16","2024-05-25T20:20:57.743Z","ask"
"728.1","0.0701708","2024-05-25T20:20:57.743Z","ask"
"728.51","0.01372652","2024-05-25T20:20:57.743Z","ask"
"728.99","1.46303227","2024-05-25T20:20:57.743Z","ask"
"729","0.83","2024-05-25T20:20:57.743Z","ask"
"729.5","2.8","2024-05-25T20:20:57.743Z","ask"
"729.72","13.51016483","2024-05-25T20:20:57.743Z","ask"
"730","4.38793832","2024-05-25T20:20:57.743Z","ask"
"730.47","0.04","2024-05-25T20:20:57.743Z","ask"
"730.91","3.00002869","2024-05-25T20:20:57.743Z","ask"
"732","0.3","2024-05-25T20:20:57.743Z","ask"
"732.17","0.07235964","2024-05-25T20:20:57.743Z","ask"
"733","1.4344122","2024-05-25T20:20:57.743Z","ask"
"734","11.41009802","2024-05-25T20:20:57.743Z","ask"
"734.01","10.20526413","2024-05-25T20:20:57.743Z","ask"
"734.77","0.55","2024-05-25T20:20:57.743Z","ask"
"735","2.33","2024-05-25T20:20:57.743Z","ask"
"735.25","3.84068117","2024-05-25T20:20:57.743Z","ask"
"735.87","0.061224","2024-05-25T20:20:57.743Z","ask"
"736.47","1.36529662","2024-05-25T20:20:57.743Z","ask"
"737.53","0.42295426","2024-05-25T20:20:57.743Z","ask"
"737.9","0.01453","2024-05-25T20:20:57.743Z","ask"
"737.99","1.28562932","2024-05-25T20:20:57.743Z","ask"
"738","9.2807","2024-05-25T20:20:57.743Z","ask"
"738.76","0.02447629","2024-05-25T20:20:57.743Z","ask"
"739.92","2.79968564","2024-05-25T20:20:57.743Z","ask"
"740","9.34366771","2024-05-25T20:20:57.743Z","ask"
"741","0.42393398","2024-05-25T20:20:57.743Z","ask"
"741.15","0.145","2024-05-25T20:20:57.743Z","ask"
"743","3.64718944","2024-05-25T20:20:57.743Z","ask"
"743.55","0.02804453","2024-05-25T20:20:57.743Z","ask"
"744","0.3","2024-05-25T20:20:57.743Z","ask"
"745","16.53571238","2024-05-25T20:20:57.743Z","ask"
"745.39","1.72303994","2024-05-25T20:20:57.743Z","ask"
"746.54","0.01606968","2024-05-25T20:20:57.743Z","ask"
"747","1.52","2024-05-25T20:20:57.743Z","ask"
"747.23","0.06731529","2024-05-25T20:20:57.743Z","ask"
"747.7","0.2","2024-05-25T20:20:57.743Z","ask"
"748","0.1675","2024-05-25T20:20:57.743Z","ask"
"748.68","1","2024-05-25T20:20:57.743Z","ask"
"748.72","0.01072134","2024-05-25T20:20:57.743Z","ask"
"748.81","4.58347974","2024-05-25T20:20:57.743Z","ask"
"748.83","0.9185","2024-05-25T20:20:57.743Z","ask"
"748.88","1","2024-05-25T20:20:57.743Z","ask"
"749","9.25","2024-05-25T20:20:57.743Z","ask"
"749.23","1","2024-05-25T20:20:57.743Z","ask"
"749.55","0.44173486","2024-05-25T20:20:57.743Z","ask"
"749.77","1","2024-05-25T20:20:57.743Z","ask"
"749.89","2.41636922","2024-05-25T20:20:57.743Z","ask"
"749.92","42.28969965","2024-05-25T20:20:57.743Z","ask"
"750","119.37630966","2024-05-25T20:20:57.743Z","ask"
"750.11","0.39254634","2024-05-25T20:20:57.743Z","ask"
"750.14","0.01","2024-05-25T20:20:57.743Z","ask"
"750.55","0.61742368","2024-05-25T20:20:57.743Z","ask"
"750.68","0.13321184","2024-05-25T20:20:57.743Z","ask"
"751.12","0.0174093","2024-05-25T20:20:57.743Z","ask"
"752","1","2024-05-25T20:20:57.743Z","ask"
"752.27","1","2024-05-25T20:20:57.743Z","ask"
"752.63","0.02447629","2024-05-25T20:20:57.743Z","ask"
"753","2.3","2024-05-25T20:20:57.743Z","ask"
"753.12","0.03319521","2024-05-25T20:20:57.743Z","ask"
"754","0.55921877","2024-05-25T20:20:57.743Z","ask"
"754.33","0.05","2024-05-25T20:20:57.743Z","ask"
"755","3.054","2024-05-25T20:20:57.743Z","ask"
"755.52","0.03630304","2024-05-25T20:20:57.743Z","ask"
"756","0.3","2024-05-25T20:20:57.743Z","ask"
"756.8","0.25403776","2024-05-25T20:20:57.743Z","ask"
"756.82","0.55","2024-05-25T20:20:57.743Z","ask"
"756.87","0.00664579","2024-05-25T20:20:57.743Z","ask"
"757.17","1.07153959","2024-05-25T20:20:57.743Z","ask"
"757.81","0.07431862","2024-05-25T20:20:57.743Z","ask"
"758","10.16307178","2024-05-25T20:20:57.743Z","ask"
"758.17","0.107","2024-05-25T20:20:57.743Z","ask"
"758.24","0.5","2024-05-25T20:20:57.743Z","ask"
"759","0.3","2024-05-25T20:20:57.743Z","ask"
"759.5","0.5","2024-05-25T20:20:57.743Z","ask"
"760","11.66307958","2024-05-25T20:20:57.743Z","ask"
"760.15","0.06694559","2024-05-25T20:20:57.743Z","ask"
"760.36","0.01428416","2024-05-25T20:20:57.743Z","ask"
"761","10","2024-05-25T20:20:57.743Z","ask"
"761.57","0.42295426","2024-05-25T20:20:57.743Z","ask"
"762","5.00588235","2024-05-25T20:20:57.743Z","ask"
"763","0.03","2024-05-25T20:20:57.743Z","ask"
"763.46","2.7","2024-05-25T20:20:57.743Z","ask"
"765","4.01737255","2024-05-25T20:20:57.743Z","ask"
"768","0.33","2024-05-25T20:20:57.743Z","ask"
"768.12","2","2024-05-25T20:20:57.743Z","ask"
"769.69","0.25","2024-05-25T20:20:57.743Z","ask"
"770","9.46054335","2024-05-25T20:20:57.743Z","ask"
"771","0.3","2024-05-25T20:20:57.743Z","ask"
"772","0.27986673","2024-05-25T20:20:57.743Z","ask"
"772.43","0.06473534","2024-05-25T20:20:57.743Z","ask"
"773","1","2024-05-25T20:20:57.743Z","ask"
"773.23","0.075","2024-05-25T20:20:57.743Z","ask"
"773.59","0.42295426","2024-05-25T20:20:57.743Z","ask"
"773.68","0.03231289","2024-05-25T20:20:57.743Z","ask"
"774","0.35","2024-05-25T20:20:57.743Z","ask"
"775","6.25293675","2024-05-25T20:20:57.743Z","ask"
"776","5","2024-05-25T20:20:57.743Z","ask"
"777","8.74394474","2024-05-25T20:20:57.743Z","ask"
"777.77","0.52","2024-05-25T20:20:57.743Z","ask"
"778","5","2024-05-25T20:20:57.743Z","ask"
"779","3.89196839","2024-05-25T20:20:57.743Z","ask"
"779.52","0.55","2024-05-25T20:20:57.743Z","ask"
"780","18.86408327","2024-05-25T20:20:57.743Z","ask"
"782","0.25","2024-05-25T20:20:57.743Z","ask"
"782.42","0.51","2024-05-25T20:20:57.743Z","ask"
"782.64","20","2024-05-25T20:20:57.743Z","ask"
"782.92","0.06","2024-05-25T20:20:57.743Z","ask"
"783","38.91953175","2024-05-25T20:20:57.743Z","ask"
"783.34","1","2024-05-25T20:20:57.743Z","ask"
"784.57","0.25","2024-05-25T20:20:57.743Z","ask"
"784.99","0.25","2024-05-25T20:20:57.743Z","ask"
"785","0.15","2024-05-25T20:20:57.743Z","ask"
"785.61","0.42295426","2024-05-25T20:20:57.743Z","ask"
"786","0.3","2024-05-25T20:20:57.743Z","ask"
"786.8","0.0837308","2024-05-25T20:20:57.743Z","ask"
"787.5","30.25","2024-05-25T20:20:57.743Z","ask"
"788","3.37859736","2024-05-25T20:20:57.743Z","ask"
"789","50.3","2024-05-25T20:20:57.743Z","ask"
"789.32","221.69725164","2024-05-25T20:20:57.743Z","ask"
"789.84","0.005","2024-05-25T20:20:57.743Z","ask"
"789.89","0.5","2024-05-25T20:20:57.743Z","ask"
"790","12.39231195","2024-05-25T20:20:57.743Z","ask"
"790.8","0.08293839","2024-05-25T20:20:57.743Z","ask"
"791","0.33944183","2024-05-25T20:20:57.743Z","ask"
"792","2.3","2024-05-25T20:20:57.743Z","ask"
"793","0.013","2024-05-25T20:20:57.743Z","ask"
"794","0.22","2024-05-25T20:20:57.743Z","ask"
"795","12.9070438","2024-05-25T20:20:57.743Z","ask"
"796.33","2.235","2024-05-25T20:20:57.743Z","ask"
"797.4","0.129657","2024-05-25T20:20:57.743Z","ask"
"798","13.61183713","2024-05-25T20:20:57.743Z","ask"
"798.63","0.4","2024-05-25T20:20:57.743Z","ask"
"799","5.08891113","2024-05-25T20:20:57.743Z","ask"
"799.55","0.19505326","2024-05-25T20:20:57.743Z","ask"
"799.9","0.1","2024-05-25T20:20:57.743Z","ask"
"799.98","0.06321301","2024-05-25T20:20:57.743Z","ask"
"799.99","33.10523584","2024-05-25T20:20:57.743Z","ask"
"800","183.1044633","2024-05-25T20:20:57.743Z","ask"
"800.05","0.26325121","2024-05-25T20:20:57.743Z","ask"
"800.5","0.02960648","2024-05-25T20:20:57.743Z","ask"
"801","0.3","2024-05-25T20:20:57.743Z","ask"
"802","0.49875311","2024-05-25T20:20:57.743Z","ask"
"802.91","0.55","2024-05-25T20:20:57.743Z","ask"
"803.22","5","2024-05-25T20:20:57.743Z","ask"
"804","1.3","2024-05-25T20:20:57.743Z","ask"
"805","100.99362024","2024-05-25T20:20:57.743Z","ask"
"807","2.3","2024-05-25T20:20:57.743Z","ask"
"807.48","0.107","2024-05-25T20:20:57.743Z","ask"
"809.23","0.5","2024-05-25T20:20:57.743Z","ask"
"810","10.09527319","2024-05-25T20:20:57.743Z","ask"
"811","0.01","2024-05-25T20:20:57.743Z","ask"
"812","2.23152709","2024-05-25T20:20:57.743Z","ask"
"813","0.3","2024-05-25T20:20:57.743Z","ask"
"813.12","1","2024-05-25T20:20:57.743Z","ask"
"815","0.05","2024-05-25T20:20:57.743Z","ask"
"816","0.3","2024-05-25T20:20:57.743Z","ask"
"818","6.74155445","2024-05-25T20:20:57.743Z","ask"
"819","0.3","2024-05-25T20:20:57.743Z","ask"
"820","37.70932554","2024-05-25T20:20:57.743Z","ask"
"822","0.3","2024-05-25T20:20:57.743Z","ask"
"825","17.51402047","2024-05-25T20:20:57.743Z","ask"
"826.99","0.55","2024-05-25T20:20:57.743Z","ask"
"828","0.3125","2024-05-25T20:20:57.743Z","ask"
"829.62","10.25998252","2024-05-25T20:20:57.743Z","ask"
"830","4.3590922","2024-05-25T20:20:57.743Z","ask"
"830.99","0.00605002","2024-05-25T20:20:57.743Z","ask"
"831","0.3","2024-05-25T20:20:57.743Z","ask"
"833","0.01","2024-05-25T20:20:57.743Z","ask"
"834","0.3","2024-05-25T20:20:57.743Z","ask"
"834.45","0.009","2024-05-25T20:20:57.743Z","ask"
"835","381.07813855","2024-05-25T20:20:57.743Z","ask"
"837","0.3","2024-05-25T20:20:57.743Z","ask"
"838","0.013","2024-05-25T20:20:57.743Z","ask"
"838.38","0.37571344","2024-05-25T20:20:57.743Z","ask"
"838.9","0.01275","2024-05-25T20:20:57.743Z","ask"
"840","2.67911008","2024-05-25T20:20:57.743Z","ask"
"843","0.35","2024-05-25T20:20:57.743Z","ask"
"844","2","2024-05-25T20:20:57.743Z","ask"
"845","0.33918353","2024-05-25T20:20:57.743Z","ask"
"845.51","0.0701708","2024-05-25T20:20:57.743Z","ask"
"846","26.301744","2024-05-25T20:20:57.743Z","ask"
"848","50.86906572","2024-05-25T20:20:57.743Z","ask"
"849","0.31421202","2024-05-25T20:20:57.743Z","ask"
"849.88","0.012","2024-05-25T20:20:57.743Z","ask"
"850","53.77551367","2024-05-25T20:20:57.743Z","ask"
"851.8","0.55","2024-05-25T20:20:57.743Z","ask"
"852","0.3","2024-05-25T20:20:57.743Z","ask"
"855","0.36","2024-05-25T20:20:57.743Z","ask"
"857.43","0.04382844","2024-05-25T20:20:57.743Z","ask"
"858","0.3","2024-05-25T20:20:57.743Z","ask"
"858.26","0.05826151","2024-05-25T20:20:57.743Z","ask"
"859","1","2024-05-25T20:20:57.743Z","ask"
"860","2.32723294","2024-05-25T20:20:57.743Z","ask"
"861","2.09668688","2024-05-25T20:20:57.743Z","ask"
"861.01","0.36319311","2024-05-25T20:20:57.743Z","ask"
"864","0.13587443","2024-05-25T20:20:57.744Z","ask"
"865","5.05","2024-05-25T20:20:57.744Z","ask"
"867","0.36","2024-05-25T20:20:57.744Z","ask"
"870","0.46","2024-05-25T20:20:57.744Z","ask"
"870.7","2.2990681","2024-05-25T20:20:57.744Z","ask"
"873","0.36","2024-05-25T20:20:57.744Z","ask"
"875","1.062","2024-05-25T20:20:57.744Z","ask"
"876","0.93077625","2024-05-25T20:20:57.744Z","ask"
"876.54","0.15","2024-05-25T20:20:57.744Z","ask"
"877","0.01","2024-05-25T20:20:57.744Z","ask"
"877.36","0.55","2024-05-25T20:20:57.744Z","ask"
"878.82","0.05","2024-05-25T20:20:57.744Z","ask"
"879","0.36","2024-05-25T20:20:57.744Z","ask"
"879.26","0.0262009","2024-05-25T20:20:57.744Z","ask"
"880","1.0678795","2024-05-25T20:20:57.744Z","ask"
"882","0.36","2024-05-25T20:20:57.744Z","ask"
"882.5","15.25","2024-05-25T20:20:57.744Z","ask"
"884","5","2024-05-25T20:20:57.744Z","ask"
"884.4","0.25","2024-05-25T20:20:57.744Z","ask"
"885","18.22898972","2024-05-25T20:20:57.744Z","ask"
"887","0.25","2024-05-25T20:20:57.744Z","ask"
"888","30.63753171","2024-05-25T20:20:57.744Z","ask"
"888.88","38.57352727","2024-05-25T20:20:57.744Z","ask"
"889","0.77330821","2024-05-25T20:20:57.744Z","ask"
"889.2","1","2024-05-25T20:20:57.744Z","ask"
"890","1.56318202","2024-05-25T20:20:57.744Z","ask"
"891","0.36","2024-05-25T20:20:57.744Z","ask"
"891.59","0.01","2024-05-25T20:20:57.744Z","ask"
"894","0.76","2024-05-25T20:20:57.744Z","ask"
"895","0.15","2024-05-25T20:20:57.744Z","ask"
"897","0.36","2024-05-25T20:20:57.744Z","ask"
"898","0.1","2024-05-25T20:20:57.744Z","ask"
"899","2.12458467","2024-05-25T20:20:57.744Z","ask"
"900","63.16446233","2024-05-25T20:20:57.744Z","ask"
"903","100.36","2024-05-25T20:20:57.744Z","ask"
"903.68","0.55","2024-05-25T20:20:57.744Z","ask"
"904.21","0.0701708","2024-05-25T20:20:57.744Z","ask"
"905","1.05","2024-05-25T20:20:57.744Z","ask"
"906","4.03498937","2024-05-25T20:20:57.744Z","ask"
"907","2","2024-05-25T20:20:57.744Z","ask"
"909","0.36","2024-05-25T20:20:57.744Z","ask"
"910","7.39023394","2024-05-25T20:20:57.744Z","ask"
"911","0.01","2024-05-25T20:20:57.744Z","ask"
"912","88.36","2024-05-25T20:20:57.744Z","ask"
"914","0.006","2024-05-25T20:20:57.744Z","ask"
"914.4","5","2024-05-25T20:20:57.744Z","ask"
"915","0.38","2024-05-25T20:20:57.744Z","ask"
"916.11","0.54818037","2024-05-25T20:20:57.744Z","ask"
"918","0.36","2024-05-25T20:20:57.744Z","ask"
"919","0.015","2024-05-25T20:20:57.744Z","ask"
"920","0.1","2024-05-25T20:20:57.744Z","ask"
"920.08","5","2024-05-25T20:20:57.744Z","ask"
"921","0.36","2024-05-25T20:20:57.744Z","ask"
"923.8","0.3","2024-05-25T20:20:57.744Z","ask"
"924","0.41465368","2024-05-25T20:20:57.744Z","ask"
"925","3.03507462","2024-05-25T20:20:57.744Z","ask"
"925.6","5","2024-05-25T20:20:57.744Z","ask"
"926.25","1","2024-05-25T20:20:57.744Z","ask"
"927","0.36","2024-05-25T20:20:57.744Z","ask"
"930","0.52","2024-05-25T20:20:57.744Z","ask"
"930.79","0.55","2024-05-25T20:20:57.744Z","ask"
"933","0.37","2024-05-25T20:20:57.744Z","ask"
"935","0.05","2024-05-25T20:20:57.744Z","ask"
"936","0.36","2024-05-25T20:20:57.744Z","ask"
"938","0.5","2024-05-25T20:20:57.744Z","ask"
"939","0.36","2024-05-25T20:20:57.744Z","ask"
"940","1.25385377","2024-05-25T20:20:57.744Z","ask"
"940.31","0.009","2024-05-25T20:20:57.744Z","ask"
"942","4.66184847","2024-05-25T20:20:57.744Z","ask"
"943","16.49495876","2024-05-25T20:20:57.744Z","ask"
"944","0.4","2024-05-25T20:20:57.744Z","ask"
"944.1","9.66816366","2024-05-25T20:20:57.744Z","ask"
"945","0.91","2024-05-25T20:20:57.744Z","ask"
"948","0.86","2024-05-25T20:20:57.744Z","ask"
"949","1","2024-05-25T20:20:57.744Z","ask"
"950","11.76001113","2024-05-25T20:20:57.744Z","ask"
"951","0.55531168","2024-05-25T20:20:57.744Z","ask"
"953.62","0.05243548","2024-05-25T20:20:57.744Z","ask"
"954","0.36","2024-05-25T20:20:57.744Z","ask"
"955","0.06","2024-05-25T20:20:57.744Z","ask"
"957","0.36","2024-05-25T20:20:57.744Z","ask"
"958","100","2024-05-25T20:20:57.744Z","ask"
"960","0.621","2024-05-25T20:20:57.744Z","ask"
"962.92","0.0701708","2024-05-25T20:20:57.744Z","ask"
"963","0.36","2024-05-25T20:20:57.744Z","ask"
"964.33","0.74","2024-05-25T20:20:57.744Z","ask"
"965","0.55","2024-05-25T20:20:57.744Z","ask"
"966","0.36","2024-05-25T20:20:57.744Z","ask"
"968","5.434","2024-05-25T20:20:57.744Z","ask"
"968.35","5","2024-05-25T20:20:57.744Z","ask"
"969","0.36","2024-05-25T20:20:57.744Z","ask"
"969.01","0.2482693","2024-05-25T20:20:57.744Z","ask"
"969.88","0.09392836","2024-05-25T20:20:57.744Z","ask"
"970","0.111","2024-05-25T20:20:57.744Z","ask"
"970.41","5","2024-05-25T20:20:57.744Z","ask"
"972","0.36","2024-05-25T20:20:57.744Z","ask"
"972.96","0.06694559","2024-05-25T20:20:57.744Z","ask"
"974","0.4","2024-05-25T20:20:57.744Z","ask"
"974.11","5","2024-05-25T20:20:57.744Z","ask"
"975","0.61","2024-05-25T20:20:57.744Z","ask"
"975.5","1.733939","2024-05-25T20:20:57.744Z","ask"
"976.15","0.75","2024-05-25T20:20:57.744Z","ask"
"977","0.92387209","2024-05-25T20:20:57.744Z","ask"
"978","0.36","2024-05-25T20:20:57.744Z","ask"
"978.88","0.1","2024-05-25T20:20:57.744Z","ask"
"979.99","0.00718222","2024-05-25T20:20:57.744Z","ask"
"980","5.3","2024-05-25T20:20:57.744Z","ask"
"980.5","1.52101248","2024-05-25T20:20:57.744Z","ask"
"981","0.86968399","2024-05-25T20:20:57.744Z","ask"
"982","0.05","2024-05-25T20:20:57.744Z","ask"
"984","0.36","2024-05-25T20:20:57.744Z","ask"
"984.35","0.5","2024-05-25T20:20:57.744Z","ask"
"985","2.36429637","2024-05-25T20:20:57.744Z","ask"
"985.15","0.84545202","2024-05-25T20:20:57.744Z","ask"
"985.76","2.83631658","2024-05-25T20:20:57.744Z","ask"
"986.45","0.09834778","2024-05-25T20:20:57.744Z","ask"
"987","0.6132928","2024-05-25T20:20:57.744Z","ask"
"987.8","5","2024-05-25T20:20:57.744Z","ask"
"988","4","2024-05-25T20:20:57.744Z","ask"
"988.2","0.097","2024-05-25T20:20:57.744Z","ask"
"989","2.5","2024-05-25T20:20:57.744Z","ask"
"989.69","0.1","2024-05-25T20:20:57.744Z","ask"
"989.89","0.45459596","2024-05-25T20:20:57.744Z","ask"
"990","46.78034744","2024-05-25T20:20:57.744Z","ask"
"990.04","5","2024-05-25T20:20:57.744Z","ask"
"991","0.16374816","2024-05-25T20:20:57.744Z","ask"
"993","0.36","2024-05-25T20:20:57.744Z","ask"
"994","0.3","2024-05-25T20:20:57.744Z","ask"
"995","31.09585873","2024-05-25T20:20:57.744Z","ask"
"996","2.74131552","2024-05-25T20:20:57.744Z","ask"
"996.37","0.25","2024-05-25T20:20:57.744Z","ask"
"997","4.6","2024-05-25T20:20:57.744Z","ask"
"998","1.95444386","2024-05-25T20:20:57.744Z","ask"
"998.42","1.01","2024-05-25T20:20:57.744Z","ask"
"999","148.30916905","2024-05-25T20:20:57.744Z","ask"
"999.98","0.75","2024-05-25T20:20:57.744Z","ask"
"999.99","3.33303333","2024-05-25T20:20:57.744Z","ask"
"1000","2068.85054303","2024-05-25T20:20:57.744Z","ask"
"1001","1","2024-05-25T20:20:57.744Z","ask"
"1002","0.36","2024-05-25T20:20:57.744Z","ask"
"1003","100","2024-05-25T20:20:57.744Z","ask"
"1004.02","10","2024-05-25T20:20:57.744Z","ask"
"1005","0.36","2024-05-25T20:20:57.744Z","ask"
"1008","0.36","2024-05-25T20:20:57.744Z","ask"
"1010","3.25","2024-05-25T20:20:57.744Z","ask"
"1011","0.36","2024-05-25T20:20:57.744Z","ask"
"1011.11","2","2024-05-25T20:20:57.744Z","ask"
"1012","0.01","2024-05-25T20:20:57.744Z","ask"
"1014","0.36","2024-05-25T20:20:57.744Z","ask"
"1017","0.36","2024-05-25T20:20:57.744Z","ask"
"1020","1.48745098","2024-05-25T20:20:57.744Z","ask"
"1020.23","5","2024-05-25T20:20:57.744Z","ask"
"1021","1","2024-05-25T20:20:57.744Z","ask"
"1021.12","0.2","2024-05-25T20:20:57.744Z","ask"
"1021.62","0.0701708","2024-05-25T20:20:57.744Z","ask"
"1022","0.22164134","2024-05-25T20:20:57.744Z","ask"
"1023","0.37","2024-05-25T20:20:57.744Z","ask"
"1024","5","2024-05-25T20:20:57.744Z","ask"
"1025","0.01535689","2024-05-25T20:20:57.744Z","ask"
"1025.9","5","2024-05-25T20:20:57.744Z","ask"
"1026","0.36","2024-05-25T20:20:57.744Z","ask"
"1029","0.36","2024-05-25T20:20:57.744Z","ask"
"1030","3.5","2024-05-25T20:20:57.744Z","ask"
"1032","0.36","2024-05-25T20:20:57.744Z","ask"
"1035","0.36","2024-05-25T20:20:57.744Z","ask"
"1038","0.36","2024-05-25T20:20:57.744Z","ask"
"1040.33","2.06576357","2024-05-25T20:20:57.744Z","ask"
"1041","0.36","2024-05-25T20:20:57.744Z","ask"
"1044","1.00999066","2024-05-25T20:20:57.744Z","ask"
"1046","3","2024-05-25T20:20:57.744Z","ask"
"1047","0.36","2024-05-25T20:20:57.744Z","ask"
"1049","1.70522","2024-05-25T20:20:57.744Z","ask"
"1050","62.52828113","2024-05-25T20:20:57.744Z","ask"
"1052","3.59035717","2024-05-25T20:20:57.744Z","ask"
"1052.17","0.8800688","2024-05-25T20:20:57.744Z","ask"
"1053","0.36","2024-05-25T20:20:57.744Z","ask"
"1056","50.36","2024-05-25T20:20:57.744Z","ask"
"1059","0.36","2024-05-25T20:20:57.744Z","ask"
"1059.58","0.04719183","2024-05-25T20:20:57.744Z","ask"
"1060","0.02","2024-05-25T20:20:57.744Z","ask"
"1062","0.36","2024-05-25T20:20:57.744Z","ask"
"1065","0.8820243","2024-05-25T20:20:57.744Z","ask"
"1065.92","5","2024-05-25T20:20:57.744Z","ask"
"1068","0.36","2024-05-25T20:20:57.744Z","ask"
"1068.2","5","2024-05-25T20:20:57.744Z","ask"
"1069.22","0.10436538","2024-05-25T20:20:57.744Z","ask"
"1070","4.10061846","2024-05-25T20:20:57.744Z","ask"
"1071","0.36","2024-05-25T20:20:57.744Z","ask"
"1072","0.05134584","2024-05-25T20:20:57.744Z","ask"
"1074","0.36","2024-05-25T20:20:57.744Z","ask"
"1075","0.9679","2024-05-25T20:20:57.744Z","ask"
"1077","2.36","2024-05-25T20:20:57.744Z","ask"
"1078.61","0.1","2024-05-25T20:20:57.744Z","ask"
"1080","0.36","2024-05-25T20:20:57.744Z","ask"
"1080.33","0.0701708","2024-05-25T20:20:57.744Z","ask"
"1083","0.36","2024-05-25T20:20:57.744Z","ask"
"1085","0.02","2024-05-25T20:20:57.744Z","ask"
"1086","0.36","2024-05-25T20:20:57.744Z","ask"
"1087","0.05","2024-05-25T20:20:57.744Z","ask"
"1089","0.36","2024-05-25T20:20:57.744Z","ask"
"1090","0.28908023","2024-05-25T20:20:57.744Z","ask"
"1092","0.36","2024-05-25T20:20:57.744Z","ask"
"1093.3","0.5","2024-05-25T20:20:57.744Z","ask"
"1095","0.51","2024-05-25T20:20:57.744Z","ask"
"1098","0.36","2024-05-25T20:20:57.744Z","ask"
"1099","1","2024-05-25T20:20:57.744Z","ask"
"1100","55.79634615","2024-05-25T20:20:57.744Z","ask"
"1101","0.36","2024-05-25T20:20:57.744Z","ask"
"1104","0.36","2024-05-25T20:20:57.744Z","ask"
"1107","0.36","2024-05-25T20:20:57.744Z","ask"
"1109","2","2024-05-25T20:20:57.744Z","ask"
"1110","0.36","2024-05-25T20:20:57.744Z","ask"
"1111","7.90618001","2024-05-25T20:20:57.744Z","ask"
"1113","0.36","2024-05-25T20:20:57.744Z","ask"
"1115.55","5","2024-05-25T20:20:57.744Z","ask"
"1116","0.36","2024-05-25T20:20:57.744Z","ask"
"1119","0.36","2024-05-25T20:20:57.744Z","ask"
"1119.8","0.09523456","2024-05-25T20:20:57.744Z","ask"
"1120","0.31246855","2024-05-25T20:20:57.744Z","ask"
"1122","0.36","2024-05-25T20:20:57.744Z","ask"
"1125","0.46004908","2024-05-25T20:20:57.744Z","ask"
"1128","0.36","2024-05-25T20:20:57.744Z","ask"
"1130","0.02","2024-05-25T20:20:57.744Z","ask"
"1131","0.36","2024-05-25T20:20:57.744Z","ask"
"1134","0.36","2024-05-25T20:20:57.744Z","ask"
"1137","0.36","2024-05-25T20:20:57.744Z","ask"
"1139.03","0.0701708","2024-05-25T20:20:57.744Z","ask"
"1140","0.36","2024-05-25T20:20:57.744Z","ask"
"1143","15.83","2024-05-25T20:20:57.744Z","ask"
"1146","0.36","2024-05-25T20:20:57.744Z","ask"
"1147.28","5","2024-05-25T20:20:57.744Z","ask"
"1149","0.36","2024-05-25T20:20:57.744Z","ask"
"1149.51","90","2024-05-25T20:20:57.744Z","ask"
"1150","15.1432963","2024-05-25T20:20:57.744Z","ask"
"1152.1","0.36","2024-05-25T20:20:57.744Z","ask"
"1155","0.36","2024-05-25T20:20:57.744Z","ask"
"1156.47","0.03477825","2024-05-25T20:20:57.744Z","ask"
"1158","0.36","2024-05-25T20:20:57.744Z","ask"
"1161","0.36","2024-05-25T20:20:57.744Z","ask"
"1163","0.52","2024-05-25T20:20:57.744Z","ask"
"1164","0.34","2024-05-25T20:20:57.744Z","ask"
"1167","0.32","2024-05-25T20:20:57.744Z","ask"
"1170","0.3","2024-05-25T20:20:57.744Z","ask"
"1173","3.85585302","2024-05-25T20:20:57.744Z","ask"
"1176","0.26","2024-05-25T20:20:57.744Z","ask"
"1177","2","2024-05-25T20:20:57.744Z","ask"
"1177.31","0.04247269","2024-05-25T20:20:57.744Z","ask"
"1179","1.21332876","2024-05-25T20:20:57.744Z","ask"
"1179.4","0.1","2024-05-25T20:20:57.744Z","ask"
"1182","0.22","2024-05-25T20:20:57.744Z","ask"
"1185","0.2","2024-05-25T20:20:57.744Z","ask"
"1187","0.01940809","2024-05-25T20:20:57.744Z","ask"
"1188","0.18","2024-05-25T20:20:57.744Z","ask"
"1189","18.04963128","2024-05-25T20:20:57.744Z","ask"
"1190","2.88632958","2024-05-25T20:20:57.744Z","ask"
"1191","0.16","2024-05-25T20:20:57.744Z","ask"
"1194","0.14","2024-05-25T20:20:57.744Z","ask"
"1196.1","0.086438","2024-05-25T20:20:57.744Z","ask"
"1197","0.12","2024-05-25T20:20:57.744Z","ask"
"1197.74","0.0701708","2024-05-25T20:20:57.744Z","ask"
"1198","0.01","2024-05-25T20:20:57.744Z","ask"
"1198.9","2.63525057","2024-05-25T20:20:57.744Z","ask"
"1199","7.5","2024-05-25T20:20:57.744Z","ask"
"1200","403.06768648","2024-05-25T20:20:57.744Z","ask"
"1203.99","0.00751626","2024-05-25T20:20:57.744Z","ask"
"1205","3.21955867","2024-05-25T20:20:57.744Z","ask"
"1210","0.2","2024-05-25T20:20:57.744Z","ask"
"1211.68","3.23822498","2024-05-25T20:20:57.744Z","ask"
"1220","7.68415826","2024-05-25T20:20:57.744Z","ask"
"1220.9","5","2024-05-25T20:20:57.744Z","ask"
"1222","0.05","2024-05-25T20:20:57.744Z","ask"
"1224","5.25195094","2024-05-25T20:20:57.744Z","ask"
"1230","7.99736675","2024-05-25T20:20:57.744Z","ask"
"1233","0.8","2024-05-25T20:20:57.744Z","ask"
"1234","81.5","2024-05-25T20:20:57.744Z","ask"
"1234.56","0.01","2024-05-25T20:20:57.744Z","ask"
"1235.25","0.097","2024-05-25T20:20:57.744Z","ask"
"1241","2.2178392","2024-05-25T20:20:57.744Z","ask"
"1243.15","0.40598729","2024-05-25T20:20:57.744Z","ask"
"1244.98","0.75","2024-05-25T20:20:57.744Z","ask"
"1245","1.44001341","2024-05-25T20:20:57.744Z","ask"
"1248","0.2","2024-05-25T20:20:57.744Z","ask"
"1250","103.20986957","2024-05-25T20:20:57.744Z","ask"
"1256.44","0.0701708","2024-05-25T20:20:57.744Z","ask"
"1260","0.99713044","2024-05-25T20:20:57.744Z","ask"
"1266.41","5","2024-05-25T20:20:57.744Z","ask"
"1276","0.01260816","2024-05-25T20:20:57.744Z","ask"
"1277","2","2024-05-25T20:20:57.744Z","ask"
"1277.07","17","2024-05-25T20:20:57.744Z","ask"
"1277.77","1","2024-05-25T20:20:57.744Z","ask"
"1278.68","0.1","2024-05-25T20:20:57.744Z","ask"
"1288","1.08505515","2024-05-25T20:20:57.744Z","ask"
"1288.88","0.999","2024-05-25T20:20:57.744Z","ask"
"1289","20","2024-05-25T20:20:57.744Z","ask"
"1290","1.68397755","2024-05-25T20:20:57.744Z","ask"
"1294","0.2","2024-05-25T20:20:57.744Z","ask"
"1298","3.1","2024-05-25T20:20:57.744Z","ask"
"1299","9","2024-05-25T20:20:57.744Z","ask"
"1300","18.30626129","2024-05-25T20:20:57.744Z","ask"
"1308.12","0.03822549","2024-05-25T20:20:57.744Z","ask"
"1310","1.52454251","2024-05-25T20:20:57.744Z","ask"
"1313.13","4.33953683","2024-05-25T20:20:57.744Z","ask"
"1315.14","0.0701708","2024-05-25T20:20:57.744Z","ask"
"1318.21","0.06694559","2024-05-25T20:20:57.744Z","ask"
"1320.1","5","2024-05-25T20:20:57.744Z","ask"
"1320.49","14.306","2024-05-25T20:20:57.744Z","ask"
"1322","0.02","2024-05-25T20:20:57.744Z","ask"
"1322.2","3","2024-05-25T20:20:57.744Z","ask"
"1331","1","2024-05-25T20:20:57.744Z","ask"
"1333","0.05","2024-05-25T20:20:57.744Z","ask"
"1336.98","0.09","2024-05-25T20:20:57.744Z","ask"
"1336.99","0.05085","2024-05-25T20:20:57.744Z","ask"
"1338","0.978","2024-05-25T20:20:57.744Z","ask"
"1340","0.02","2024-05-25T20:20:57.744Z","ask"
"1342.54","1","2024-05-25T20:20:57.744Z","ask"
"1343","0.05","2024-05-25T20:20:57.744Z","ask"
"1350","10.25862378","2024-05-25T20:20:57.744Z","ask"
"1355.28","5","2024-05-25T20:20:57.744Z","ask"
"1360","0.2952689","2024-05-25T20:20:57.744Z","ask"
"1368.76","0.28703157","2024-05-25T20:20:57.744Z","ask"
"1369","1.99999774","2024-05-25T20:20:57.744Z","ask"
"1373","0.02","2024-05-25T20:20:57.744Z","ask"
"1373.84","0.0701708","2024-05-25T20:20:57.744Z","ask"
"1377","2","2024-05-25T20:20:57.744Z","ask"
"1379.82","0.1","2024-05-25T20:20:57.744Z","ask"
"1380","0.01","2024-05-25T20:20:57.744Z","ask"
"1389","0.4","2024-05-25T20:20:57.744Z","ask"
"1390","1.33130259","2024-05-25T20:20:57.744Z","ask"
"1399","6.3122125","2024-05-25T20:20:57.744Z","ask"
"1400","97.14263511","2024-05-25T20:20:57.744Z","ask"
"1402","1","2024-05-25T20:20:57.744Z","ask"
"1404.2","0.25","2024-05-25T20:20:57.744Z","ask"
"1405","15.95767627","2024-05-25T20:20:57.744Z","ask"
"1407","0.75817","2024-05-25T20:20:57.744Z","ask"
"1410","14.5946935","2024-05-25T20:20:57.744Z","ask"
"1411","0.02","2024-05-25T20:20:57.744Z","ask"
"1413.97","0.015","2024-05-25T20:20:57.744Z","ask"
"1420","1.05","2024-05-25T20:20:57.744Z","ask"
"1420.07","5","2024-05-25T20:20:57.744Z","ask"
"1421","6","2024-05-25T20:20:57.744Z","ask"
"1425","3.46941328","2024-05-25T20:20:57.744Z","ask"
"1426","0.35180504","2024-05-25T20:20:57.744Z","ask"
"1428","15.47","2024-05-25T20:20:57.744Z","ask"
"1430","4","2024-05-25T20:20:57.744Z","ask"
"1432","0.09331703","2024-05-25T20:20:57.744Z","ask"
"1432.31","0.14938921","2024-05-25T20:20:57.744Z","ask"
"1432.54","0.0701708","2024-05-25T20:20:57.744Z","ask"
"1436","61.61675214","2024-05-25T20:20:57.744Z","ask"
"1444","62.17287562","2024-05-25T20:20:57.744Z","ask"
"1446.38","0.19089063","2024-05-25T20:20:57.744Z","ask"
"1448","0.02","2024-05-25T20:20:57.744Z","ask"
"1449","0.93362852","2024-05-25T20:20:57.744Z","ask"
"1454","4.17810979","2024-05-25T20:20:57.744Z","ask"
"1455","1","2024-05-25T20:20:57.744Z","ask"
"1458","13.81919564","2024-05-25T20:20:57.744Z","ask"
"1459","2","2024-05-25T20:20:57.744Z","ask"
"1460","0.75201247","2024-05-25T20:20:57.744Z","ask"
"1465.03","5","2024-05-25T20:20:57.744Z","ask"
"1468","0.1389","2024-05-25T20:20:57.744Z","ask"
"1468.84","0.03404287","2024-05-25T20:20:57.744Z","ask"
"1470","2.70468208","2024-05-25T20:20:57.744Z","ask"
"1474.01","11.42","2024-05-25T20:20:57.744Z","ask"
"1475","5.53802786","2024-05-25T20:20:57.744Z","ask"
"1477","2","2024-05-25T20:20:57.744Z","ask"
"1477.77","1","2024-05-25T20:20:57.744Z","ask"
"1478.38","0.1","2024-05-25T20:20:57.744Z","ask"
"1483","0.02","2024-05-25T20:20:57.744Z","ask"
"1486","5","2024-05-25T20:20:57.744Z","ask"
"1488","2","2024-05-25T20:20:57.744Z","ask"
"1489","0.5","2024-05-25T20:20:57.744Z","ask"
"1490","30.76077626","2024-05-25T20:20:57.744Z","ask"
"1491.24","0.0701708","2024-05-25T20:20:57.744Z","ask"
"1497","0.75","2024-05-25T20:20:57.744Z","ask"
"1498","1.00316533","2024-05-25T20:20:57.744Z","ask"
"1498.99","1","2024-05-25T20:20:57.744Z","ask"
"1499","0.275","2024-05-25T20:20:57.744Z","ask"
"1499.98","0.75","2024-05-25T20:20:57.744Z","ask"
"1500","764.6396941","2024-05-25T20:20:57.744Z","ask"
"1500.42","2.02","2024-05-25T20:20:57.744Z","ask"
"1510","10","2024-05-25T20:20:57.744Z","ask"
"1512.96","0.39946864","2024-05-25T20:20:57.744Z","ask"
"1525.01","0.3","2024-05-25T20:20:57.744Z","ask"
"1532.61","0.12048559","2024-05-25T20:20:57.744Z","ask"
"1540","0.19191998","2024-05-25T20:20:57.744Z","ask"
"1542.69","0.1","2024-05-25T20:20:57.744Z","ask"
"1549.23","0.3","2024-05-25T20:20:57.744Z","ask"
"1549.94","0.0701708","2024-05-25T20:20:57.744Z","ask"
"1550","70.08133658","2024-05-25T20:20:57.744Z","ask"
"1555","0.05","2024-05-25T20:20:57.744Z","ask"
"1568.24","11.42","2024-05-25T20:20:57.744Z","ask"
"1569.4","1","2024-05-25T20:20:57.744Z","ask"
"1570","0.1960503","2024-05-25T20:20:57.744Z","ask"
"1580","6.20545967","2024-05-25T20:20:57.744Z","ask"
"1588","0.27260623","2024-05-25T20:20:57.744Z","ask"
"1590","2.60843679","2024-05-25T20:20:57.744Z","ask"
"1595","0.23281444","2024-05-25T20:20:57.744Z","ask"
"1597.24","0.06694559","2024-05-25T20:20:57.744Z","ask"
"1598","4","2024-05-25T20:20:57.744Z","ask"
"1599","1","2024-05-25T20:20:57.744Z","ask"
"1599.99","1.57753171","2024-05-25T20:20:57.744Z","ask"
"1600","93.38647993","2024-05-25T20:20:57.744Z","ask"
"1604","0.2","2024-05-25T20:20:57.744Z","ask"
"1608.64","0.0701708","2024-05-25T20:20:57.744Z","ask"
"1620","0.5","2024-05-25T20:20:57.744Z","ask"
"1620.26","11.42","2024-05-25T20:20:57.744Z","ask"
"1632.04","0.03063866","2024-05-25T20:20:57.744Z","ask"
"1638","1.38632536","2024-05-25T20:20:57.744Z","ask"
"1640","1","2024-05-25T20:20:57.744Z","ask"
"1641","0.45423036","2024-05-25T20:20:57.744Z","ask"
"1642","1.3","2024-05-25T20:20:57.744Z","ask"
"1650","5.85190275","2024-05-25T20:20:57.744Z","ask"
"1666","0.05","2024-05-25T20:20:57.744Z","ask"
"1667.34","0.0701708","2024-05-25T20:20:57.744Z","ask"
"1670","0.2194","2024-05-25T20:20:57.744Z","ask"
"1675","0.6","2024-05-25T20:20:57.744Z","ask"
"1677","2","2024-05-25T20:20:57.744Z","ask"
"1678.31","0.1","2024-05-25T20:20:57.744Z","ask"
"1689","0.22","2024-05-25T20:20:57.744Z","ask"
"1690","1","2024-05-25T20:20:57.744Z","ask"
"1700","3.74472888","2024-05-25T20:20:57.744Z","ask"
"1725","4.38304298","2024-05-25T20:20:57.744Z","ask"
"1726.04","0.0701708","2024-05-25T20:20:57.744Z","ask"
"1735","0.75","2024-05-25T20:20:57.744Z","ask"
"1737","1","2024-05-25T20:20:57.744Z","ask"
"1748","0.22","2024-05-25T20:20:57.744Z","ask"
"1750","17.74242401","2024-05-25T20:20:57.744Z","ask"
"1752.92","2.29568874","2024-05-25T20:20:57.744Z","ask"
"1758","1","2024-05-25T20:20:57.744Z","ask"
"1760","10","2024-05-25T20:20:57.744Z","ask"
"1777","7.05","2024-05-25T20:20:57.744Z","ask"
"1780","0.555","2024-05-25T20:20:57.744Z","ask"
"1780.47","0.2","2024-05-25T20:20:57.744Z","ask"
"1782.04","1","2024-05-25T20:20:57.744Z","ask"
"1784.74","0.0701708","2024-05-25T20:20:57.744Z","ask"
"1788","2.88632959","2024-05-25T20:20:57.744Z","ask"
"1790","51","2024-05-25T20:20:57.744Z","ask"
"1794","0.2","2024-05-25T20:20:57.744Z","ask"
"1800","45.0287575","2024-05-25T20:20:57.744Z","ask"
"1807.13","0.0701708","2024-05-25T20:20:57.744Z","ask"
"1819","0.2","2024-05-25T20:20:57.744Z","ask"
"1837.77","0.25","2024-05-25T20:20:57.744Z","ask"
"1840","2.10146336","2024-05-25T20:20:57.744Z","ask"
"1850","0.5","2024-05-25T20:20:57.744Z","ask"
"1876","0.2","2024-05-25T20:20:57.744Z","ask"
"1876.26","0.06694559","2024-05-25T20:20:57.744Z","ask"
"1880.51","0.2","2024-05-25T20:20:57.744Z","ask"
"1888","1.9034482","2024-05-25T20:20:57.744Z","ask"
"1889","0.6","2024-05-25T20:20:57.744Z","ask"
"1890","1","2024-05-25T20:20:57.744Z","ask"
"1900","1.02763158","2024-05-25T20:20:57.744Z","ask"
"1934","1.75613267","2024-05-25T20:20:57.744Z","ask"
"1936","0.45","2024-05-25T20:20:57.744Z","ask"
"1938","0.05","2024-05-25T20:20:57.744Z","ask"
"1948","1","2024-05-25T20:20:57.744Z","ask"
"1977","2","2024-05-25T20:20:57.744Z","ask"
"1979.69","0.18309729","2024-05-25T20:20:57.744Z","ask"
"1981.11","0.17440407","2024-05-25T20:20:57.744Z","ask"
"1987","0.125","2024-05-25T20:20:57.744Z","ask"
"1989","110.8","2024-05-25T20:20:57.744Z","ask"
"1990","1","2024-05-25T20:20:57.744Z","ask"
"1992.42","2.42","2024-05-25T20:20:57.744Z","ask"
"1993.5","0.043219","2024-05-25T20:20:57.744Z","ask"
"1997","1.03180774","2024-05-25T20:20:57.744Z","ask"
"1998","0.75","2024-05-25T20:20:57.744Z","ask"
"1999","0.02","2024-05-25T20:20:57.744Z","ask"
"1999.98","0.97439394","2024-05-25T20:20:57.744Z","ask"
"2000","1202.06113724","2024-05-25T20:20:57.744Z","ask"
"2001","1","2024-05-25T20:20:57.744Z","ask"
"2002","1.99918871","2024-05-25T20:20:57.744Z","ask"
"2009.99","5","2024-05-25T20:20:57.744Z","ask"
"2010","3.1","2024-05-25T20:20:57.744Z","ask"
"2015","15","2024-05-25T20:20:57.744Z","ask"
"2052","1","2024-05-25T20:20:57.744Z","ask"
"2060.24","0.1","2024-05-25T20:20:57.744Z","ask"
"2090","1","2024-05-25T20:20:57.744Z","ask"
"2100","2.40014039","2024-05-25T20:20:57.744Z","ask"
"2111","0.02","2024-05-25T20:20:57.744Z","ask"
"2120","4.03","2024-05-25T20:20:57.744Z","ask"
"2133","0.6","2024-05-25T20:20:57.744Z","ask"
"2163","0.02","2024-05-25T20:20:57.744Z","ask"
"2186","1","2024-05-25T20:20:57.744Z","ask"
"2189","0.2902902","2024-05-25T20:20:57.744Z","ask"
"2190","1","2024-05-25T20:20:57.744Z","ask"
"2198","4.1535209","2024-05-25T20:20:57.744Z","ask"
"2200","34.93874035","2024-05-25T20:20:57.744Z","ask"
"2220","7.01608013","2024-05-25T20:20:57.744Z","ask"
"2222","4.20941873","2024-05-25T20:20:57.744Z","ask"
"2225","2","2024-05-25T20:20:57.744Z","ask"
"2248","0.12","2024-05-25T20:20:57.744Z","ask"
"2277","2","2024-05-25T20:20:57.744Z","ask"
"2278.26","0.06694559","2024-05-25T20:20:57.744Z","ask"
"2286","0.2","2024-05-25T20:20:57.744Z","ask"
"2289","1.5","2024-05-25T20:20:57.744Z","ask"
"2290","1","2024-05-25T20:20:57.744Z","ask"
"2294","0.12","2024-05-25T20:20:57.744Z","ask"
"2300","370.237299","2024-05-25T20:20:57.744Z","ask"
"2312.75","5","2024-05-25T20:20:57.744Z","ask"
"2345","2","2024-05-25T20:20:57.744Z","ask"
"2350","1","2024-05-25T20:20:57.744Z","ask"
"2359.98","3.22638635","2024-05-25T20:20:57.744Z","ask"
"2389","0.4","2024-05-25T20:20:57.744Z","ask"
"2390","1","2024-05-25T20:20:57.744Z","ask"
"2400","13.30398011","2024-05-25T20:20:57.744Z","ask"
"2427.77","0.25000631","2024-05-25T20:20:57.744Z","ask"
"2430","40","2024-05-25T20:20:57.744Z","ask"
"2444","0.3","2024-05-25T20:20:57.744Z","ask"
"2449.2","1","2024-05-25T20:20:57.744Z","ask"
"2457","35.82","2024-05-25T20:20:57.744Z","ask"
"2479.69","0.1","2024-05-25T20:20:57.744Z","ask"
"2489","0.5","2024-05-25T20:20:57.744Z","ask"
"2490","1","2024-05-25T20:20:57.744Z","ask"
"2499","0.95743106","2024-05-25T20:20:57.744Z","ask"
"2500","800.8568928","2024-05-25T20:20:57.744Z","ask"
"2509.99","0.06694559","2024-05-25T20:20:57.744Z","ask"
"2510","1","2024-05-25T20:20:57.744Z","ask"
"2542.42","2.42","2024-05-25T20:20:57.744Z","ask"
"2580.33","5.14315475","2024-05-25T20:20:57.744Z","ask"
"2590","3.11514067","2024-05-25T20:20:57.744Z","ask"
"2600","8.5","2024-05-25T20:20:57.744Z","ask"
"2609.31","0.19333782","2024-05-25T20:20:57.744Z","ask"
"2675","3","2024-05-25T20:20:57.744Z","ask"
"2679","0.14930944","2024-05-25T20:20:57.744Z","ask"
"2685","1","2024-05-25T20:20:57.744Z","ask"
"2689","302.08458503","2024-05-25T20:20:57.744Z","ask"
"2700","3.8712963","2024-05-25T20:20:57.744Z","ask"
"2728","35.83413653","2024-05-25T20:20:57.744Z","ask"
"2732.38","0.22408381","2024-05-25T20:20:57.744Z","ask"
"2748","0.14","2024-05-25T20:20:57.744Z","ask"
"2750","1.34333507","2024-05-25T20:20:57.744Z","ask"
"2751.5","0.01780846","2024-05-25T20:20:57.744Z","ask"
"2754","0.19531168","2024-05-25T20:20:57.744Z","ask"
"2779.57","0.06694564","2024-05-25T20:20:57.744Z","ask"
"2780","1","2024-05-25T20:20:57.744Z","ask"
"2794","0.12","2024-05-25T20:20:57.744Z","ask"
"2798","0.95659922","2024-05-25T20:20:57.744Z","ask"
"2800","109.63077659","2024-05-25T20:20:57.744Z","ask"
"2830","56.28210204","2024-05-25T20:20:57.744Z","ask"
"2849.3","1.4","2024-05-25T20:20:57.744Z","ask"
"2850","347.55764336","2024-05-25T20:20:57.744Z","ask"
"2865","4.71580794","2024-05-25T20:20:57.744Z","ask"
"2875","13.04190614","2024-05-25T20:20:57.744Z","ask"
"2879.69","0.1","2024-05-25T20:20:57.744Z","ask"
"2889","0.4","2024-05-25T20:20:57.744Z","ask"
"2895","0.140103","2024-05-25T20:20:57.744Z","ask"
"2898","0.02805303","2024-05-25T20:20:57.744Z","ask"
"2899","7","2024-05-25T20:20:57.744Z","ask"
"2900","6.17251037","2024-05-25T20:20:57.744Z","ask"
"2904","0.1","2024-05-25T20:20:57.744Z","ask"
"2938","0.4","2024-05-25T20:20:57.744Z","ask"
"2948","0.5","2024-05-25T20:20:57.744Z","ask"
"2954.22","10.25998251","2024-05-25T20:20:57.744Z","ask"
"2988","32.5","2024-05-25T20:20:57.744Z","ask"
"2989","0.36","2024-05-25T20:20:57.744Z","ask"
"2999","2.21063921","2024-05-25T20:20:57.744Z","ask"
"2999.98","0.75","2024-05-25T20:20:57.744Z","ask"
"3000","57.24981994","2024-05-25T20:20:57.744Z","ask"
"3006","0.29907307","2024-05-25T20:20:57.744Z","ask"
"3010","5","2024-05-25T20:20:57.744Z","ask"
"3100","0.38953652","2024-05-25T20:20:57.744Z","ask"
"3138.4","1","2024-05-25T20:20:57.744Z","ask"
"3171.79","0.09","2024-05-25T20:20:57.745Z","ask"
"3189","0.10928218","2024-05-25T20:20:57.745Z","ask"
"3242.99","0.30959656","2024-05-25T20:20:57.745Z","ask"
"3243.28","0.16273686","2024-05-25T20:20:57.745Z","ask"
"3248","0.1","2024-05-25T20:20:57.745Z","ask"
"3294","0.08","2024-05-25T20:20:57.745Z","ask"
"3300","2.56136538","2024-05-25T20:20:57.745Z","ask"
"3333","1.5","2024-05-25T20:20:57.745Z","ask"
"3389","0.3","2024-05-25T20:20:57.745Z","ask"
"3400","0.4337753","2024-05-25T20:20:57.745Z","ask"
"3444","0.3","2024-05-25T20:20:57.745Z","ask"
"3450","11.07","2024-05-25T20:20:57.745Z","ask"
"3477.6","0.13458751","2024-05-25T20:20:57.745Z","ask"
"3489","0.7","2024-05-25T20:20:57.745Z","ask"
"3500","183.646683","2024-05-25T20:20:57.745Z","ask"
"3501","5.99993822","2024-05-25T20:20:57.745Z","ask"
"3555.55","2.47367817","2024-05-25T20:20:57.745Z","ask"
"3575","7.01029282","2024-05-25T20:20:57.745Z","ask"
"3594","0.1","2024-05-25T20:20:57.745Z","ask"
"3597","1","2024-05-25T20:20:57.745Z","ask"
"3600","2.39","2024-05-25T20:20:57.745Z","ask"
"3689","0.3","2024-05-25T20:20:57.745Z","ask"
"3690","9.9","2024-05-25T20:20:57.745Z","ask"
"3694.6","0.46936","2024-05-25T20:20:57.745Z","ask"
"3700","0.61438561","2024-05-25T20:20:57.745Z","ask"
"3748","0.3","2024-05-25T20:20:57.745Z","ask"
"3750","25","2024-05-25T20:20:57.745Z","ask"
"3761.5","0.00287","2024-05-25T20:20:57.745Z","ask"
"3789","0.2","2024-05-25T20:20:57.745Z","ask"
"3794","0.2","2024-05-25T20:20:57.745Z","ask"
"3842","0.33435703","2024-05-25T20:20:57.745Z","ask"
"3872","0.5","2024-05-25T20:20:57.745Z","ask"
"3889","1","2024-05-25T20:20:57.745Z","ask"
"3889.23","3.85736606","2024-05-25T20:20:57.745Z","ask"
"3900","6.3","2024-05-25T20:20:57.745Z","ask"
"3938","0.4","2024-05-25T20:20:57.745Z","ask"
"3948","1","2024-05-25T20:20:57.745Z","ask"
"3949","2.39840499","2024-05-25T20:20:57.745Z","ask"
"4000","91.44347009","2024-05-25T20:20:57.745Z","ask"
"4008","0.1","2024-05-25T20:20:57.745Z","ask"
"4079.69","0.1","2024-05-25T20:20:57.745Z","ask"
"4114","280.32128924","2024-05-25T20:20:57.745Z","ask"
"4189","0.1","2024-05-25T20:20:57.745Z","ask"
"4200","14.32696555","2024-05-25T20:20:57.745Z","ask"
"4231","0.01921142","2024-05-25T20:20:57.745Z","ask"
"4248","0.2","2024-05-25T20:20:57.745Z","ask"
"4266.58","6","2024-05-25T20:20:57.745Z","ask"
"4292","3","2024-05-25T20:20:57.745Z","ask"
"4294","0.1","2024-05-25T20:20:57.745Z","ask"
"4348","0.1","2024-05-25T20:20:57.745Z","ask"
"4355.6","0.17400891","2024-05-25T20:20:57.745Z","ask"
"4389","0.2","2024-05-25T20:20:57.745Z","ask"
"4398","6.00004277","2024-05-25T20:20:57.745Z","ask"
"4400","4.067","2024-05-25T20:20:57.745Z","ask"
"4444","2.2","2024-05-25T20:20:57.745Z","ask"
"4474","0.2","2024-05-25T20:20:57.745Z","ask"
"4489","0.5","2024-05-25T20:20:57.745Z","ask"
"4500","10.83492912","2024-05-25T20:20:57.745Z","ask"
"4500.99","0.99797509","2024-05-25T20:20:57.745Z","ask"
"4567","0.009","2024-05-25T20:20:57.745Z","ask"
"4689","0.2","2024-05-25T20:20:57.745Z","ask"
"4748","0.5","2024-05-25T20:20:57.745Z","ask"
"4750","15.94","2024-05-25T20:20:57.745Z","ask"
"4790","0.37026585","2024-05-25T20:20:57.745Z","ask"
"4794","0.2","2024-05-25T20:20:57.745Z","ask"
"4849","100.32806979","2024-05-25T20:20:57.745Z","ask"
"4888","1.00082302","2024-05-25T20:20:57.745Z","ask"
"4889","0.5","2024-05-25T20:20:57.745Z","ask"
"4900","72.47999648","2024-05-25T20:20:57.745Z","ask"
"4938","0.5","2024-05-25T20:20:57.745Z","ask"
"4948","1","2024-05-25T20:20:57.745Z","ask"
"4976.84","1.25","2024-05-25T20:20:57.745Z","ask"
"4977.77","0.25","2024-05-25T20:20:57.745Z","ask"
"4999.98","0.5","2024-05-25T20:20:57.745Z","ask"
"5000","211.48311835","2024-05-25T20:20:57.745Z","ask"
"5340","1.73227642","2024-05-25T20:20:57.745Z","ask"
"5410","0.81877415","2024-05-25T20:20:57.745Z","ask"
"5458","0.41865596","2024-05-25T20:20:57.745Z","ask"
"5489","0.5","2024-05-25T20:20:57.745Z","ask"
"5500","170.95221002","2024-05-25T20:20:57.745Z","ask"
"5748","0.3","2024-05-25T20:20:57.745Z","ask"
"5824.42","0.01351308","2024-05-25T20:20:57.745Z","ask"
"5889","0.5","2024-05-25T20:20:57.745Z","ask"
"5948","1","2024-05-25T20:20:57.745Z","ask"
"6000","37.1265489","2024-05-25T20:20:57.745Z","ask"
"6171","1.2","2024-05-25T20:20:57.745Z","ask"
"6200","5","2024-05-25T20:20:57.745Z","ask"
"6248","0.05","2024-05-25T20:20:57.745Z","ask"
"6389","0.05","2024-05-25T20:20:57.745Z","ask"
"6444","0.1","2024-05-25T20:20:57.745Z","ask"
"6500","2.72313508","2024-05-25T20:20:57.745Z","ask"
"6550","1.5","2024-05-25T20:20:57.745Z","ask"
"6579.69","0.1","2024-05-25T20:20:57.745Z","ask"
"6666","2","2024-05-25T20:20:57.745Z","ask"
"6732.33","0.2240838","2024-05-25T20:20:57.745Z","ask"
"6748","0.05","2024-05-25T20:20:57.745Z","ask"
"6849","2","2024-05-25T20:20:57.745Z","ask"
"6889","0.1","2024-05-25T20:20:57.745Z","ask"
"6894","0.1","2024-05-25T20:20:57.745Z","ask"
"6900","1","2024-05-25T20:20:57.745Z","ask"
"6942.69","0.09","2024-05-25T20:20:57.745Z","ask"
"6948","1","2024-05-25T20:20:57.745Z","ask"
"6999.77","0.25","2024-05-25T20:20:57.745Z","ask"
"7000","21.89857062","2024-05-25T20:20:57.745Z","ask"
"7389","0.05","2024-05-25T20:20:57.745Z","ask"
"7489","1","2024-05-25T20:20:57.745Z","ask"
"7500","1.26","2024-05-25T20:20:57.745Z","ask"
"7550","1.5","2024-05-25T20:20:57.745Z","ask"
"7654.57","0.02087117","2024-05-25T20:20:57.745Z","ask"
"7744","0.6","2024-05-25T20:20:57.745Z","ask"
"7777","1","2024-05-25T20:20:57.745Z","ask"
"7889","0.07","2024-05-25T20:20:57.745Z","ask"
"7890","0.01","2024-05-25T20:20:57.745Z","ask"
"7894","0.05","2024-05-25T20:20:57.745Z","ask"
"7938","0.06","2024-05-25T20:20:57.745Z","ask"
"7948","1","2024-05-25T20:20:57.745Z","ask"
"7990","30","2024-05-25T20:20:57.745Z","ask"
"8000","118.74345644","2024-05-25T20:20:57.745Z","ask"
"8333","9.59579501","2024-05-25T20:20:57.745Z","ask"
"8500","1","2024-05-25T20:20:57.745Z","ask"
"8599","14","2024-05-25T20:20:57.745Z","ask"
"8600","0.08848264","2024-05-25T20:20:57.745Z","ask"
"8800","1.45519896","2024-05-25T20:20:57.745Z","ask"
"8888","0.242","2024-05-25T20:20:57.745Z","ask"
"8900","788.13408136","2024-05-25T20:20:57.745Z","ask"
"8910","3","2024-05-25T20:20:57.745Z","ask"
"8967","0.6","2024-05-25T20:20:57.745Z","ask"
"9000","33.23521038","2024-05-25T20:20:57.745Z","ask"
"9000.01","1","2024-05-25T20:20:57.745Z","ask"
"9069.73","1.02495892","2024-05-25T20:20:57.745Z","ask"
"9200","0.39","2024-05-25T20:20:57.745Z","ask"
"9250","3.29716644","2024-05-25T20:20:57.745Z","ask"
"9300","0.30752688","2024-05-25T20:20:57.745Z","ask"
"9388","0.242","2024-05-25T20:20:57.745Z","ask"
"9400","3","2024-05-25T20:20:57.745Z","ask"
"9408","9.89","2024-05-25T20:20:57.745Z","ask"
"9435.85","0.51251071","2024-05-25T20:20:57.745Z","ask"
"9449.9","0.5","2024-05-25T20:20:57.745Z","ask"
"9450","2.10949188","2024-05-25T20:20:57.745Z","ask"
"9453.23","1.16709396","2024-05-25T20:20:57.745Z","ask"
"9456.47","0.1802926","2024-05-25T20:20:57.745Z","ask"
"9459","3","2024-05-25T20:20:57.745Z","ask"
"9472","1.30588363","2024-05-25T20:20:57.745Z","ask"
"9477.07","0.82083695","2024-05-25T20:20:57.745Z","ask"
"9480","1.34722038","2024-05-25T20:20:57.745Z","ask"
"9489","0.3","2024-05-25T20:20:57.745Z","ask"
"9499","0.3853364","2024-05-25T20:20:57.745Z","ask"
"9500","103.40559878","2024-05-25T20:20:57.745Z","ask"
"9588","6.99999808","2024-05-25T20:20:57.745Z","ask"
"9600","20","2024-05-25T20:20:57.745Z","ask"
"9799","7.7","2024-05-25T20:20:57.745Z","ask"
"9800","2.04512829","2024-05-25T20:20:57.745Z","ask"
"9825","0.14409721","2024-05-25T20:20:57.745Z","ask"
"9867.21","1.93","2024-05-25T20:20:57.745Z","ask"
"9876.54","0.01690338","2024-05-25T20:20:57.745Z","ask"
"9880","0.242","2024-05-25T20:20:57.745Z","ask"
"9889","0.3","2024-05-25T20:20:57.745Z","ask"
"9966","3","2024-05-25T20:20:57.745Z","ask"
"9979.69","0.1","2024-05-25T20:20:57.745Z","ask"
"9993","250","2024-05-25T20:20:57.745Z","ask"
"9999","14.78481937","2024-05-25T20:20:57.745Z","ask"
"9999.98","0.5","2024-05-25T20:20:57.745Z","ask"
"9999.99","2","2024-05-25T20:20:57.745Z","ask"
"10000","105.99329572","2024-05-25T20:20:57.745Z","ask"
"10088","0.966","2024-05-25T20:20:57.745Z","ask"
"10101","1.94861101","2024-05-25T20:20:57.745Z","ask"
"10188","0.242","2024-05-25T20:20:57.745Z","ask"
"10500","1.1","2024-05-25T20:20:57.745Z","ask"
"11000","6.58818502","2024-05-25T20:20:57.745Z","ask"
"11088","1.771","2024-05-25T20:20:57.745Z","ask"
"12000","38.97281346","2024-05-25T20:20:57.745Z","ask"
"12088","2.013","2024-05-25T20:20:57.745Z","ask"
"12202.33","2.89302454","2024-05-25T20:20:57.745Z","ask"
"12500","11","2024-05-25T20:20:57.745Z","ask"
"12990","3","2024-05-25T20:20:57.745Z","ask"
"13000","8.50076588","2024-05-25T20:20:57.745Z","ask"
"13088","1.208","2024-05-25T20:20:57.745Z","ask"
"13130","2.06225273","2024-05-25T20:20:57.745Z","ask"
"13800","0.966","2024-05-25T20:20:57.745Z","ask"
"14000","2","2024-05-25T20:20:57.745Z","ask"
"14588","1.125","2024-05-25T20:20:57.745Z","ask"
"14888","0.281","2024-05-25T20:20:57.745Z","ask"
"15000","63.69335847","2024-05-25T20:20:57.745Z","ask"
"15265","0.80376413","2024-05-25T20:20:57.745Z","ask"
"15495","0.7","2024-05-25T20:20:57.745Z","ask"
"15629","0.141","2024-05-25T20:20:57.745Z","ask"
"15888","0.281","2024-05-25T20:20:57.745Z","ask"
"16000","47.63145735","2024-05-25T20:20:57.745Z","ask"
"16225","0.33435703","2024-05-25T20:20:57.745Z","ask"
"16629","0.422","2024-05-25T20:20:57.745Z","ask"
"18000","30.108","2024-05-25T20:20:57.745Z","ask"
"19240","1","2024-05-25T20:20:57.745Z","ask"
"19521","316.37728358","2024-05-25T20:20:57.745Z","ask"
"19999","0.80415387","2024-05-25T20:20:57.745Z","ask"
"20000","101.38272125","2024-05-25T20:20:57.745Z","ask"
"21990","1.6272137","2024-05-25T20:20:57.745Z","ask"
"25000","10.00000032","2024-05-25T20:20:57.745Z","ask"
"28000","1","2024-05-25T20:20:57.745Z","ask"
"30000","6.0091511","2024-05-25T20:20:57.745Z","ask"
"40000","7.01156232","2024-05-25T20:20:57.745Z","ask"
"47000","15.0216368","2024-05-25T20:20:57.745Z","ask"
"50000","1.03078126","2024-05-25T20:20:57.745Z","ask"
"68737","0.33435703","2024-05-25T20:20:57.745Z","ask"
"75000","1.5019577","2024-05-25T20:20:57.745Z","ask"
"514000","0.0000107","2024-05-25T20:20:57.745Z","ask"
"1000000","256.3201005","2024-05-25T20:20:57.745Z","ask"
"493.16","1.91","2024-05-25T20:20:57.745Z","bid"
"493.14","2.1","2024-05-25T20:20:57.745Z","bid"
"493.09","0.63","2024-05-25T20:20:57.745Z","bid"
"493.08","1.05","2024-05-25T20:20:57.745Z","bid"
"493.02","0.5","2024-05-25T20:20:57.745Z","bid"
"493.01","1.13000002","2024-05-25T20:20:57.745Z","bid"
"493","1.05","2024-05-25T20:20:57.745Z","bid"
"492.98","0.5","2024-05-25T20:20:57.745Z","bid"
"492.97","1.46785757","2024-05-25T20:20:57.745Z","bid"
"492.96","2.32125009","2024-05-25T20:20:57.745Z","bid"
"492.95","2.25","2024-05-25T20:20:57.745Z","bid"
"492.94","1.62289018","2024-05-25T20:20:57.745Z","bid"
"492.93","1.35457271","2024-05-25T20:20:57.745Z","bid"
"492.92","2.25762106","2024-05-25T20:20:57.745Z","bid"
"492.91","1.31617547","2024-05-25T20:20:57.745Z","bid"
"492.9","1.88785753","2024-05-25T20:20:57.745Z","bid"
"492.89","0.29175109","2024-05-25T20:20:57.745Z","bid"
"492.86","1.53363533","2024-05-25T20:20:57.745Z","bid"
"492.85","2.68730888","2024-05-25T20:20:57.745Z","bid"
"492.81","1.13271458","2024-05-25T20:20:57.745Z","bid"
"492.8","1.88785753","2024-05-25T20:20:57.745Z","bid"
"492.79","1.99740002","2024-05-25T20:20:57.745Z","bid"
"492.78","3.329","2024-05-25T20:20:57.745Z","bid"
"492.77","7.91448052","2024-05-25T20:20:57.745Z","bid"
"492.76","23.52399736","2024-05-25T20:20:57.745Z","bid"
"492.75","1.05","2024-05-25T20:20:57.745Z","bid"
"492.7","7.05051735","2024-05-25T20:20:57.745Z","bid"
"492.69","4.05930772","2024-05-25T20:20:57.745Z","bid"
"492.66","2.37","2024-05-25T20:20:57.745Z","bid"
"492.65","1.05","2024-05-25T20:20:57.745Z","bid"
"492.63","34.25051938","2024-05-25T20:20:57.745Z","bid"
"492.62","10","2024-05-25T20:20:57.745Z","bid"
"492.61","2.03","2024-05-25T20:20:57.745Z","bid"
"492.6","1.88785753","2024-05-25T20:20:57.745Z","bid"
"492.59","5.87","2024-05-25T20:20:57.745Z","bid"
"492.55","1.05","2024-05-25T20:20:57.745Z","bid"
"492.54","8.602","2024-05-25T20:20:57.745Z","bid"
"492.53","4.06058487","2024-05-25T20:20:57.745Z","bid"
"492.5","2.03785753","2024-05-25T20:20:57.745Z","bid"
"492.4","1.88785753","2024-05-25T20:20:57.745Z","bid"
"492.37","0.5284759","2024-05-25T20:20:57.745Z","bid"
"492.35","45.32072337","2024-05-25T20:20:57.745Z","bid"
"492.3","2.1069518","2024-05-25T20:20:57.745Z","bid"
"492.22","8.12640248","2024-05-25T20:20:57.745Z","bid"
"492.2","1.05","2024-05-25T20:20:57.745Z","bid"
"492.15","3.16390361","2024-05-25T20:20:57.745Z","bid"
"492.01","1.44436412","2024-05-25T20:20:57.745Z","bid"
"492","1.05","2024-05-25T20:20:57.745Z","bid"
"491.95","5.27983992","2024-05-25T20:20:57.745Z","bid"
"491.94","1.72674164","2024-05-25T20:20:57.745Z","bid"
"491.9","1.05","2024-05-25T20:20:57.745Z","bid"
"491.82","102.09528893","2024-05-25T20:20:57.745Z","bid"
"491.81","16.26613851","2024-05-25T20:20:57.745Z","bid"
"491.8","1.05","2024-05-25T20:20:57.745Z","bid"
"491.77","45.32072337","2024-05-25T20:20:57.745Z","bid"
"491.65","1.05","2024-05-25T20:20:57.745Z","bid"
"491.59","3.153","2024-05-25T20:20:57.745Z","bid"
"491.55","1.05","2024-05-25T20:20:57.745Z","bid"
"491.5","68.41399806","2024-05-25T20:20:57.745Z","bid"
"491.46","0.253","2024-05-25T20:20:57.745Z","bid"
"491.45","1.05","2024-05-25T20:20:57.745Z","bid"
"491.34","5.28475902","2024-05-25T20:20:57.745Z","bid"
"491.3","1.05","2024-05-25T20:20:57.745Z","bid"
"491.25","24.45","2024-05-25T20:20:57.745Z","bid"
"491.15","1.05","2024-05-25T20:20:57.745Z","bid"
"491.09","112.48769678","2024-05-25T20:20:57.745Z","bid"
"490.86","0.28158791","2024-05-25T20:20:57.745Z","bid"
"490.61","10.56951803","2024-05-25T20:20:57.745Z","bid"
"490.57","32.61472941","2024-05-25T20:20:57.745Z","bid"
"490.54","0.01070608","2024-05-25T20:20:57.745Z","bid"
"490.18","109.11","2024-05-25T20:20:57.745Z","bid"
"490.15","0.02032012","2024-05-25T20:20:57.745Z","bid"
"490.14","0.11182675","2024-05-25T20:20:57.745Z","bid"
"490.01","0.03430093","2024-05-25T20:20:57.745Z","bid"
"490","2.30612244","2024-05-25T20:20:57.745Z","bid"
"489.53","13.21189754","2024-05-25T20:20:57.745Z","bid"
"489.38","45.32072337","2024-05-25T20:20:57.745Z","bid"
"489.35","0.0721101","2024-05-25T20:20:57.745Z","bid"
"489","5.04089979","2024-05-25T20:20:57.745Z","bid"
"488.93","4.601","2024-05-25T20:20:57.745Z","bid"
"488.83","1.02283634","2024-05-25T20:20:57.745Z","bid"
"488.76","0.2389489","2024-05-25T20:20:57.745Z","bid"
"488.75","208.47","2024-05-25T20:20:57.745Z","bid"
"488.63","0.40930881","2024-05-25T20:20:57.745Z","bid"
"488.59","32.74675391","2024-05-25T20:20:57.745Z","bid"
"488.54","0.11219299","2024-05-25T20:20:57.745Z","bid"
"488.43","0.40947153","2024-05-25T20:20:57.745Z","bid"
"488.4","0.40949699","2024-05-25T20:20:57.745Z","bid"
"488.3","0.04073315","2024-05-25T20:20:57.745Z","bid"
"488.16","0.8194009","2024-05-25T20:20:57.745Z","bid"
"488.15","0.8194274","2024-05-25T20:20:57.745Z","bid"
"488","3.20027181","2024-05-25T20:20:57.745Z","bid"
"487.97","0.81972268","2024-05-25T20:20:57.745Z","bid"
"487.94","15.85427705","2024-05-25T20:20:57.745Z","bid"
"487.77","22.89399727","2024-05-25T20:20:57.745Z","bid"
"487.73","32.80461647","2024-05-25T20:20:57.745Z","bid"
"487.37","0.0075","2024-05-25T20:20:57.745Z","bid"
"487.08","221.12","2024-05-25T20:20:57.745Z","bid"
"487","2.11906","2024-05-25T20:20:57.745Z","bid"
"486.94","0.11256164","2024-05-25T20:20:57.745Z","bid"
"486.81","0.36862431","2024-05-25T20:20:57.745Z","bid"
"486.49","8.06062678","2024-05-25T20:20:57.745Z","bid"
"486.35","0.03713376","2024-05-25T20:20:57.745Z","bid"
"486.29","0.02056362","2024-05-25T20:20:57.745Z","bid"
"486.25","0.61697183","2024-05-25T20:20:57.745Z","bid"
"486","3","2024-05-25T20:20:57.745Z","bid"
"485.96","0.61733754","2024-05-25T20:20:57.745Z","bid"
"485.95","0.02057825","2024-05-25T20:20:57.745Z","bid"
"485.91","0.61739543","2024-05-25T20:20:57.745Z","bid"
"485.77","0.56","2024-05-25T20:20:57.745Z","bid"
"485.55","1.23572421","2024-05-25T20:20:57.745Z","bid"
"485.52","1.23577634","2024-05-25T20:20:57.745Z","bid"
"485.45","0.05407821","2024-05-25T20:20:57.745Z","bid"
"485.35","0.11293039","2024-05-25T20:20:57.745Z","bid"
"485.26","1.23644803","2024-05-25T20:20:57.745Z","bid"
"485.25","0.02157217","2024-05-25T20:20:57.745Z","bid"
"485.1","0.42295426","2024-05-25T20:20:57.745Z","bid"
"485","17.15463917","2024-05-25T20:20:57.745Z","bid"
"484.72","1.031","2024-05-25T20:20:57.745Z","bid"
"484.36","22.89399727","2024-05-25T20:20:57.745Z","bid"
"484","2","2024-05-25T20:20:57.745Z","bid"
"483.76","0.11330156","2024-05-25T20:20:57.745Z","bid"
"483.09","0.02070009","2024-05-25T20:20:57.745Z","bid"
"483","1","2024-05-25T20:20:57.745Z","bid"
"482.32","0.0075","2024-05-25T20:20:57.745Z","bid"
"482.29","0.00259181","2024-05-25T20:20:57.745Z","bid"
"482.18","0.11367283","2024-05-25T20:20:57.745Z","bid"
"482.1","244.67","2024-05-25T20:20:57.745Z","bid"
"482.04","0.0457431","2024-05-25T20:20:57.745Z","bid"
"482","1","2024-05-25T20:20:57.745Z","bid"
"481.85","0.36124624","2024-05-25T20:20:57.745Z","bid"
"481.21","0.01110523","2024-05-25T20:20:57.745Z","bid"
"481.01","4.87179358","2024-05-25T20:20:57.745Z","bid"
"481","11.2461119","2024-05-25T20:20:57.745Z","bid"
"480.7","0.03430093","2024-05-25T20:20:57.745Z","bid"
"480.67","11.2236705","2024-05-25T20:20:57.745Z","bid"
"480.65","0.0978126","2024-05-25T20:20:57.745Z","bid"
"480.6","0.11404653","2024-05-25T20:20:57.745Z","bid"
"480.38","0.02290252","2024-05-25T20:20:57.745Z","bid"
"480","10.22833333","2024-05-25T20:20:57.745Z","bid"
"479.83","0.24125733","2024-05-25T20:20:57.745Z","bid"
"479.61","6.21750988","2024-05-25T20:20:57.745Z","bid"
"479.27","8.52740509","2024-05-25T20:20:57.745Z","bid"
"479.03","0.11442032","2024-05-25T20:20:57.745Z","bid"
"479.01","0.0721101","2024-05-25T20:20:57.745Z","bid"
"479","1.20876826","2024-05-25T20:20:57.745Z","bid"
"478","1","2024-05-25T20:20:57.745Z","bid"
"477.68","0.06018674","2024-05-25T20:20:57.745Z","bid"
"477.46","0.11479656","2024-05-25T20:20:57.745Z","bid"
"477.27","0.0075","2024-05-25T20:20:57.745Z","bid"
"477.24","0.07869463","2024-05-25T20:20:57.745Z","bid"
"477","1","2024-05-25T20:20:57.745Z","bid"
"476.88","0.35406079","2024-05-25T20:20:57.745Z","bid"
"476.81","0.06291695","2024-05-25T20:20:57.745Z","bid"
"476.59","0.20982021","2024-05-25T20:20:57.745Z","bid"
"476.01","0.04031428","2024-05-25T20:20:57.745Z","bid"
"476","1","2024-05-25T20:20:57.745Z","bid"
"475.9","0.11517286","2024-05-25T20:20:57.745Z","bid"
"475.77","0.02942599","2024-05-25T20:20:57.745Z","bid"
"475.75","0.04855491","2024-05-25T20:20:57.745Z","bid"
"475.74","11.2236705","2024-05-25T20:20:57.745Z","bid"
"475.52","0.02431614","2024-05-25T20:20:57.745Z","bid"
"475.5","0.04557729","2024-05-25T20:20:57.745Z","bid"
"475.01","0.03856761","2024-05-25T20:20:57.745Z","bid"
"475","13.32105262","2024-05-25T20:20:57.745Z","bid"
"474.34","0.11555164","2024-05-25T20:20:57.745Z","bid"
"474","1","2024-05-25T20:20:57.745Z","bid"
"473.41","0.09781188","2024-05-25T20:20:57.745Z","bid"
"473.08","0.42295426","2024-05-25T20:20:57.745Z","bid"
"473.01","8.34","2024-05-25T20:20:57.745Z","bid"
"473","1","2024-05-25T20:20:57.745Z","bid"
"472.79","0.11593046","2024-05-25T20:20:57.745Z","bid"
"472.22","0.0075","2024-05-25T20:20:57.745Z","bid"
"472","1","2024-05-25T20:20:57.745Z","bid"
"471.79","0.25","2024-05-25T20:20:57.745Z","bid"
"471.69","0.0636011","2024-05-25T20:20:57.745Z","bid"
"471.62","0.56","2024-05-25T20:20:57.745Z","bid"
"471.4","0.03430093","2024-05-25T20:20:57.745Z","bid"
"471.32","21.82030764","2024-05-25T20:20:57.745Z","bid"
"471.24","0.11631178","2024-05-25T20:20:57.745Z","bid"
"471","2","2024-05-25T20:20:57.745Z","bid"
"470.89","3.92851681","2024-05-25T20:20:57.745Z","bid"
"470.7","0.02581832","2024-05-25T20:20:57.745Z","bid"
"470.58","5","2024-05-25T20:20:57.745Z","bid"
"470.4","0.00446429","2024-05-25T20:20:57.745Z","bid"
"470.36","0.10630137","2024-05-25T20:20:57.745Z","bid"
"470","7.68085104","2024-05-25T20:20:57.745Z","bid"
"469.7","0.11669313","2024-05-25T20:20:57.745Z","bid"
"469.66","2.12919985","2024-05-25T20:20:57.745Z","bid"
"469.59","0.0625","2024-05-25T20:20:57.745Z","bid"
