"price","volume","time","side","orderType"
"493.16000000","0.00456841","2024-05-25T20:20:57.625Z","buy",
"493.24000000","0.57139032","2024-05-25T20:20:29.176Z","buy",
"493.24000000","1.05000000","2024-05-25T20:20:29.176Z","buy",
"493.32000000","0.06021829","2024-05-25T20:20:24.854Z","sell",
"493.31000000","0.00200466","2024-05-25T20:20:17.883Z","buy",
"493.38000000","0.63463234","2024-05-25T20:19:57.260Z","buy",
"493.45000000","0.06052831","2024-05-25T20:19:30.960Z","sell",
"493.38000000","0.00037730","2024-05-25T20:18:33.168Z","sell",
"493.44000000","1.91180972","2024-05-25T20:18:27.730Z","buy",
"493.45000000","0.32000000","2024-05-25T20:18:25.929Z","sell",
"493.44000000","4.55621343","2024-05-25T20:18:25.165Z","buy",
"493.44000000","2.53197685","2024-05-25T20:18:22.051Z","buy",
"493.44000000","1.00000000","2024-05-25T20:18:22.040Z","buy",
"493.45000000","0.02743915","2024-05-25T20:18:22.025Z","buy",
"493.45000000","1.05000000","2024-05-25T20:18:22.025Z","buy",
"493.45000000","0.12716059","2024-05-25T20:17:54.466Z","buy",
"493.45000000","0.02026219","2024-05-25T20:17:43.838Z","buy",
"493.45000000","0.18176116","2024-05-25T20:17:40.453Z","buy",
"493.45000000","0.05125162","2024-05-25T20:17:37.230Z","buy",
"493.53000000","0.03712350","2024-05-25T20:17:23.195Z","sell",
"493.53000000","0.02005916","2024-05-25T20:17:16.166Z","sell",
"493.53000000","0.69849417","2024-05-25T20:17:11.477Z","sell",
"493.53000000","1.39972144","2024-05-25T20:17:11.477Z","sell",
"493.60000000","2.06574701","2024-05-25T20:16:43.087Z","sell",
"493.59000000","1.00000000","2024-05-25T20:16:43.087Z","sell",
"493.59000000","1.50614645","2024-05-25T20:16:43.087Z","sell",
"493.49000000","0.17219724","2024-05-25T20:16:39.202Z","buy",
"493.62000000","0.39311164","2024-05-25T20:16:26.019Z","sell",
"493.59000000","0.05013877","2024-05-25T20:16:18.020Z","sell",
"493.55000000","0.17187698","2024-05-25T20:16:05.914Z","sell",
"493.54000000","0.10694914","2024-05-25T20:16:05.914Z","sell",
"493.53000000","0.10104006","2024-05-25T20:15:58.098Z","sell",
"493.49000000","0.00038490","2024-05-25T20:15:33.845Z","buy",
"493.74000000","0.04878182","2024-05-25T20:14:35.508Z","sell",
"493.78000000","0.19209344","2024-05-25T20:14:17.383Z","sell",
"493.61000000","0.00267684","2024-05-25T20:13:58.872Z","buy",
"493.57000000","0.95731198","2024-05-25T20:13:52.602Z","sell",
"493.57000000","5.04268802","2024-05-25T20:13:52.598Z","sell",
"493.56000000","1.00000000","2024-05-25T20:13:52.598Z","sell",
"493.50000000","0.86000000","2024-05-25T20:13:48.468Z","sell",
"493.52000000","4.91846556","2024-05-25T20:13:45.559Z","buy",
"493.77000000","0.63463234","2024-05-25T20:13:20.610Z","sell",
"493.77000000","0.00202523","2024-05-25T20:13:09.909Z","sell",
"493.81000000","0.19206621","2024-05-25T20:12:57.465Z","sell",
"493.85000000","0.00200466","2024-05-25T20:12:43.954Z","sell",
"493.85000000","0.03710621","2024-05-25T20:12:38.548Z","sell",
"493.92000000","0.04912719","2024-05-25T20:12:14.106Z","sell",
"493.78000000","0.00953176","2024-05-25T20:12:06.273Z","buy",
"493.94000000","0.10274417","2024-05-25T20:12:00.273Z","sell",
"493.97000000","0.07816264","2024-05-25T20:11:30.805Z","sell",
"493.97000000","0.34070205","2024-05-25T20:11:15.898Z","sell",
"494.03000000","0.45622287","2024-05-25T20:10:44.321Z","buy",
"494.15000000","0.04710088","2024-05-25T20:10:35.898Z","sell",
"494.16000000","0.01261768","2024-05-25T20:10:20.160Z","sell",
"494.15000000","0.05352258","2024-05-25T20:10:20.160Z","sell",
"494.10000000","0.33592398","2024-05-25T20:10:13.128Z","sell",
"494.08000000","0.12022831","2024-05-25T20:10:03.078Z","sell",
"493.87000000","0.03586947","2024-05-25T20:09:39.448Z","sell",
"493.88000000","0.02307220","2024-05-25T20:09:04.167Z","sell",
"493.88000000","0.04909107","2024-05-25T20:08:59.126Z","sell",
"493.76000000","0.05552413","2024-05-25T20:08:39.557Z","buy",
"493.84000000","0.04111219","2024-05-25T20:08:08.863Z","sell",
"493.71000000","0.02817158","2024-05-25T20:08:08.833Z","buy",
"493.79000000","0.00366369","2024-05-25T20:06:53.827Z","buy",
"493.78000000","0.02035319","2024-05-25T20:06:52.921Z","buy",
"493.83000000","0.05616410","2024-05-25T20:06:31.170Z","sell",
"493.55000000","0.39772681","2024-05-25T20:06:05.468Z","buy",
"493.71000000","0.00302801","2024-05-25T20:05:57.657Z","sell",
"493.57000000","0.02023125","2024-05-25T20:05:43.142Z","buy",
"493.62000000","1.01269616","2024-05-25T20:05:41.851Z","buy",
"493.49000000","0.97432088","2024-05-25T20:05:25.284Z","sell",
"493.51000000","0.00010127","2024-05-25T20:05:22.233Z","sell",
"493.51000000","0.24980382","2024-05-25T20:05:22.207Z","sell",
"493.51000000","0.06621799","2024-05-25T20:05:07.661Z","sell",
"493.39000000","0.08861683","2024-05-25T20:04:58.345Z","buy",
"493.50000000","0.00200608","2024-05-25T20:04:47.634Z","sell",
"493.64000000","0.03254712","2024-05-25T20:03:58.635Z","sell",
"493.84000000","0.13283128","2024-05-25T20:03:11.818Z","sell",
"493.84000000","0.02848564","2024-05-25T20:03:01.056Z","sell",
"493.84000000","0.03165530","2024-05-25T20:03:01.056Z","sell",
"493.68000000","0.62399995","2024-05-25T20:02:50.401Z","buy",
"493.70000000","0.86000000","2024-05-25T20:02:50.401Z","buy",
"493.71000000","0.51600005","2024-05-25T20:02:50.401Z","buy",
"493.84000000","1.00228805","2024-05-25T20:02:49.252Z","sell",
"493.84000000","0.01605665","2024-05-25T20:02:43.720Z","sell",
"493.75000000","0.10501223","2024-05-25T20:02:09.675Z","buy",
"493.76000000","0.51600003","2024-05-25T20:02:09.675Z","buy",
"493.73000000","0.00526285","2024-05-25T20:01:48.706Z","sell",
"493.73000000","0.05232647","2024-05-25T20:01:38.916Z","sell",
"493.72000000","0.00525353","2024-05-25T20:01:38.916Z","sell",
"493.72000000","0.08675012","2024-05-25T20:01:38.776Z","sell",
"493.71000000","0.00524988","2024-05-25T20:01:38.776Z","sell",
"493.71000000","0.07472221","2024-05-25T20:01:38.728Z","sell",
"493.70000000","0.00524779","2024-05-25T20:01:38.728Z","sell",
"493.69000000","0.02047366","2024-05-25T20:01:18.687Z","sell",
"493.70000000","0.04626149","2024-05-25T20:01:12.823Z","sell",
"493.69000000","0.19300504","2024-05-25T20:01:02.409Z","sell",
"493.69000000","0.05567408","2024-05-25T20:01:02.409Z","sell",
"493.68000000","0.05359525","2024-05-25T20:01:02.409Z","sell",
"493.67000000","0.07174959","2024-05-25T20:01:02.409Z","sell",
"493.66000000","0.06377923","2024-05-25T20:01:02.409Z","sell",
"493.65000000","0.04553144","2024-05-25T20:01:02.409Z","sell",
"493.64000000","0.00902700","2024-05-25T20:01:02.409Z","sell",
"493.55000000","1.05000000","2024-05-25T20:00:50.012Z","sell",
"493.55000000","0.93110127","2024-05-25T20:00:50.012Z","sell",
"493.55000000","0.76889873","2024-05-25T20:00:46.580Z","sell",
"493.52000000","0.85000000","2024-05-25T20:00:42.387Z","sell",
"493.51000000","0.85000000","2024-05-25T20:00:42.368Z","sell",
"493.33000000","0.01593865","2024-05-25T20:00:04.517Z","sell",
"493.28000000","0.02026794","2024-05-25T19:59:52.550Z","buy",
"493.29000000","0.02026794","2024-05-25T19:59:30.171Z","buy",
"493.39000000","0.04715337","2024-05-25T19:58:49.842Z","sell",
"493.39000000","0.02279971","2024-05-25T19:58:44.900Z","sell",
"493.27000000","0.06080136","2024-05-25T19:58:27.937Z","buy",
"493.35000000","0.16638935","2024-05-25T19:57:56.174Z","buy",
"493.33000000","0.02285952","2024-05-25T19:57:31.263Z","buy",
"493.45000000","3.00000000","2024-05-25T19:56:43.343Z","sell",
"493.65000000","0.01806928","2024-05-25T19:55:45.645Z","sell",
"493.75000000","0.01054663","2024-05-25T19:55:16.908Z","sell",
"493.75000000","0.05216435","2024-05-25T19:55:13.337Z","sell",
"493.82000000","0.02205257","2024-05-25T19:55:06.590Z","sell",
"493.82000000","0.02145114","2024-05-25T19:54:57.715Z","sell",
"493.82000000","0.23048945","2024-05-25T19:54:25.550Z","sell",
"493.82000000","0.14887489","2024-05-25T19:54:06.102Z","sell",
"493.82000000","0.12280282","2024-05-25T19:54:04.258Z","sell",
"493.81000000","0.10278371","2024-05-25T19:53:19.974Z","sell",
"493.74000000","0.04051741","2024-05-25T19:53:18.536Z","sell",
"493.73000000","0.09604448","2024-05-25T19:53:16.294Z","sell",
"493.67000000","0.02227668","2024-05-25T19:52:21.290Z","buy",
"493.75000000","0.16092638","2024-05-25T19:52:00.272Z","sell",
"493.75000000","0.80832656","2024-05-25T19:51:47.826Z","sell",
"493.75000000","0.00003961","2024-05-25T19:51:40.563Z","sell",
"493.75000000","0.04713904","2024-05-25T19:51:40.344Z","sell",
"493.69000000","0.05866884","2024-05-25T19:51:12.530Z","sell",
"493.69000000","0.34485091","2024-05-25T19:51:12.530Z","sell",
"493.71000000","0.57628033","2024-05-25T19:51:08.722Z","sell",
"493.53000000","0.38436592","2024-05-25T19:49:51.334Z","sell",
"493.46000000","0.64485306","2024-05-25T19:49:44.598Z","buy",
"493.47000000","1.05000000","2024-05-25T19:49:44.598Z","buy",
"493.47000000","0.63000006","2024-05-25T19:49:44.598Z","buy",
"493.55000000","0.76615940","2024-05-25T19:49:43.304Z","sell",
"493.51000000","1.05000000","2024-05-25T19:49:33.869Z","sell",
"493.56000000","1.26374122","2024-05-25T19:49:28.152Z","buy",
"493.56000000","0.10231785","2024-05-25T19:49:22.870Z","buy",
"493.56000000","3.64938215","2024-05-25T19:49:06.234Z","buy",
"493.56000000","0.00761491","2024-05-25T19:49:01.350Z","buy",
"493.47000000","1.05000000","2024-05-25T19:47:59.678Z","sell",
"493.47000000","1.05000000","2024-05-25T19:47:59.678Z","sell",
"493.27000000","0.04023053","2024-05-25T19:47:52.447Z","buy",
"493.31000000","1.05000000","2024-05-25T19:47:52.447Z","buy",
"493.32000000","0.63000009","2024-05-25T19:47:52.447Z","buy",
"493.35000000","1.20000000","2024-05-25T19:47:52.447Z","buy",
"493.36000000","0.72000008","2024-05-25T19:47:52.447Z","buy",
"493.36000000","1.05000000","2024-05-25T19:47:52.447Z","buy",
"493.37000000","5.13229359","2024-05-25T19:47:52.447Z","buy",
"493.38000000","0.81413774","2024-05-25T19:47:52.447Z","buy",
"493.38000000","1.50398056","2024-05-25T19:47:52.447Z","buy",
"493.38000000","0.50956472","2024-05-25T19:47:52.447Z","buy",
"493.41000000","1.05000000","2024-05-25T19:47:52.447Z","buy",
"493.42000000","0.63000002","2024-05-25T19:47:52.447Z","buy",
"493.47000000","0.05613765","2024-05-25T19:47:06.642Z","buy",
"493.50000000","0.04315251","2024-05-25T19:46:26.004Z","sell",
"493.48000000","0.01807441","2024-05-25T19:46:17.948Z","sell",
"493.53000000","0.05618686","2024-05-25T19:45:51.154Z","sell",
"493.53000000","0.10280661","2024-05-25T19:45:39.628Z","sell",
"493.64000000","0.14890154","2024-05-25T19:45:30.619Z","sell",
"493.64000000","0.79980733","2024-05-25T19:45:30.619Z","sell",
"493.64000000","0.06019267","2024-05-25T19:45:28.561Z","sell",
"493.49000000","0.86000000","2024-05-25T19:45:16.867Z","sell",
"493.50000000","0.68442955","2024-05-25T19:45:16.848Z","sell",
"493.49000000","0.06776563","2024-05-25T19:45:16.848Z","sell",
"493.49000000","0.79223437","2024-05-25T19:45:16.823Z","sell",
"493.47000000","0.02250856","2024-05-25T19:44:14.459Z","buy",
"493.59000000","0.14894427","2024-05-25T19:43:45.722Z","sell",
"493.57000000","0.42276424","2024-05-25T19:43:33.109Z","sell",
"493.54000000","0.54064299","2024-05-25T19:43:01.377Z","sell",
"493.48000000","0.76149103","2024-05-25T19:42:59.894Z","buy",
"493.53000000","1.05000000","2024-05-25T19:42:59.890Z","buy",
"493.53000000","0.28595785","2024-05-25T19:42:59.890Z","buy",
"493.60000000","0.96947077","2024-05-25T19:42:43.925Z","sell",
"493.60000000","1.05000000","2024-05-25T19:42:43.925Z","sell",
"493.59000000","1.05000000","2024-05-25T19:42:41.053Z","sell",
"493.54000000","1.05000000","2024-05-25T19:42:23.318Z","sell",
"493.54000000","0.09631576","2024-05-25T19:42:21.996Z","sell",
"493.48000000","0.57663066","2024-05-25T19:42:07.977Z","sell",
"493.49000000","0.87208315","2024-05-25T19:42:02.892Z","sell",
"493.48000000","1.05000000","2024-05-25T19:42:02.892Z","sell",
"493.49000000","0.03412410","2024-05-25T19:41:42.623Z","sell",
"493.39000000","0.04912949","2024-05-25T19:41:34.106Z","buy",
"493.49000000","0.11286887","2024-05-25T19:41:22.901Z","sell",
"493.47000000","0.07625570","2024-05-25T19:41:18.104Z","sell",
"493.47000000","0.08627621","2024-05-25T19:40:59.786Z","sell",
"493.39000000","0.03060606","2024-05-25T19:40:07.751Z","buy",
"493.42000000","0.14096225","2024-05-25T19:40:02.147Z","buy",
"493.57000000","0.00309586","2024-05-25T19:39:46.093Z","sell",
"493.38000000","0.20023194","2024-05-25T19:39:41.184Z","buy",
"493.38000000","0.93000003","2024-05-25T19:39:41.184Z","buy",
"493.39000000","0.55800005","2024-05-25T19:39:41.184Z","buy",
"493.39000000","0.86000000","2024-05-25T19:39:41.184Z","buy",
"493.38000000","1.32291318","2024-05-25T19:39:41.109Z","buy",
"493.38000000","1.20000000","2024-05-25T19:39:41.109Z","buy",
"493.38000000","3.37937618","2024-05-25T19:39:41.109Z","buy",
"493.39000000","1.26174788","2024-05-25T19:39:41.109Z","buy",
"493.39000000","0.72000006","2024-05-25T19:39:41.109Z","buy",
"493.40000000","0.69000000","2024-05-25T19:39:41.109Z","buy",
"493.40000000","0.86000000","2024-05-25T19:39:41.109Z","buy",
"493.41000000","0.93000003","2024-05-25T19:39:41.109Z","buy",
"493.43000000","0.86000000","2024-05-25T19:39:41.019Z","buy",
"493.45000000","0.33909148","2024-05-25T19:39:41.012Z","buy",
"493.47000000","0.86000000","2024-05-25T19:39:41.012Z","buy",
"493.45000000","0.06606080","2024-05-25T19:39:41.004Z","buy",
"493.46000000","0.87309140","2024-05-25T19:39:41.004Z","buy",
"493.46000000","0.86000000","2024-05-25T19:39:41.004Z","buy",
"493.47000000","0.51600005","2024-05-25T19:39:41.004Z","buy",
"493.52000000","0.51600004","2024-05-25T19:39:41.004Z","buy",
"493.55000000","0.51600009","2024-05-25T19:39:40.993Z","buy",
"493.53000000","0.51600007","2024-05-25T19:39:40.984Z","buy",
"493.54000000","0.86000000","2024-05-25T19:39:40.984Z","buy",
"493.55000000","0.51600006","2024-05-25T19:39:40.976Z","buy",
"493.62000000","0.11282314","2024-05-25T19:39:39.184Z","sell",
"493.57000000","1.05000000","2024-05-25T19:39:09.296Z","sell",
"493.57000000","1.05000000","2024-05-25T19:39:09.296Z","sell",
"493.48000000","0.05015502","2024-05-25T19:39:03.969Z","sell",
"493.29000000","0.07812066","2024-05-25T19:39:01.220Z","buy",
"493.58000000","0.34708477","2024-05-25T19:38:18.645Z","sell",
"493.58000000","0.32416731","2024-05-25T19:38:18.645Z","sell",
"493.71000000","0.00372977","2024-05-25T19:38:05.972Z","sell",
"493.71000000","0.05617206","2024-05-25T19:38:05.413Z","sell",
"493.68000000","2.58000000","2024-05-25T19:37:59.603Z","sell",
"493.82000000","0.04008909","2024-05-25T19:37:23.705Z","sell",
"493.94000000","1.02239138","2024-05-25T19:35:48.161Z","buy",
"494.07000000","0.00232821","2024-05-25T19:35:28.474Z","sell",
"494.11000000","0.01404525","2024-05-25T19:33:42.279Z","sell",
"494.11000000","0.00002023","2024-05-25T19:33:33.660Z","sell",
"494.11000000","0.17245252","2024-05-25T19:33:33.637Z","sell",
"494.11000000","0.03942776","2024-05-25T19:33:33.637Z","sell",
"494.00000000","0.01793810","2024-05-25T19:33:11.259Z","buy",
"493.86000000","0.00443544","2024-05-25T19:33:02.940Z","sell",
"493.79000000","0.00228312","2024-05-25T19:32:46.372Z","buy",
"493.91000000","0.02686898","2024-05-25T19:32:40.709Z","sell",
"493.79000000","0.08718000","2024-05-25T19:32:04.961Z","buy",
"493.78000000","0.32403685","2024-05-25T19:32:02.866Z","sell",
"493.78000000","0.32403685","2024-05-25T19:32:02.066Z","sell",
"493.78000000","0.32403685","2024-05-25T19:32:00.865Z","sell",
"493.78000000","0.32403685","2024-05-25T19:31:59.864Z","sell",
"493.78000000","0.32403685","2024-05-25T19:31:58.857Z","sell",
"493.78000000","0.32403685","2024-05-25T19:31:57.902Z","sell",
"493.78000000","1.40159620","2024-05-25T19:31:56.864Z","sell",
"493.78000000","0.32403685","2024-05-25T19:31:56.864Z","sell",
"493.78000000","0.32403685","2024-05-25T19:31:55.855Z","sell",
"493.78000000","0.32403685","2024-05-25T19:31:54.956Z","sell",
"493.78000000","1.47167601","2024-05-25T19:31:53.863Z","sell",
"493.78000000","0.32403685","2024-05-25T19:31:53.591Z","sell",
"493.81000000","0.01428256","2024-05-25T19:31:53.055Z","sell",
"493.80000000","12.72372543","2024-05-25T19:31:52.912Z","buy",
"493.80000000","14.00000000","2024-05-25T19:31:52.901Z","buy",
"493.79000000","1.00000000","2024-05-25T19:31:30.579Z","sell",
"493.80000000","6.00000000","2024-05-25T19:31:30.488Z","sell",
"493.79000000","2.76826065","2024-05-25T19:31:30.488Z","sell",
"493.79000000","0.01022578","2024-05-25T19:31:27.094Z","buy",
"493.82000000","0.00209790","2024-05-25T19:31:17.928Z","sell",
"493.81000000","0.50648166","2024-05-25T19:31:15.422Z","buy",
"493.87000000","0.00495185","2024-05-25T19:31:13.510Z","sell",
"493.81000000","0.50643103","2024-05-25T19:31:10.974Z","buy",
"493.81000000","0.50643103","2024-05-25T19:31:10.679Z","buy",
"493.85000000","0.02004495","2024-05-25T19:31:06.618Z","sell",
"493.80000000","1.59736966","2024-05-25T19:31:03.849Z","sell",
"493.80000000","1.00000000","2024-05-25T19:31:03.743Z","sell",
"493.79000000","0.60000000","2024-05-25T19:31:03.743Z","sell",
"493.80000000","1.00000000","2024-05-25T19:31:00.598Z","sell",
"493.79000000","0.60000002","2024-05-25T19:31:00.598Z","sell",
"493.80000000","0.86000000","2024-05-25T19:31:00.495Z","sell",
"493.79000000","0.51600007","2024-05-25T19:31:00.495Z","sell",
"493.80000000","0.86000000","2024-05-25T19:31:00.397Z","sell",
"493.79000000","0.51600009","2024-05-25T19:31:00.397Z","sell",
"494.01000000","0.26944683","2024-05-25T19:29:23.750Z","buy",
"494.01000000","0.63000008","2024-05-25T19:29:23.750Z","buy",
"494.09000000","0.04710563","2024-05-25T19:29:05.285Z","sell",
"494.08000000","0.00000097","2024-05-25T19:29:05.285Z","sell",
"494.01000000","0.04711423","2024-05-25T19:28:36.317Z","sell",
"493.93000000","0.43402326","2024-05-25T19:28:32.833Z","buy",
"493.94000000","0.57809366","2024-05-25T19:28:32.833Z","buy",
"494.01000000","0.11722928","2024-05-25T19:28:04.825Z","sell",
"493.91000000","0.10124943","2024-05-25T19:28:04.825Z","sell",
"493.83000000","0.06623656","2024-05-25T19:27:37.857Z","sell",
"493.80000000","0.48900000","2024-05-25T19:27:21.471Z","buy",
"493.80000000","0.03062614","2024-05-25T19:27:14.918Z","buy",
"493.80000000","1.00000000","2024-05-25T19:27:06.121Z","sell",
"493.81000000","1.05000000","2024-05-25T19:27:03.649Z","buy",
"493.80000000","5.86000000","2024-05-25T19:27:00.297Z","sell",
"493.79000000","1.00000000","2024-05-25T19:27:00.297Z","sell",
"493.80000000","0.60000003","2024-05-25T19:27:00.168Z","sell",
"493.80000000","0.86000000","2024-05-25T19:27:00.168Z","sell",
"493.79000000","0.51600005","2024-05-25T19:27:00.168Z","sell",
"493.80000000","0.86000000","2024-05-25T19:27:00.017Z","sell",
"493.79000000","0.51600008","2024-05-25T19:27:00.017Z","sell",
"493.84000000","0.38410132","2024-05-25T19:26:59.667Z","sell",
"493.80000000","1.37537975","2024-05-25T19:26:54.917Z","sell",
"493.80000000","0.99897440","2024-05-25T19:26:54.831Z","sell",
"493.80000000","0.60000008","2024-05-25T19:26:54.831Z","sell",
"493.82000000","0.86000000","2024-05-25T19:26:54.031Z","buy",
"493.81000000","0.27046656","2024-05-25T19:26:47.699Z","buy",
"493.81000000","0.35413123","2024-05-25T19:26:43.163Z","buy",
"493.80000000","0.86000000","2024-05-25T19:26:19.603Z","sell",
"493.79000000","0.51600007","2024-05-25T19:26:19.603Z","sell",
"493.80000000","0.86000000","2024-05-25T19:26:19.483Z","sell",
"493.79000000","0.51600004","2024-05-25T19:26:19.483Z","sell",
"493.80000000","0.86000000","2024-05-25T19:26:19.392Z","sell",
"493.79000000","0.51600000","2024-05-25T19:26:19.392Z","sell",
"493.80000000","0.01500000","2024-05-25T19:26:01.182Z","buy",
"493.92000000","0.00445182","2024-05-25T19:25:58.246Z","sell",
"493.81000000","0.05531362","2024-05-25T19:25:45.906Z","buy",
"493.83000000","0.71165737","2024-05-25T19:25:45.906Z","buy",
"493.84000000","0.42699444","2024-05-25T19:25:45.906Z","buy",
"493.83000000","0.14834263","2024-05-25T19:25:40.300Z","buy",
"493.91000000","0.65288337","2024-05-25T19:25:24.347Z","sell",
"493.95000000","0.04711995","2024-05-25T19:25:07.551Z","sell",
"493.80000000","1.19208905","2024-05-25T19:25:05.427Z","buy",
"493.83000000","1.05000000","2024-05-25T19:25:05.427Z","buy",
"493.84000000","0.86000000","2024-05-25T19:25:05.427Z","buy",
"493.84000000","1.05000000","2024-05-25T19:25:05.427Z","buy",
"493.86000000","0.31944671","2024-05-25T19:24:50.507Z","buy",
"493.86000000","0.51600003","2024-05-25T19:24:50.507Z","buy",
"493.83000000","0.80981496","2024-05-25T19:24:38.355Z","buy",
"493.95000000","0.09022391","2024-05-25T19:24:36.191Z","sell",
"493.95000000","0.50000000","2024-05-25T19:24:36.191Z","sell",
"493.94000000","0.05614249","2024-05-25T19:24:23.591Z","sell",
"493.97000000","0.05010426","2024-05-25T19:23:54.210Z","sell",
"493.98000000","0.14096225","2024-05-25T19:23:38.038Z","sell",
"493.88000000","0.07015874","2024-05-25T19:22:59.806Z","sell",
"493.89000000","0.04512301","2024-05-25T19:22:54.426Z","sell",
"493.88000000","0.03910928","2024-05-25T19:22:52.043Z","sell",
"493.88000000","0.32051740","2024-05-25T19:22:51.326Z","sell",
"493.87000000","1.00000000","2024-05-25T19:22:51.326Z","sell",
"493.86000000","0.60000001","2024-05-25T19:22:51.326Z","sell",
"493.87000000","0.07820010","2024-05-25T19:22:46.574Z","sell",
"494.00000000","0.09021866","2024-05-25T19:22:30.330Z","sell",
"494.00000000","0.00105282","2024-05-25T19:22:27.252Z","sell",
"493.96000000","0.19204288","2024-05-25T19:22:25.455Z","sell",
"493.91000000","1.05000000","2024-05-25T19:22:22.696Z","sell",
"493.91000000","1.84000000","2024-05-25T19:22:04.892Z","buy",
"493.94000000","0.00000180","2024-05-25T19:21:51.030Z","buy",
"493.94000000","0.91999820","2024-05-25T19:21:51.029Z","buy",
"493.97000000","0.00000181","2024-05-25T19:21:51.029Z","buy",
"493.97000000","0.41204000","2024-05-25T19:21:37.148Z","buy",
"494.04000000","0.07616772","2024-05-25T19:20:52.047Z","sell",
"494.05000000","0.10271921","2024-05-25T19:20:45.135Z","sell",
"494.07000000","0.04007692","2024-05-25T19:20:07.018Z","sell",
"494.08000000","1.31900000","2024-05-25T19:19:57.210Z","sell",
"494.08000000","6.00000000","2024-05-25T19:19:57.204Z","sell",
"494.08000000","1.49278000","2024-05-25T19:19:57.200Z","sell",
"494.08000000","1.00000000","2024-05-25T19:19:57.195Z","sell",
"494.08000000","3.00000000","2024-05-25T19:19:57.195Z","sell",
"494.08000000","5.68237855","2024-05-25T19:19:57.191Z","sell",
"494.05000000","1.40395531","2024-05-25T19:19:55.279Z","sell",
"494.05000000","0.38395361","2024-05-25T19:19:53.439Z","sell",
"494.05000000","2.00000000","2024-05-25T19:19:52.033Z","sell",
"494.08000000","0.02204141","2024-05-25T19:19:47.185Z","sell",
"494.08000000","0.01805392","2024-05-25T19:19:45.991Z","sell",
"493.97000000","0.00198895","2024-05-25T19:19:33.339Z","buy",
"493.98000000","0.48399993","2024-05-25T19:19:08.836Z","buy",
"493.99000000","0.51600007","2024-05-25T19:19:08.836Z","buy",
"494.07000000","0.00368482","2024-05-25T19:19:03.472Z","sell",
"493.97000000","0.50596924","2024-05-25T19:19:01.733Z","buy",
"494.23000000","0.05370354","2024-05-25T19:18:01.432Z","sell",
"494.23000000","0.21110839","2024-05-25T19:17:53.807Z","sell",
"494.32000000","0.02000000","2024-05-25T19:17:28.056Z","sell",
"494.23000000","0.55610100","2024-05-25T19:17:24.637Z","buy",
"494.23000000","1.05000000","2024-05-25T19:17:24.637Z","buy",
"494.24000000","1.05000000","2024-05-25T19:17:24.637Z","buy",
"494.33000000","0.06610681","2024-05-25T19:17:19.432Z","sell",
"494.37000000","0.01077163","2024-05-25T19:17:01.517Z","sell",
"494.28000000","0.01239877","2024-05-25T19:16:50.890Z","sell",
"494.23000000","0.08000000","2024-05-25T19:16:25.703Z","sell",
"494.35000000","0.05609252","2024-05-25T19:16:12.297Z","sell",
"494.26000000","0.00817350","2024-05-25T19:16:06.116Z","buy",
"494.30000000","0.02553663","2024-05-25T19:15:52.235Z","sell",
"494.29000000","0.15420873","2024-05-25T19:15:47.461Z","sell",
"494.20000000","0.00971168","2024-05-25T19:15:46.175Z","buy",
"494.39000000","0.00202290","2024-05-25T19:15:20.713Z","sell",
"494.07000000","0.59836044","2024-05-25T19:15:00.742Z","buy",
"494.18000000","0.39523990","2024-05-25T19:14:47.773Z","sell",
"494.34000000","0.10265065","2024-05-25T19:14:29.520Z","sell",
"494.37000000","0.00739430","2024-05-25T19:13:47.273Z","sell",
"494.34000000","0.40067183","2024-05-25T19:13:23.811Z","sell",
"494.17000000","0.10016188","2024-05-25T19:13:06.449Z","sell",
"493.98000000","0.23675685","2024-05-25T19:12:33.689Z","buy",
"494.07000000","0.03708968","2024-05-25T19:12:12.832Z","sell",
"494.05000000","0.15281328","2024-05-25T19:11:41.706Z","sell",
"493.98000000","0.02003927","2024-05-25T19:11:02.003Z","sell",
"494.06000000","0.19772749","2024-05-25T19:10:50.508Z","sell",
"494.07000000","0.09016941","2024-05-25T19:10:10.124Z","sell",
"494.18000000","0.00594739","2024-05-25T19:09:51.284Z","sell",
"494.09000000","0.28818267","2024-05-25T19:09:51.224Z","buy",
"494.18000000","0.03708293","2024-05-25T19:09:49.716Z","sell",
"494.18000000","0.07614614","2024-05-25T19:09:45.357Z","sell",
"494.18000000","0.21143762","2024-05-25T19:09:42.739Z","sell",
"494.17000000","0.51600003","2024-05-25T19:09:42.739Z","sell",
"494.10000000","0.32382387","2024-05-25T19:09:11.425Z","sell",
"494.09000000","1.00000000","2024-05-25T19:09:11.425Z","sell",
"494.08000000","0.86000000","2024-05-25T19:09:11.425Z","sell",
"493.80000000","0.50648166","2024-05-25T19:08:51.211Z","buy",
"493.88000000","0.10023692","2024-05-25T19:08:51.034Z","sell",
"493.81000000","0.50648166","2024-05-25T19:08:48.369Z","buy",
"493.82000000","0.12026239","2024-05-25T19:08:35.958Z","sell",
"493.80000000","10.00000000","2024-05-25T19:08:32.741Z","buy",
"493.80000000","5.00000000","2024-05-25T19:08:32.741Z","buy",
"493.80000000","0.42535953","2024-05-25T19:08:32.724Z","buy",
"493.80000000","0.18713881","2024-05-25T19:08:32.721Z","buy",
"493.80000000","0.52663561","2024-05-25T19:08:32.720Z","buy",
"493.81000000","1.05000000","2024-05-25T19:08:32.662Z","buy",
"493.81000000","0.35987963","2024-05-25T19:08:32.662Z","buy",
"493.81000000","0.69012037","2024-05-25T19:08:32.661Z","buy",
"493.89000000","0.00803721","2024-05-25T19:08:29.199Z","sell",
"493.94000000","0.08020253","2024-05-25T19:08:21.325Z","sell",
"493.80000000","2.13292831","2024-05-25T19:08:11.155Z","sell",
"493.80000000","0.60000006","2024-05-25T19:08:11.155Z","sell",
"493.79000000","1.00000000","2024-05-25T19:08:11.155Z","sell",
"493.78000000","0.60000004","2024-05-25T19:08:11.155Z","sell",
"493.78000000","0.78838033","2024-05-25T19:08:11.155Z","sell",
"493.77000000","0.47302821","2024-05-25T19:08:11.155Z","sell",
"493.89000000","0.00226508","2024-05-25T19:07:52.752Z","sell",
"494.01000000","0.40890688","2024-05-25T19:07:06.328Z","buy",
"494.00000000","0.00641545","2024-05-25T19:07:00.672Z","buy",
"494.12000000","0.01953473","2024-05-25T19:06:58.763Z","sell",
"494.08000000","0.01326412","2024-05-25T19:06:22.799Z","sell",
"494.03000000","0.11875271","2024-05-25T19:06:03.731Z","sell",
"493.81000000","0.09605810","2024-05-25T19:05:13.652Z","sell",
"493.75000000","0.04112885","2024-05-25T19:04:50.697Z","sell",
"493.75000000","0.04714954","2024-05-25T19:04:48.373Z","sell",
"493.67000000","0.10006887","2024-05-25T19:04:36.111Z","sell",
"493.45000000","0.02026137","2024-05-25T19:04:24.925Z","buy",
"493.66000000","0.47210589","2024-05-25T19:04:09.629Z","buy",
"493.76000000","0.55999725","2024-05-25T19:04:06.452Z","buy",
"494.01000000","0.00408717","2024-05-25T19:03:37.478Z","buy",
"493.83000000","0.02508182","2024-05-25T19:03:00.960Z","sell",
"493.73000000","0.03207906","2024-05-25T19:01:39.278Z","sell",
"493.66000000","0.20017871","2024-05-25T19:00:47.500Z","sell",
"493.51000000","0.15629000","2024-05-25T19:00:43.117Z","buy",
"493.80000000","0.31598073","2024-05-25T19:00:21.006Z","buy",
"493.81000000","0.63000000","2024-05-25T19:00:21.006Z","buy",
"493.82000000","0.58801623","2024-05-25T19:00:21.006Z","buy",
"493.89000000","0.02106426","2024-05-25T19:00:12.528Z","sell",
"493.78000000","0.81555032","2024-05-25T19:00:12.083Z","buy",
"493.79000000","0.72000009","2024-05-25T19:00:12.083Z","buy",
"493.86000000","0.40621728","2024-05-25T19:00:10.790Z","buy",
"493.86000000","0.63000005","2024-05-25T19:00:10.790Z","buy",
"493.87000000","0.58801623","2024-05-25T19:00:10.790Z","buy",
"493.76000000","0.31696041","2024-05-25T18:59:30.567Z","sell",
"493.79000000","0.15231849","2024-05-25T18:59:07.217Z","sell",
"493.79000000","0.05914697","2024-05-25T18:59:05.772Z","sell",
"493.72000000","0.19211679","2024-05-25T18:58:21.918Z","sell",
"493.69000000","0.28818267","2024-05-25T18:58:07.799Z","sell",
"493.66000000","0.02915402","2024-05-25T18:57:24.058Z","buy",
"493.66000000","0.58801623","2024-05-25T18:57:24.058Z","buy",
"493.67000000","0.98280975","2024-05-25T18:57:24.058Z","buy",
"493.79000000","0.03207517","2024-05-25T18:57:09.693Z","sell",
"493.74000000","0.09606199","2024-05-25T18:56:44.085Z","sell",
"493.66000000","0.13895320","2024-05-25T18:56:32.216Z","sell",
"493.71000000","1.77915831","2024-05-25T18:56:26.057Z","buy",
"493.76000000","0.05615841","2024-05-25T18:56:25.598Z","sell",
"493.79000000","0.06618312","2024-05-25T18:56:20.708Z","sell",
"493.87000000","0.01973035","2024-05-25T18:55:06.412Z","sell",
"493.84000000","0.05614818","2024-05-25T18:54:36.139Z","sell",
"493.78000000","1.05000000","2024-05-25T18:54:10.114Z","sell",
"493.79000000","1.05000000","2024-05-25T18:54:10.108Z","sell",
"493.79000000","1.05000000","2024-05-25T18:54:10.108Z","sell",
"493.78000000","0.00095182","2024-05-25T18:54:09.865Z","sell",
"493.46000000","0.12499999","2024-05-25T18:53:09.168Z","buy",
"493.46000000","0.63000001","2024-05-25T18:53:09.168Z","buy",
"493.49000000","0.02251312","2024-05-25T18:53:01.927Z","buy",
"493.59000000","0.01706827","2024-05-25T18:52:57.323Z","sell",
"493.50000000","0.06033249","2024-05-25T18:52:55.521Z","buy",
"493.59000000","0.04715527","2024-05-25T18:52:47.473Z","sell",
"493.60000000","0.02709773","2024-05-25T18:52:42.347Z","sell",
"493.60000000","0.28820602","2024-05-25T18:52:19.144Z","sell",
"493.65000000","0.03838702","2024-05-25T18:51:53.471Z","sell",
"493.59000000","0.03208751","2024-05-25T18:51:36.311Z","sell",
"493.59000000","0.01972658","2024-05-25T18:51:36.000Z","sell",
"493.59000000","0.00115434","2024-05-25T18:51:32.006Z","sell",
"493.59000000","0.25721967","2024-05-25T18:51:31.977Z","sell",
"493.59000000","1.05000000","2024-05-25T18:51:31.977Z","sell",
"493.59000000","1.58151320","2024-05-25T18:51:31.977Z","sell",
"493.55000000","0.24568440","2024-05-25T18:51:31.552Z","sell",
"493.65000000","0.20057539","2024-05-25T18:51:19.480Z","sell",
"493.55000000","0.01757005","2024-05-25T18:51:07.383Z","sell",
"493.57000000","0.09877075","2024-05-25T18:50:15.340Z","sell",
"493.56000000","0.05013572","2024-05-25T18:50:13.204Z","sell",
"493.70000000","0.05214958","2024-05-25T18:49:57.965Z","sell",
"493.62000000","0.04193278","2024-05-25T18:49:10.464Z","buy",
"493.61000000","0.02892209","2024-05-25T18:48:21.043Z","buy",
"493.73000000","0.04221171","2024-05-25T18:47:41.315Z","sell",
"493.73000000","0.19955489","2024-05-25T18:47:40.391Z","sell",
"493.72000000","0.58801623","2024-05-25T18:47:40.391Z","sell",
"493.71000000","0.21085803","2024-05-25T18:47:36.916Z","sell",
"493.37000000","0.15433265","2024-05-25T18:46:20.663Z","buy",
"493.56000000","0.05576905","2024-05-25T18:45:39.808Z","sell",
"493.65000000","0.31885673","2024-05-25T18:45:28.436Z","sell",
"493.54000000","0.00202622","2024-05-25T18:45:06.033Z","sell",
"493.40000000","2.21221187","2024-05-25T18:45:00.687Z","buy",
"493.40000000","3.06411457","2024-05-25T18:45:00.686Z","buy",
"493.55000000","0.04011833","2024-05-25T18:44:44.195Z","sell",
"493.54000000","0.09608145","2024-05-25T18:44:39.802Z","sell",
"493.42000000","0.19450917","2024-05-25T18:44:37.842Z","buy",
"493.55000000","0.00236817","2024-05-25T18:44:33.422Z","sell",
"493.57000000","0.01807294","2024-05-25T18:43:58.939Z","sell",
"493.63000000","0.20252344","2024-05-25T18:43:29.549Z","buy",
"493.70000000","0.20789253","2024-05-25T18:43:04.114Z","sell",
"493.73000000","0.75677504","2024-05-25T18:43:02.653Z","sell",
"493.72000000","0.58801623","2024-05-25T18:43:02.653Z","sell",
"493.71000000","0.02308015","2024-05-25T18:42:45.365Z","sell",
"493.58000000","0.79823122","2024-05-25T18:42:40.275Z","buy",
"493.51000000","0.01135544","2024-05-25T18:42:22.373Z","buy",
"493.51000000","0.20256447","2024-05-25T18:42:10.674Z","buy",
"493.71000000","0.00196501","2024-05-25T18:42:04.704Z","sell",
"493.43000000","0.00826297","2024-05-25T18:41:37.898Z","buy",
"493.56000000","0.00555104","2024-05-25T18:41:37.239Z","sell",
"493.48000000","0.20864913","2024-05-25T18:41:17.970Z","sell",
"493.46000000","0.03712951","2024-05-25T18:41:13.259Z","sell",
"493.53000000","0.02407149","2024-05-25T18:40:56.272Z","sell",
"493.53000000","0.00554399","2024-05-25T18:40:38.683Z","sell",
"493.71000000","0.03939155","2024-05-25T18:39:35.207Z","sell",
"493.55000000","0.84166573","2024-05-25T18:38:59.234Z","buy",
"493.69000000","0.04112801","2024-05-25T18:38:51.288Z","sell",
"493.70000000","0.10279412","2024-05-25T18:38:46.990Z","sell",
"493.68000000","0.07622326","2024-05-25T18:38:18.074Z","sell",
"493.68000000","0.24016529","2024-05-25T18:38:06.770Z","sell",
"493.68000000","0.32338890","2024-05-25T18:38:05.342Z","sell",
"493.54000000","0.03530111","2024-05-25T18:37:55.892Z","buy",
"493.54000000","0.77495675","2024-05-25T18:37:55.892Z","buy",
"493.68000000","0.01806818","2024-05-25T18:37:42.950Z","sell",
"493.68000000","0.05616524","2024-05-25T18:37:33.948Z","sell",
"493.65000000","0.04715814","2024-05-25T18:37:14.514Z","sell",
"493.55000000","0.22300000","2024-05-25T18:37:13.994Z","buy",
"493.65000000","0.00196521","2024-05-25T18:37:10.163Z","sell",
"493.53000000","0.09631185","2024-05-25T18:36:39.498Z","sell",
"493.57000000","1.05000000","2024-05-25T18:36:26.897Z","sell",
"493.57000000","1.05000000","2024-05-25T18:36:26.897Z","sell",
"493.49000000","1.05000000","2024-05-25T18:36:04.657Z","sell",
"493.41000000","0.01950000","2024-05-25T18:35:43.312Z","sell",
"493.37000000","0.00980000","2024-05-25T18:35:42.312Z","sell",
"493.37000000","0.02920000","2024-05-25T18:35:41.311Z","sell",
"493.37000000","0.04870000","2024-05-25T18:35:40.311Z","sell",
"493.49000000","0.04870000","2024-05-25T18:35:39.312Z","sell",
"493.49000000","0.04870000","2024-05-25T18:35:38.310Z","sell",
"493.49000000","0.02840000","2024-05-25T18:35:37.311Z","sell",
"493.49000000","0.05015299","2024-05-25T18:35:36.643Z","sell",
"493.56000000","0.10482495","2024-05-25T18:35:29.264Z","sell",
"493.41000000","0.20470622","2024-05-25T18:35:18.844Z","buy",
"493.56000000","0.10127608","2024-05-25T18:34:52.994Z","buy",
"493.70000000","0.05215698","2024-05-25T18:34:52.417Z","sell",
"493.76000000","0.00772051","2024-05-25T18:34:43.072Z","sell",
"493.41000000","0.03564024","2024-05-25T18:34:05.149Z","sell",
"493.31000000","0.08027407","2024-05-25T18:33:52.987Z","sell",
"493.43000000","0.41198377","2024-05-25T18:32:46.959Z","buy",
"493.44000000","0.58801623","2024-05-25T18:32:46.959Z","buy",
"493.54000000","0.04444456","2024-05-25T18:32:07.648Z","sell",
"493.52000000","0.15301459","2024-05-25T18:32:03.432Z","sell",
"493.25000000","0.00561789","2024-05-25T18:31:48.375Z","buy",
"493.41000000","0.10349109","2024-05-25T18:31:44.484Z","sell",
"493.46000000","0.02009545","2024-05-25T18:31:21.586Z","buy",
"493.55000000","0.18667189","2024-05-25T18:31:10.618Z","buy",
"493.56000000","0.29756942","2024-05-25T18:31:09.468Z","buy",
"493.56000000","1.05000000","2024-05-25T18:31:09.468Z","buy",
"493.57000000","0.31851946","2024-05-25T18:31:09.311Z","buy",
"493.59000000","1.05000000","2024-05-25T18:31:09.310Z","buy",
"493.75000000","0.00000913","2024-05-25T18:31:09.265Z","buy",
"493.75000000","0.40037000","2024-05-25T18:31:09.262Z","buy",
"493.77000000","0.06533456","2024-05-25T18:31:06.999Z","sell",
"493.95000000","0.06612955","2024-05-25T18:30:44.193Z","sell",
"494.02000000","0.06612420","2024-05-25T18:30:39.012Z","sell",
"494.00000000","0.07738650","2024-05-25T18:30:36.658Z","buy",
"494.02000000","0.00000350","2024-05-25T18:30:36.658Z","buy",
"494.02000000","1.08999650","2024-05-25T18:30:36.653Z","buy",
"494.02000000","1.09000000","2024-05-25T18:30:36.653Z","buy",
"494.02000000","1.06604350","2024-05-25T18:30:36.653Z","buy",
"494.02000000","1.11395650","2024-05-25T18:30:36.318Z","buy",
"494.24000000","0.04709421","2024-05-25T18:30:20.753Z","sell",
"494.22000000","0.06209785","2024-05-25T18:30:18.705Z","sell",
"494.19000000","0.09596479","2024-05-25T18:30:03.445Z","sell",
"494.05000000","0.75358877","2024-05-25T18:29:43.279Z","buy",
"494.28000000","0.40061509","2024-05-25T18:28:52.684Z","sell",
"494.28000000","0.20428063","2024-05-25T18:27:49.838Z","sell",
"494.17000000","0.07314412","2024-05-25T18:27:01.175Z","sell",
"494.21000000","0.00202343","2024-05-25T18:26:08.603Z","sell",
"494.17000000","0.00811199","2024-05-25T18:26:01.486Z","buy",
"494.19000000","0.38142920","2024-05-25T18:25:39.714Z","buy",
"494.19000000","0.02314246","2024-05-25T18:25:39.714Z","buy",
"494.19000000","0.95966732","2024-05-25T18:25:39.490Z","buy",
"494.35000000","0.09592596","2024-05-25T18:25:34.120Z","sell",
"494.21000000","0.50128774","2024-05-25T18:25:25.801Z","buy",
"494.21000000","1.05000000","2024-05-25T18:25:25.801Z","buy",
"494.22000000","0.58801623","2024-05-25T18:25:25.801Z","buy",
"494.20000000","0.40450620","2024-05-25T18:25:24.144Z","buy",
"494.31000000","0.05789540","2024-05-25T18:25:18.941Z","buy",
"494.44000000","0.00723198","2024-05-25T18:24:53.256Z","sell",
"494.43000000","0.01403645","2024-05-25T18:24:40.931Z","sell",
"494.26000000","0.10005114","2024-05-25T18:24:25.184Z","buy",
"494.26000000","0.00451034","2024-05-25T18:24:21.569Z","buy",
"494.49000000","0.07005803","2024-05-25T18:23:51.604Z","sell",
"494.44000000","0.00202188","2024-05-25T18:23:45.402Z","sell",
"494.44000000","0.00048949","2024-05-25T18:23:42.227Z","buy",
"494.36000000","1.05000000","2024-05-25T18:23:37.829Z","sell",
"494.28000000","1.05000000","2024-05-25T18:23:37.781Z","sell",
"494.24000000","0.17273568","2024-05-25T18:22:29.108Z","sell",
"494.05000000","0.00022255","2024-05-25T18:22:08.152Z","buy",
"494.09000000","0.10966385","2024-05-25T18:21:48.547Z","buy",
"494.32000000","0.00202265","2024-05-25T18:21:44.734Z","sell",
"494.29000000","0.58001037","2024-05-25T18:21:44.553Z","buy",
"494.30000000","0.65338294","2024-05-25T18:21:44.553Z","buy",
"494.42000000","0.14267853","2024-05-25T18:21:41.908Z","sell",
"494.29000000","0.20570130","2024-05-25T18:21:38.641Z","buy",
"494.45000000","0.02705224","2024-05-25T18:21:29.204Z","sell",
"494.35000000","0.00022245","2024-05-25T18:21:27.828Z","buy",
"494.41000000","0.00644256","2024-05-25T18:21:14.039Z","sell",
"494.42000000","0.02214192","2024-05-25T18:21:13.717Z","sell",
"494.90000000","0.12522818","2024-05-25T18:20:51.748Z","sell",
"494.71000000","0.71220011","2024-05-25T18:20:48.502Z","buy",
"494.71000000","1.05000000","2024-05-25T18:20:48.502Z","buy",
"494.72000000","0.50000000","2024-05-25T18:20:48.502Z","buy",
"494.72000000","0.97235089","2024-05-25T18:20:48.502Z","buy",
"494.72000000","0.55814524","2024-05-25T18:20:48.502Z","buy",
"494.73000000","0.50000000","2024-05-25T18:20:48.502Z","buy",
"494.79000000","1.05000000","2024-05-25T18:20:48.502Z","buy",
"494.80000000","0.63047795","2024-05-25T18:20:48.502Z","buy",
"494.85000000","1.05000000","2024-05-25T18:20:48.502Z","buy",
"494.96000000","0.00024234","2024-05-25T18:20:21.376Z","sell",
"494.95000000","0.28018645","2024-05-25T18:20:21.345Z","sell",
"494.95000000","0.32326951","2024-05-25T18:20:21.345Z","sell",
"494.79000000","0.05970000","2024-05-25T18:20:13.760Z","buy",
"494.73000000","0.01298378","2024-05-25T18:20:07.881Z","buy",
"494.63000000","0.00094641","2024-05-25T18:19:42.936Z","buy",
"494.72000000","0.00310000","2024-05-25T18:19:22.735Z","buy",
"494.74000000","0.07368159","2024-05-25T18:19:20.635Z","sell",
"494.73000000","0.08385706","2024-05-25T18:19:20.635Z","sell",
"494.72000000","0.06561107","2024-05-25T18:19:19.674Z","sell",
"494.71000000","0.17073122","2024-05-25T18:19:19.674Z","sell",
"494.70000000","0.04343917","2024-05-25T18:19:19.674Z","sell",
"494.69000000","0.01301210","2024-05-25T18:19:19.674Z","sell",
"494.65000000","0.29234160","2024-05-25T18:19:17.715Z","buy",
"494.68000000","0.06961192","2024-05-25T18:19:04.046Z","sell",
"494.67000000","0.03331855","2024-05-25T18:19:04.046Z","sell",
"494.65000000","0.24582239","2024-05-25T18:19:02.834Z","sell",
"494.65000000","0.40756055","2024-05-25T18:19:02.831Z","sell",
"494.62000000","0.65338294","2024-05-25T18:19:02.831Z","sell",
"494.64000000","0.36379033","2024-05-25T18:19:02.826Z","sell",
"494.62000000","0.65338294","2024-05-25T18:19:02.826Z","sell",
"494.59000000","0.32350203","2024-05-25T18:19:02.823Z","sell",
"494.59000000","0.32350203","2024-05-25T18:18:59.773Z","sell",
"494.58000000","0.65338294","2024-05-25T18:18:59.773Z","sell",
"494.57000000","0.03705069","2024-05-25T18:18:49.085Z","sell",
"494.43000000","0.13012881","2024-05-25T18:18:39.830Z","sell",
"494.55000000","0.15654302","2024-05-25T18:18:29.211Z","sell",
"494.27000000","0.05007182","2024-05-25T18:18:15.112Z","sell",
"494.04000000","0.40471431","2024-05-25T18:18:07.144Z","sell",
"493.95000000","2.09661706","2024-05-25T18:18:07.141Z","buy",
"493.96000000","0.65338294","2024-05-25T18:18:07.141Z","buy",
"493.99000000","0.40465460","2024-05-25T18:18:07.141Z","buy",
"494.09000000","0.65338294","2024-05-25T18:18:07.135Z","buy",
"493.98000000","0.36867056","2024-05-25T18:18:07.133Z","buy",
"493.98000000","0.68132944","2024-05-25T18:18:07.133Z","buy",
"494.00000000","0.36867057","2024-05-25T18:18:07.133Z","buy",
"494.00000000","0.46918696","2024-05-25T18:18:07.133Z","buy",
"494.03000000","0.58081305","2024-05-25T18:18:07.133Z","buy",
"494.03000000","1.05000001","2024-05-25T18:18:07.132Z","buy",
"494.03000000","2.43568149","2024-05-25T18:18:07.130Z","buy",
"494.03000000","1.93350545","2024-05-25T18:18:07.130Z","buy",
"494.03000000","0.50217604","2024-05-25T18:18:07.130Z","buy",
"494.03000000","0.54782396","2024-05-25T18:18:07.130Z","buy",
"494.06000000","0.83785753","2024-05-25T18:18:07.130Z","buy",
"494.08000000","1.05000000","2024-05-25T18:18:07.130Z","buy",
"494.13000000","1.61899910","2024-05-25T18:18:07.130Z","buy",
"494.14000000","1.05000000","2024-05-25T18:18:07.130Z","buy",
"494.17000000","1.05000000","2024-05-25T18:18:07.130Z","buy",
"494.18000000","0.65338294","2024-05-25T18:18:07.130Z","buy",
"494.19000000","1.05000000","2024-05-25T18:18:07.130Z","buy",
"494.14000000","0.07414732","2024-05-25T18:17:50.793Z","sell",
"493.80000000","0.11888948","2024-05-25T18:17:07.568Z","sell",
"493.73000000","0.16821422","2024-05-25T18:16:37.695Z","sell",
"493.73000000","0.09828393","2024-05-25T18:16:30.377Z","sell",
"493.66000000","0.06081218","2024-05-25T18:15:43.236Z","buy",
"493.92000000","0.00000868","2024-05-25T18:15:40.148Z","buy",
"493.92000000","0.50564000","2024-05-25T18:14:34.123Z","buy",
"494.16000000","0.00402683","2024-05-25T18:14:11.518Z","sell",
"494.16000000","0.00020228","2024-05-25T18:14:11.456Z","sell",
"494.14000000","0.50471574","2024-05-25T18:14:11.430Z","sell",
"494.00000000","0.17377839","2024-05-25T18:13:53.281Z","buy",
"494.16000000","0.20154201","2024-05-25T18:13:41.236Z","sell",
"493.99000000","0.16559760","2024-05-25T18:12:17.374Z","buy",
"494.11000000","0.01805465","2024-05-25T18:12:13.319Z","sell",
"494.10000000","0.02796031","2024-05-25T18:12:11.700Z","sell",
"494.10000000","0.01915296","2024-05-25T18:12:11.700Z","sell",
"494.09000000","0.06973249","2024-05-25T18:12:10.670Z","sell",
"494.08000000","0.65338294","2024-05-25T18:12:10.670Z","sell",
"494.08000000","0.82668427","2024-05-25T18:12:10.665Z","sell",
"494.08000000","0.05348499","2024-05-25T18:12:10.665Z","sell",
"494.06000000","0.10974670","2024-05-25T18:12:09.792Z","sell",
"494.05000000","1.03757704","2024-05-25T18:12:09.788Z","sell",
"494.05000000","0.47052750","2024-05-25T18:12:06.604Z","sell",
"494.05000000","0.40809555","2024-05-25T18:12:06.604Z","sell",
"494.02000000","0.65338294","2024-05-25T18:12:05.168Z","sell",
"494.02000000","1.05000000","2024-05-25T18:12:05.168Z","sell",
"494.02000000","0.74002199","2024-05-25T18:12:05.168Z","sell",
"494.02000000","0.28090044","2024-05-25T18:11:59.417Z","sell",
"494.02000000","0.02907757","2024-05-25T18:11:42.497Z","sell",
"494.05000000","1.59340925","2024-05-25T18:11:01.227Z","sell",
"494.01000000","1.05000000","2024-05-25T18:11:01.226Z","sell",
"494.00000000","1.80000000","2024-05-25T18:11:01.226Z","sell",
"493.99000000","0.32389783","2024-05-25T18:11:01.226Z","sell",
"493.96000000","1.05000000","2024-05-25T18:11:01.226Z","sell",
"493.92000000","0.65338294","2024-05-25T18:11:01.224Z","sell",
"493.90000000","0.05952243","2024-05-25T18:10:53.987Z","sell",
"493.69000000","0.09607366","2024-05-25T18:10:08.254Z","sell",
"493.45000000","0.05629175","2024-05-25T18:09:39.327Z","buy",
"493.43000000","0.19222970","2024-05-25T18:09:11.565Z","sell",
"493.41000000","0.15203292","2024-05-25T18:09:00.004Z","sell",
"493.29000000","0.49824471","2024-05-25T18:08:57.647Z","buy",
"493.29000000","0.65338294","2024-05-25T18:08:57.647Z","buy",
"493.30000000","1.36508490","2024-05-25T18:08:57.647Z","buy",
"493.31000000","0.50000000","2024-05-25T18:08:57.647Z","buy",
"493.29000000","0.05218237","2024-05-25T18:08:15.448Z","sell",
"493.26000000","0.10287956","2024-05-25T18:08:14.545Z","sell",
"493.39000000","0.14297347","2024-05-25T18:07:27.611Z","sell",
"493.32000000","0.10296301","2024-05-25T18:07:03.092Z","buy",
"493.43000000","0.04115052","2024-05-25T18:06:49.655Z","sell",
"493.07000000","0.34226867","2024-05-25T18:05:48.852Z","buy",
"493.08000000","0.65338294","2024-05-25T18:05:48.852Z","buy",
"492.99000000","0.00401338","2024-05-25T18:05:35.389Z","buy",
"493.35000000","1.62155856","2024-05-25T18:04:21.928Z","buy",
"493.37000000","0.65338294","2024-05-25T18:04:21.928Z","buy",
"493.37000000","0.13143500","2024-05-25T18:03:59.351Z","buy",
"493.48000000","0.05015096","2024-05-25T18:03:54.754Z","sell",
"493.45000000","0.00202573","2024-05-25T18:03:47.167Z","sell",
"493.45000000","0.19219854","2024-05-25T18:03:45.531Z","sell",
"493.29000000","0.47201458","2024-05-25T18:03:10.543Z","sell",
"493.17000000","0.70351786","2024-05-25T18:02:43.909Z","sell",
"493.11000000","1.64871682","2024-05-25T18:02:41.395Z","sell",
"493.10000000","0.67305852","2024-05-25T18:02:33.053Z","sell",
"492.95000000","0.01271676","2024-05-25T18:02:30.765Z","buy",
"492.92000000","1.05000000","2024-05-25T18:02:12.538Z","sell",
"492.86000000","0.05627237","2024-05-25T18:01:21.580Z","sell",
"493.05000000","0.02712906","2024-05-25T18:00:51.762Z","sell",
"492.85000000","0.09620035","2024-05-25T18:00:13.919Z","sell",
"492.82000000","0.02684659","2024-05-25T18:00:04.062Z","buy",
"492.95000000","0.39415235","2024-05-25T17:59:58.108Z","sell",
"492.78000000","0.03077182","2024-05-25T17:59:45.874Z","buy",
"492.90000000","0.00220899","2024-05-25T17:59:45.874Z","buy",
"493.02000000","0.27037809","2024-05-25T17:59:32.923Z","sell",
"492.99000000","0.65338294","2024-05-25T17:59:32.923Z","sell",
"492.98000000","0.00267684","2024-05-25T17:59:25.091Z","sell",
"493.07000000","0.00002027","2024-05-25T17:59:19.207Z","sell",
"493.07000000","0.04244515","2024-05-25T17:59:19.181Z","sell",
"493.11000000","0.03716189","2024-05-25T17:59:12.747Z","sell",
"493.11000000","0.00805090","2024-05-25T17:58:38.731Z","sell",
"493.10000000","0.04117806","2024-05-25T17:58:34.451Z","sell",
"493.02000000","0.01291009","2024-05-25T17:57:54.902Z","sell",
"492.99000000","0.09620816","2024-05-25T17:57:42.526Z","sell",
"492.98000000","0.14153709","2024-05-25T17:57:42.101Z","sell",
"492.79000000","0.40445471","2024-05-25T17:57:32.276Z","buy",
"492.82000000","0.10244447","2024-05-25T17:57:24.667Z","buy",
"492.90000000","0.50714774","2024-05-25T17:57:13.356Z","buy",
"492.98000000","0.00000236","2024-05-25T17:57:13.356Z","buy",
"493.02000000","0.20881840","2024-05-25T17:57:04.232Z","sell",
"492.98000000","0.12665000","2024-05-25T17:56:58.265Z","buy",
"492.98000000","0.24334764","2024-05-25T17:56:45.479Z","buy",
"493.09000000","0.40153313","2024-05-25T17:56:03.764Z","sell",
"492.99000000","0.51205613","2024-05-25T17:55:56.057Z","buy",
"492.96000000","0.01559869","2024-05-25T17:55:19.327Z","buy",
"493.10000000","0.10291294","2024-05-25T17:55:06.323Z","sell",
"493.11000000","0.03515922","2024-05-25T17:54:59.839Z","sell",
"493.06000000","0.09946089","2024-05-25T17:54:46.354Z","sell",
"493.03000000","0.07491664","2024-05-25T17:54:25.377Z","sell",
"493.04000000","0.02712851","2024-05-25T17:54:21.181Z","sell",
"493.02000000","0.09838768","2024-05-25T17:54:05.210Z","sell",
"492.98000000","0.08637422","2024-05-25T17:53:46.331Z","sell",
"492.94000000","0.19241297","2024-05-25T17:53:37.246Z","sell",
"492.93000000","0.01003955","2024-05-25T17:53:33.227Z","sell",
"493.13000000","0.17695924","2024-05-25T17:53:09.226Z","sell",
"493.04000000","1.05000000","2024-05-25T17:52:46.518Z","sell",
"493.04000000","1.05000000","2024-05-25T17:52:46.518Z","sell",
"493.04000000","0.32452351","2024-05-25T17:52:46.518Z","sell",
"493.03000000","1.00000000","2024-05-25T17:52:46.518Z","sell",
"493.03000000","1.05000000","2024-05-25T17:52:46.518Z","sell",
"492.99000000","0.05221938","2024-05-25T17:52:43.532Z","sell",
"492.99000000","0.09616718","2024-05-25T17:52:43.263Z","sell",
"492.98000000","0.01612216","2024-05-25T17:52:39.218Z","buy",
"493.11000000","0.04519072","2024-05-25T17:52:38.545Z","sell",
"492.80000000","0.59115272","2024-05-25T17:51:40.066Z","sell",
"492.80000000","0.00200962","2024-05-25T17:51:35.980Z","sell",
"492.70000000","0.11688964","2024-05-25T17:51:23.414Z","sell",
"492.65000000","0.02284659","2024-05-25T17:51:21.230Z","sell",
"492.63000000","0.32478990","2024-05-25T17:51:21.230Z","sell",
"492.48000000","0.09219445","2024-05-25T17:51:16.776Z","buy",
"492.50000000","1.05000000","2024-05-25T17:51:16.776Z","buy",
"492.50000000","2.10000000","2024-05-25T17:51:14.628Z","buy",
"492.50000000","0.83785753","2024-05-25T17:51:14.628Z","buy",
"492.52000000","0.50000000","2024-05-25T17:51:14.628Z","buy",
"492.55000000","1.05000000","2024-05-25T17:51:14.628Z","buy",
"492.62000000","1.05000000","2024-05-25T17:51:14.627Z","buy",
"492.62000000","1.05000000","2024-05-25T17:51:14.627Z","buy",
"492.80000000","1.05000000","2024-05-25T17:50:53.275Z","buy",
"492.85000000","0.65338294","2024-05-25T17:50:53.275Z","buy",
"492.85000000","1.05000000","2024-05-25T17:50:53.275Z","buy",
"492.85000000","1.05000000","2024-05-25T17:50:53.275Z","buy",
"492.86000000","1.05000000","2024-05-25T17:50:53.275Z","buy",
"492.97000000","0.01407745","2024-05-25T17:50:47.025Z","sell",
"492.85000000","0.01383816","2024-05-25T17:50:38.289Z","buy",
"492.97000000","0.97026513","2024-05-25T17:50:32.520Z","sell",
"492.97000000","1.05000000","2024-05-25T17:50:32.520Z","sell",
"492.86000000","0.62271454","2024-05-25T17:49:53.230Z","buy",
"492.85000000","0.05253976","2024-05-25T17:49:44.359Z","buy",
"492.91000000","0.02209328","2024-05-25T17:49:34.640Z","sell",
"492.91000000","0.04722895","2024-05-25T17:48:54.773Z","sell",
"492.91000000","0.00024335","2024-05-25T17:48:52.577Z","sell",
"492.91000000","0.60595347","2024-05-25T17:48:52.550Z","sell",
"492.81000000","0.31000000","2024-05-25T17:48:13.210Z","sell",
"492.81000000","0.04522374","2024-05-25T17:48:12.650Z","sell",
"492.80000000","0.65135372","2024-05-25T17:48:12.110Z","sell",
"492.80000000","0.00202922","2024-05-25T17:48:11.426Z","sell",
"492.77000000","0.32469889","2024-05-25T17:48:11.001Z","sell",
"492.59000000","0.21180264","2024-05-25T17:47:44.616Z","sell",
"492.32000000","0.01640775","2024-05-25T17:46:59.537Z","buy",
"492.45000000","0.03930247","2024-05-25T17:46:55.167Z","sell",
"492.45000000","0.04323662","2024-05-25T17:46:47.932Z","sell",
"492.33000000","0.88908076","2024-05-25T17:46:42.859Z","buy",
"492.34000000","0.65338294","2024-05-25T17:46:42.859Z","buy",
"492.47000000","0.00000893","2024-05-25T17:46:42.859Z","buy",
"492.52000000","0.10209659","2024-05-25T17:46:37.536Z","sell",
"492.52000000","0.03720792","2024-05-25T17:46:22.139Z","sell",
"492.51000000","0.85652153","2024-05-25T17:46:15.596Z","sell",
"492.51000000","2.70967257","2024-05-25T17:46:15.590Z","sell",
"492.51000000","0.66792921","2024-05-25T17:46:15.590Z","sell",
"492.51000000","0.33207079","2024-05-25T17:46:15.576Z","sell",
"492.47000000","0.18703000","2024-05-25T17:46:12.666Z","buy",
"492.52000000","0.01292266","2024-05-25T17:46:07.899Z","buy",
"492.64000000","1.05000000","2024-05-25T17:46:07.667Z","buy",
"492.70000000","1.05000000","2024-05-25T17:46:06.890Z","buy",
"492.79000000","0.07636092","2024-05-25T17:46:02.111Z","sell",
"492.66000000","0.07030907","2024-05-25T17:45:40.541Z","buy",
"492.65000000","0.00983084","2024-05-25T17:45:32.791Z","sell",
"492.51000000","1.00000000","2024-05-25T17:45:26.420Z","sell",
"492.50000000","1.00000000","2024-05-25T17:45:26.417Z","sell",
"492.48000000","0.32489045","2024-05-25T17:45:26.417Z","sell",
"492.44000000","0.03721245","2024-05-25T17:45:23.017Z","sell",
"492.29000000","0.01615332","2024-05-25T17:45:07.868Z","buy",
"492.31000000","1.00000000","2024-05-25T17:45:02.285Z","sell",
"492.18000000","0.18125686","2024-05-25T17:45:02.168Z","buy",
"492.20000000","1.05000000","2024-05-25T17:45:02.168Z","buy",
"492.31000000","0.48167706","2024-05-25T17:45:00.411Z","sell",
"492.29000000","0.75172792","2024-05-25T17:44:59.548Z","sell",
"492.29000000","0.04327869","2024-05-25T17:44:59.543Z","sell",
"492.27000000","0.09049912","2024-05-25T17:44:51.326Z","sell",
"492.19000000","0.02019166","2024-05-25T17:44:07.862Z","buy",
"492.19000000","0.25537318","2024-05-25T17:43:38.475Z","buy",
"492.21000000","0.09634302","2024-05-25T17:43:00.051Z","sell",
"492.21000000","0.00002031","2024-05-25T17:42:33.025Z","sell",
"492.21000000","0.01011687","2024-05-25T17:42:33.001Z","sell",
"492.22000000","0.00002031","2024-05-25T17:42:30.680Z","sell",
"492.22000000","0.01011667","2024-05-25T17:42:30.658Z","sell",
"492.13000000","0.00002031","2024-05-25T17:42:27.691Z","sell",
"492.13000000","0.01011852","2024-05-25T17:42:27.657Z","sell",
"492.01000000","0.19251308","2024-05-25T17:41:49.601Z","sell",
"492.00000000","0.65338294","2024-05-25T17:41:49.601Z","sell",
"491.99000000","0.63000005","2024-05-25T17:41:49.577Z","sell",
"491.98000000","0.65338294","2024-05-25T17:41:49.577Z","sell",
"491.99000000","0.11598741","2024-05-25T17:41:34.296Z","sell",
"491.95000000","0.66727769","2024-05-25T17:41:30.509Z","buy",
"492.07000000","0.09637044","2024-05-25T17:40:40.749Z","sell",
"492.06000000","0.28913142","2024-05-25T17:40:19.465Z","sell",
"492.01000000","0.59057727","2024-05-25T17:40:07.901Z","buy",
"492.01000000","0.81213005","2024-05-25T17:40:07.846Z","buy",
"492.09000000","0.05029568","2024-05-25T17:39:56.432Z","sell",
"492.09000000","0.05635128","2024-05-25T17:39:52.580Z","sell",
"492.09000000","0.02717978","2024-05-25T17:39:51.230Z","sell",
"492.09000000","0.04126509","2024-05-25T17:39:39.683Z","sell",
"492.10000000","0.70041182","2024-05-25T17:39:11.171Z","sell",
"492.10000000","0.60000000","2024-05-25T17:39:11.171Z","sell",
"492.10000000","0.60000000","2024-05-25T17:39:11.171Z","sell",
"492.10000000","1.20000000","2024-05-25T17:39:11.171Z","sell",
"492.09000000","1.05000000","2024-05-25T17:39:11.171Z","sell",
"492.09000000","0.84958818","2024-05-25T17:39:11.171Z","sell",
"492.06000000","0.00203207","2024-05-25T17:38:50.116Z","sell",
"492.06000000","0.10313254","2024-05-25T17:38:37.520Z","sell",
"492.08000000","0.01812693","2024-05-25T17:37:39.899Z","sell",
"492.09000000","0.20987814","2024-05-25T17:37:22.559Z","sell",
"492.09000000","1.05000000","2024-05-25T17:37:22.559Z","sell",
"492.08000000","1.05000000","2024-05-25T17:37:22.559Z","sell",
"492.08000000","0.65338294","2024-05-25T17:37:22.559Z","sell",
"492.08000000","0.05159318","2024-05-25T17:37:21.868Z","sell",
"492.06000000","0.58695768","2024-05-25T17:37:21.868Z","sell",
"491.91000000","0.20379745","2024-05-25T17:37:16.373Z","buy",
"492.06000000","0.06642526","2024-05-25T17:37:08.542Z","sell",
"492.02000000","0.10917949","2024-05-25T17:37:08.490Z","sell",
"491.93000000","0.00002032","2024-05-25T17:36:30.331Z","sell",
"491.93000000","0.00006098","2024-05-25T17:36:30.306Z","sell",
"491.91000000","0.64935873","2024-05-25T17:36:30.278Z","sell",
"491.79000000","0.08480803","2024-05-25T17:36:28.266Z","buy",
"491.96000000","1.05000000","2024-05-25T17:36:10.137Z","buy",
"491.96000000","1.05000000","2024-05-25T17:36:10.137Z","buy",
"491.96000000","0.68983293","2024-05-25T17:36:10.137Z","buy",
"492.06000000","0.01414401","2024-05-25T17:36:03.054Z","sell",
"492.04000000","0.01812730","2024-05-25T17:35:53.599Z","sell",
"492.05000000","0.04126257","2024-05-25T17:35:46.646Z","sell",
"492.09000000","0.20118271","2024-05-25T17:35:39.677Z","sell",
"492.09000000","0.19275315","2024-05-25T17:35:38.880Z","sell",
"492.09000000","0.01812656","2024-05-25T17:35:38.161Z","sell",
"492.10000000","0.04126006","2024-05-25T17:35:27.417Z","sell",
"492.13000000","0.04729421","2024-05-25T17:35:07.268Z","sell",
"491.90000000","0.39999982","2024-05-25T17:34:38.466Z","buy",
"491.90000000","1.05000000","2024-05-25T17:34:38.466Z","buy",
"491.91000000","0.63000009","2024-05-25T17:34:38.466Z","buy",
"491.95000000","1.05000000","2024-05-25T17:34:38.466Z","buy",
"491.96000000","0.63000001","2024-05-25T17:34:38.466Z","buy",
"491.99000000","1.05000000","2024-05-25T17:34:38.466Z","buy",
"491.99000000","1.20000000","2024-05-25T17:34:38.466Z","buy",
"492.00000000","1.05000000","2024-05-25T17:34:38.466Z","buy",
"492.00000000","0.53999993","2024-05-25T17:34:38.466Z","buy",
"492.00000000","0.72000006","2024-05-25T17:34:38.466Z","buy",
"492.01000000","0.63000009","2024-05-25T17:34:38.466Z","buy",
"492.02000000","1.05000000","2024-05-25T17:34:38.466Z","buy",
"492.18000000","0.05232018","2024-05-25T17:34:27.119Z","sell",
"492.20000000","0.05761170","2024-05-25T17:33:48.476Z","sell",
"492.20000000","0.03723287","2024-05-25T17:33:47.180Z","sell",
"492.11000000","0.19278450","2024-05-25T17:33:11.596Z","sell",
"492.08000000","0.61845707","2024-05-25T17:33:10.173Z","sell",
"492.07000000","1.05000000","2024-05-25T17:33:10.173Z","sell",
"492.02000000","1.05000000","2024-05-25T17:33:10.105Z","sell",
"492.01000000","0.02756763","2024-05-25T17:33:04.648Z","sell",
"492.00000000","0.12930629","2024-05-25T17:33:03.281Z","sell",
"491.88000000","0.60548390","2024-05-25T17:32:48.316Z","sell",
"491.86000000","0.21212872","2024-05-25T17:32:18.339Z","sell",
"491.86000000","0.03240070","2024-05-25T17:32:16.285Z","sell",
"491.85000000","0.15464893","2024-05-25T17:32:16.285Z","sell",
"491.79000000","1.48906223","2024-05-25T17:32:06.041Z","buy",
"491.80000000","0.83785753","2024-05-25T17:32:06.041Z","buy",
"491.82000000","0.65338294","2024-05-25T17:32:06.038Z","buy",
"491.83000000","0.62000000","2024-05-25T17:32:06.038Z","buy",
"491.83000000","0.83785753","2024-05-25T17:32:06.038Z","buy",
"491.83000000","1.62656299","2024-05-25T17:32:03.565Z","buy",
"491.83000000","1.62656299","2024-05-25T17:32:03.565Z","buy",
"491.84000000","0.85394561","2024-05-25T17:32:03.565Z","buy",
"491.84000000","0.97593781","2024-05-25T17:32:03.565Z","buy",
"491.86000000","1.26000000","2024-05-25T17:32:03.565Z","buy",
"491.86000000","0.19202984","2024-05-25T17:32:03.565Z","buy",
"491.86000000","0.46135310","2024-05-25T17:32:01.906Z","buy",
"491.87000000","0.69202984","2024-05-25T17:32:01.906Z","buy",
"491.87000000","1.27000000","2024-05-25T17:32:00.000Z","buy",
"491.86000000","0.65338294","2024-05-25T17:31:59.488Z","buy",
"491.87000000","1.05000000","2024-05-25T17:31:59.479Z","buy",
"491.87000000","1.05000000","2024-05-25T17:31:59.479Z","buy",
"491.88000000","0.63000006","2024-05-25T17:31:59.479Z","buy",
"491.89000000","1.05000000","2024-05-25T17:31:59.479Z","buy",
"491.89000000","0.65338294","2024-05-25T17:31:59.479Z","buy",
"491.91000000","0.07184969","2024-05-25T17:31:52.836Z","buy",
"491.91000000","0.65338294","2024-05-25T17:31:52.836Z","buy",
"491.94000000","1.05000000","2024-05-25T17:31:52.089Z","buy",
"491.94000000","1.05000000","2024-05-25T17:31:52.089Z","buy",
"492.16000000","0.01812509","2024-05-25T17:31:29.584Z","sell",
"492.17000000","0.04729229","2024-05-25T17:31:06.994Z","sell",
"492.17000000","0.07245645","2024-05-25T17:30:33.413Z","sell",
"492.31000000","0.18109315","2024-05-25T17:29:48.733Z","sell",
"492.18000000","0.25152685","2024-05-25T17:29:47.962Z","buy",
"492.21000000","1.05000000","2024-05-25T17:29:47.962Z","buy",
"492.22000000","0.65338294","2024-05-25T17:29:47.962Z","buy",
"492.28000000","0.04509021","2024-05-25T17:29:47.962Z","buy",
"492.28000000","0.06577557","2024-05-25T17:29:35.734Z","buy",
"492.33000000","0.05026503","2024-05-25T17:29:18.177Z","sell",
"492.41000000","0.06636591","2024-05-25T17:28:59.318Z","sell",
"492.41000000","0.09630194","2024-05-25T17:28:55.647Z","sell",
"492.49000000","1.05000000","2024-05-25T17:28:18.826Z","buy",
"492.49000000","0.70656477","2024-05-25T17:28:18.826Z","buy",
"492.49000000","0.34343523","2024-05-25T17:28:16.063Z","buy",
"492.49000000","0.04225760","2024-05-25T17:28:16.063Z","buy",
"492.49000000","1.00774240","2024-05-25T17:28:14.831Z","buy",
"492.62000000","0.00584807","2024-05-25T17:28:08.464Z","sell",
"492.53000000","1.05000000","2024-05-25T17:28:04.766Z","buy",
"492.62000000","0.31837017","2024-05-25T17:28:04.766Z","buy",
"492.62000000","3.71238601","2024-05-25T17:28:04.766Z","buy",
"492.62000000","3.71238601","2024-05-25T17:28:04.766Z","buy",
"492.62000000","3.71238601","2024-05-25T17:28:04.766Z","buy",
"492.62000000","8.79314219","2024-05-25T17:28:04.758Z","buy",
"492.70000000","0.06429876","2024-05-25T17:27:58.796Z","sell",
"492.62000000","0.00020298","2024-05-25T17:27:55.521Z","buy",
"492.51000000","0.60888979","2024-05-25T17:27:51.253Z","buy",
"492.59000000","1.05000000","2024-05-25T17:27:51.129Z","buy",
"492.54000000","0.07252203","2024-05-25T17:27:35.934Z","buy",
"492.69000000","0.01810412","2024-05-25T17:27:23.746Z","sell",
"492.70000000","0.95290112","2024-05-25T17:26:52.801Z","sell",
"492.70000000","0.27444561","2024-05-25T17:26:52.420Z","sell",
"492.71000000","0.02473292","2024-05-25T17:26:51.566Z","sell",
"492.70000000","0.01810339","2024-05-25T17:26:47.404Z","sell",
"492.75000000","0.10046682","2024-05-25T17:26:38.195Z","sell",
"492.70000000","0.00002028","2024-05-25T17:26:26.211Z","sell",
"492.69000000","0.05169541","2024-05-25T17:26:26.189Z","sell",
"492.70000000","0.06632685","2024-05-25T17:26:09.186Z","sell",
"492.58000000","1.20000000","2024-05-25T17:25:34.829Z","buy",
"492.59000000","1.05000000","2024-05-25T17:25:34.829Z","buy",
"492.79000000","0.00024341","2024-05-25T17:25:31.147Z","sell",
"492.75000000","0.59976009","2024-05-25T17:25:31.120Z","sell",
"492.86000000","0.41414458","2024-05-25T17:24:46.483Z","sell",