"price","volume","time","side","orderType"
"0.021220000","507.57228","2024-06-13T22:39:30.970Z","b","taker"
"0.021070000","3313.37250","2024-06-13T22:29:26.493Z","s","taker"
"0.021110000","637.47173","2024-06-13T22:01:35.436Z","s","maker"
"0.021090000","875.52827","2024-06-13T22:01:35.436Z","s","maker"
"0.021200000","3971.16981","2024-06-13T22:01:34.869Z","s","maker"
"0.021200000","6549.00000","2024-06-13T22:01:34.762Z","s","maker"
"0.021200000","6665.00000","2024-06-13T22:01:34.615Z","s","maker"
"0.021200000","660.00000","2024-06-13T22:01:34.421Z","s","maker"
"0.021200000","1054.00000","2024-06-13T22:01:34.140Z","s","maker"
"0.021380000","1398.60140","2024-06-13T22:00:13.467Z","b","maker"
"0.020960000","321.74678","2024-06-13T21:24:42.162Z","s","maker"
"0.020960000","625.00000","2024-06-13T21:24:42.153Z","s","maker"
"0.021030000","303.25322","2024-06-13T21:24:41.632Z","s","maker"
"0.021030000","638.00000","2024-06-13T21:24:41.573Z","s","maker"
"0.021040000","637.47172","2024-06-13T21:24:41.406Z","s","maker"
"0.021030000","0.52828","2024-06-13T21:24:41.406Z","s","maker"
"0.021030000","607.00000","2024-06-13T21:24:04.931Z","s","maker"
"0.021030000","937.00000","2024-06-13T21:24:04.652Z","s","maker"
"0.021030000","1529.00000","2024-06-13T21:24:04.385Z","s","maker"
"0.021030000","1039.00000","2024-06-13T21:24:04.117Z","s","maker"
"0.021030000","667.00000","2024-06-13T21:24:03.837Z","s","maker"
"0.021030000","1071.00000","2024-06-13T21:24:03.548Z","s","maker"
"0.021030000","2099.00000","2024-06-13T21:24:03.225Z","s","maker"
"0.021030000","3240.00000","2024-06-13T21:24:02.747Z","s","maker"
"0.021030000","2121.00000","2024-06-13T21:24:02.424Z","s","maker"
"0.021010000","1274.94345","2024-06-13T21:14:30.985Z","s","maker"
"0.021000000","1666.66666","2024-06-13T21:14:30.985Z","s","maker"
"0.020980000","12000.00000","2024-06-13T21:14:30.985Z","s","maker"
"0.020950000","826.36517","2024-06-13T21:14:30.985Z","s","maker"
"0.020950000","9167.23854","2024-06-13T21:14:30.985Z","s","maker"
"0.021270000","506.17848","2024-06-13T21:12:20.587Z","b","taker"
"0.021020000","1088.49976","2024-06-13T21:12:06.424Z","s","maker"
"0.021070000","1088.49976","2024-06-13T21:12:06.207Z","s","maker"
"0.021160000","867.34694","2024-06-13T21:09:34.408Z","s","maker"
"0.021170000","766.00000","2024-06-13T21:09:13.466Z","s","maker"
"0.021260000","502.95588","2024-06-13T21:02:23.287Z","b","taker"
"0.021110000","859.78810","2024-06-13T20:46:40.927Z","b","maker"
"0.021420000","772.44164","2024-06-13T20:46:40.927Z","b","maker"
"0.021430000","644.25026","2024-06-13T20:46:40.927Z","b","maker"
"0.021070000","2248.31857","2024-06-13T20:44:48.393Z","s","maker"
"0.021050000","3315.88350","2024-06-13T20:44:34.006Z","s","maker"
"0.021070000","3315.88689","2024-06-13T20:44:27.636Z","s","maker"
"0.021060000","671.35360","2024-06-13T20:44:05.792Z","s","maker"
"0.021050000","736.48620","2024-06-13T20:43:59.008Z","s","maker"
"0.021130000","736.49044","2024-06-13T20:43:52.037Z","s","maker"
"0.021130000","383.86213","2024-06-13T20:38:06.869Z","s","maker"
"0.021130000","4350.84624","2024-06-13T20:38:06.869Z","s","maker"
"0.021140000","4731.18025","2024-06-13T20:37:56.853Z","s","maker"
"0.021170000","7303.12738","2024-06-13T20:37:46.209Z","s","maker"
"0.021280000","13575.46000","2024-06-13T20:37:32.565Z","b","maker"
"0.021360000","461.25000","2024-06-13T20:23:08.745Z","b","maker"
"0.021250000","581.27000","2024-06-13T20:18:28.648Z","s","maker"
"0.021260000","290.19702","2024-06-13T20:15:06.864Z","s","maker"
"0.021250000","3245.86391","2024-06-13T20:15:06.864Z","s","maker"
"0.021260000","569.59111","2024-06-13T20:15:01.349Z","s","maker"
"0.021250000","1489.00000","2024-06-13T20:13:48.570Z","s","maker"
"0.021250000","935.00000","2024-06-13T20:13:46.180Z","s","maker"
"0.021250000","3589.00000","2024-06-13T20:13:45.907Z","s","maker"
"0.021250000","3589.00000","2024-06-13T20:13:45.110Z","s","maker"
"0.021250000","1489.00000","2024-06-13T20:13:44.851Z","s","maker"
"0.021290000","1085.89769","2024-06-13T20:03:19.526Z","b","maker"
"0.021450000","1140.97231","2024-06-13T20:03:19.526Z","b","maker"
"0.021250000","1221.19940","2024-06-13T20:00:13.144Z","b","maker"
"0.021290000","174.79874","2024-06-13T20:00:13.144Z","b","maker"
"0.021180000","12000.00000","2024-06-13T19:59:39.878Z","s","maker"
"0.021180000","5901.79414","2024-06-13T19:59:39.878Z","s","maker"
"0.021170000","6804.46406","2024-06-13T19:59:39.878Z","s","maker"
"0.021220000","10461.01000","2024-06-13T19:53:35.147Z","b","maker"
"0.021250000","6148.03000","2024-06-13T19:12:39.402Z","b","maker"
"0.021130000","476.61199","2024-06-13T19:11:48.299Z","s","maker"
"0.021220000","62.38801","2024-06-13T19:11:47.849Z","s","maker"
"0.021220000","539.00000","2024-06-13T19:11:47.646Z","s","maker"
"0.021230000","152.16015","2024-06-13T19:11:47.645Z","s","maker"
"0.021220000","368.83985","2024-06-13T19:11:47.645Z","s","maker"
"0.021290000","5096.91903","2024-06-13T19:03:55.303Z","b","maker"
"0.021300000","17430.65097","2024-06-13T19:03:55.303Z","b","maker"
"0.021320000","544.03000","2024-06-13T19:03:35.573Z","b","maker"
"0.021300000","966.52000","2024-06-13T18:41:33.366Z","b","maker"
"0.021290000","424.17150","2024-06-13T18:35:52.839Z","s","maker"
"0.021300000","1221.23062","2024-06-13T18:35:04.581Z","s","maker"
"0.021300000","894.11765","2024-06-13T18:20:43.002Z","s","maker"
"0.021290000","320.82235","2024-06-13T18:20:43.002Z","s","maker"
"0.021520000","56.05204","2024-06-13T18:00:13.722Z","s","maker"
"0.021400000","0.00380","2024-06-13T18:00:13.722Z","s","maker"
"0.021520000","644.00000","2024-06-13T18:00:13.703Z","s","maker"
"0.021520000","694.00000","2024-06-13T18:00:13.699Z","s","maker"
"0.021400000","514.91387","2024-06-13T17:54:35.981Z","s","maker"
"0.021400000","334.70000","2024-06-13T17:41:54.471Z","s","maker"
"0.021350000","12000.00000","2024-06-13T17:39:06.780Z","b","taker"
"0.021360000","24457.66762","2024-06-13T17:39:06.780Z","b","taker"
"0.021470000","1104.93853","2024-06-13T17:39:06.780Z","b","taker"
"0.021610000","151.77974","2024-06-13T17:39:06.780Z","b","taker"
"0.021690000","968.86955","2024-06-13T17:39:06.780Z","b","taker"
"0.021740000","847.91843","2024-06-13T17:39:06.780Z","b","taker"
"0.021770000","7116.79844","2024-06-13T17:39:06.780Z","b","taker"
"0.021290000","2347.18309","2024-06-13T17:27:43.151Z","b","maker"
"0.021330000","1085.93012","2024-06-13T17:08:21.406Z","s","maker"
"0.021270000","4916.47189","2024-06-13T17:08:21.406Z","s","maker"
"0.021260000","24472.57384","2024-06-13T17:08:21.406Z","s","maker"
"0.021200000","3315.73415","2024-06-13T17:08:21.406Z","s","maker"
"0.021260000","345.28668","2024-06-13T16:55:10.968Z","s","maker"
"0.021420000","2839.52880","2024-06-13T16:47:29.724Z","b","maker"
"0.021220000","1135.81152","2024-06-13T16:47:26.978Z","s","maker"
"0.021380000","12000.00000","2024-06-13T16:47:19.436Z","b","maker"
"0.021430000","9656.41000","2024-06-13T16:47:19.436Z","b","maker"
"0.021340000","2165.69000","2024-06-13T16:44:51.548Z","b","maker"
"0.021280000","10347.35706","2024-06-13T16:43:53.903Z","b","maker"
"0.021290000","1003.01294","2024-06-13T16:43:53.903Z","b","maker"
"0.021220000","585.30000","2024-06-13T16:42:13.233Z","s","maker"
"0.021250000","542.87000","2024-06-13T16:39:52.197Z","b","maker"
"0.021440000","8659.62000","2024-06-13T16:30:28.630Z","b","maker"
"0.021230000","4710.31559","2024-06-13T16:28:53.806Z","b","taker"
"0.021370000","2222.49000","2024-06-13T16:25:01.587Z","b","maker"
"0.021180000","3577.13000","2024-06-13T16:21:37.473Z","s","maker"
"0.021490000","6979.99069","2024-06-13T16:16:33.303Z","b","taker"
"0.021320000","1808.92000","2024-06-13T16:04:41.041Z","b","maker"
"0.021180000","1655.95000","2024-06-13T16:03:37.639Z","s","maker"
"0.021360000","1392.75766","2024-06-13T16:00:15.414Z","b","maker"
"0.021390000","101.50000","2024-06-13T15:57:39.538Z","b","maker"
"0.021230000","11224.44390","2024-06-13T15:52:27.921Z","s","maker"
"0.021230000","12000.00000","2024-06-13T15:52:27.790Z","s","maker"
"0.021220000","970.22786","2024-06-13T15:52:26.890Z","s","maker"
"0.021230000","152.16015","2024-06-13T15:52:26.714Z","s","maker"
"0.021230000","6068.32499","2024-06-13T15:52:26.714Z","s","maker"
"0.021310000","1961.38145","2024-06-13T15:52:26.320Z","s","maker"
"0.021300000","97.66810","2024-06-13T15:52:26.320Z","s","maker"
"0.021400000","97.66810","2024-06-13T15:52:21.883Z","s","maker"
"0.021310000","5313.51913","2024-06-13T15:52:21.883Z","s","maker"
"0.021300000","23376.51030","2024-06-13T15:52:21.883Z","s","maker"
"0.021400000","450.00000","2024-06-13T15:42:42.020Z","s","maker"
"0.021420000","148.05043","2024-06-13T15:42:41.967Z","s","maker"
"0.021400000","301.94957","2024-06-13T15:42:41.967Z","s","maker"
"0.021420000","570.00000","2024-06-13T15:42:13.564Z","s","maker"
"0.021420000","783.00000","2024-06-13T15:42:13.383Z","s","maker"
"0.021420000","560.00000","2024-06-13T15:42:13.304Z","s","maker"
"0.021420000","560.00000","2024-06-13T15:42:13.087Z","s","maker"
"0.021420000","1561.00000","2024-06-13T15:42:13.040Z","s","maker"
"0.021430000","687.00000","2024-06-13T15:41:51.741Z","s","maker"
"0.021430000","917.00000","2024-06-13T15:41:51.303Z","s","maker"
"0.021490000","229.23000","2024-06-13T15:34:21.037Z","b","maker"
"0.021500000","15937.19646","2024-06-13T15:32:10.331Z","s","taker"
"0.021450000","5659.87499","2024-06-13T15:32:10.331Z","s","taker"
"0.021440000","18402.92855","2024-06-13T15:32:10.331Z","s","taker"
"0.021580000","1034.75760","2024-06-13T15:28:57.252Z","b","maker"
"0.021600000","599.00000","2024-06-13T15:24:17.458Z","s","maker"
"0.021740000","1068.08403","2024-06-13T15:20:05.962Z","s","maker"
"0.021740000","647.00000","2024-06-13T15:18:30.511Z","s","maker"
"0.021740000","1039.00000","2024-06-13T15:18:30.236Z","s","maker"
"0.021740000","1457.00000","2024-06-13T15:18:28.601Z","s","maker"
"0.021740000","1471.00000","2024-06-13T15:18:28.539Z","s","maker"
"0.021740000","1127.00000","2024-06-13T15:17:41.363Z","s","maker"
"0.021740000","1171.00000","2024-06-13T15:17:27.176Z","s","maker"
"0.021740000","984.00000","2024-06-13T15:16:54.766Z","s","maker"
"0.021740000","1006.00000","2024-06-13T15:16:10.264Z","s","maker"
"0.021740000","13028.99600","2024-06-13T15:15:30.315Z","b","maker"
"0.021700000","5526.76289","2024-06-13T15:07:51.763Z","s","taker"
"0.021680000","838.64475","2024-06-13T15:07:51.763Z","s","taker"
"0.021630000","951.83704","2024-06-13T15:07:51.763Z","s","taker"
"0.021570000","1390.82058","2024-06-13T15:07:51.763Z","s","taker"
"0.021540000","149.97029","2024-06-13T15:07:51.763Z","s","taker"
"0.021500000","362.80354","2024-06-13T15:07:51.763Z","s","taker"
"0.021800000","17789.59000","2024-06-13T14:48:27.581Z","s","maker"
"0.021760000","885.51290","2024-06-13T14:31:25.261Z","b","taker"
"0.022020000","836.96747","2024-06-13T14:31:25.261Z","b","taker"
"0.022080000","877.51963","2024-06-13T14:31:25.261Z","b","taker"
"0.021740000","226.59000","2024-06-13T14:30:07.034Z","b","maker"
"0.021710000","1697.54140","2024-06-13T14:29:13.448Z","b","taker"
"0.021740000","24026.88065","2024-06-13T14:29:13.448Z","b","taker"
"0.021960000","4275.57795","2024-06-13T14:29:13.448Z","b","taker"
"0.021820000","1556.77539","2024-06-13T14:23:57.380Z","b","maker"
"0.021820000","1702.64430","2024-06-13T14:23:57.131Z","b","maker"
"0.021820000","1700.94229","2024-06-13T14:23:57.131Z","b","maker"
"0.021770000","819.67090","2024-06-13T14:17:31.750Z","b","maker"
"0.021790000","107.32910","2024-06-13T14:17:31.750Z","b","maker"
"0.021720000","1200.89830","2024-06-13T14:16:58.435Z","s","maker"
"0.021750000","19633.00000","2024-06-13T14:10:09.578Z","s","maker"
"0.021680000","4027.00000","2024-06-13T14:10:07.581Z","s","maker"
"0.021700000","12962.68430","2024-06-13T14:10:06.280Z","b","maker"
"0.021700000","10837.00000","2024-06-13T14:10:06.260Z","b","maker"
"0.021700000","23736.00000","2024-06-13T14:10:06.252Z","b","maker"
"0.021700000","10837.00000","2024-06-13T14:10:06.236Z","b","maker"
"0.021700000","28259.00000","2024-06-13T14:10:06.226Z","b","maker"
"0.021700000","11186.00000","2024-06-13T14:10:06.062Z","b","maker"
"0.021700000","19633.00000","2024-06-13T14:10:05.980Z","b","maker"
"0.021700000","4027.00000","2024-06-13T14:10:05.973Z","b","maker"
"0.021700000","19633.00000","2024-06-13T14:10:05.964Z","b","maker"
"0.021810000","4998.62998","2024-06-13T14:10:05.656Z","s","maker"
"0.021810000","12000.00000","2024-06-13T14:10:05.656Z","s","maker"
"0.021790000","23812.96331","2024-06-13T14:10:05.656Z","s","maker"
"0.021750000","633.20000","2024-06-13T14:07:23.617Z","s","maker"
"0.021720000","16732.40000","2024-06-13T14:02:05.524Z","s","maker"
"0.021680000","838.64475","2024-06-13T13:58:59.916Z","s","maker"
"0.021640000","17854.35525","2024-06-13T13:58:59.916Z","s","maker"
"0.021700000","2110.44070","2024-06-13T13:58:59.309Z","b","maker"
"0.021700000","8047.00000","2024-06-13T13:58:59.163Z","b","maker"
"0.021700000","22207.00000","2024-06-13T13:58:59.136Z","b","maker"
"0.021700000","36367.00000","2024-06-13T13:58:59.123Z","b","maker"
"0.021700000","4144.00000","2024-06-13T13:58:59.113Z","b","maker"
"0.021700000","2194.00000","2024-06-13T13:58:59.090Z","b","maker"
"0.021700000","18543.00000","2024-06-13T13:58:59.079Z","b","maker"
"0.021700000","13676.00000","2024-06-13T13:58:59.019Z","b","maker"
"0.021700000","1235.00000","2024-06-13T13:58:58.880Z","b","maker"
"0.021700000","1615.00000","2024-06-13T13:58:58.864Z","b","maker"
"0.021700000","24640.00000","2024-06-13T13:58:58.788Z","b","maker"
"0.021770000","190744.06473","2024-06-13T13:58:58.517Z","s","maker"
"0.021760000","14853.93579","2024-06-13T13:58:58.517Z","s","maker"
"0.021750000","12000.00000","2024-06-13T13:58:58.517Z","s","maker"
"0.021740000","23853.40665","2024-06-13T13:58:58.517Z","s","maker"
"0.021720000","645.90608","2024-06-13T13:58:58.517Z","s","maker"
"0.021850000","819.67040","2024-06-13T13:58:07.824Z","b","maker"
"0.021960000","827.95164","2024-06-13T13:58:07.820Z","s","maker"
"0.021880000","1104.97238","2024-06-13T13:58:07.820Z","s","maker"
"0.021870000","147.70736","2024-06-13T13:58:07.820Z","s","maker"
"0.022010000","23649.87314","2024-06-13T13:55:06.217Z","s","maker"
"0.022260000","147.33809","2024-06-13T13:51:23.851Z","b","maker"
"0.022310000","826.29573","2024-06-13T13:51:23.851Z","b","maker"
"0.022470000","4572.63618","2024-06-13T13:51:23.851Z","b","maker"
"0.022180000","12000.00000","2024-06-13T13:39:25.419Z","b","maker"
"0.022200000","11456.98429","2024-06-13T13:39:25.419Z","b","maker"
"0.022060000","201.96600","2024-06-13T13:38:57.315Z","b","maker"
"0.022020000","481.03600","2024-06-13T13:38:57.310Z","b","maker"
"0.022060000","111.96400","2024-06-13T13:38:57.310Z","b","maker"
"0.021770000","444.04970","2024-06-13T13:16:54.856Z","s","taker"
"0.021930000","502.97210","2024-06-13T13:15:42.589Z","b","taker"
"0.021720000","718.00000","2024-06-13T12:56:36.369Z","s","maker"
"0.021720000","801.00000","2024-06-13T12:54:06.561Z","s","maker"
"0.021720000","1272.00000","2024-06-13T12:54:06.269Z","s","maker"
"0.021770000","482.00000","2024-06-13T12:51:08.463Z","s","maker"
"0.021980000","4549.59054","2024-06-13T12:06:37.311Z","b","taker"
"0.021830000","842.09000","2024-06-13T12:03:13.494Z","s","maker"
"0.021870000","147.70736","2024-06-13T11:59:07.199Z","s","maker"
"0.022130000","993.48901","2024-06-13T11:32:05.961Z","b","maker"
"0.022260000","147.33810","2024-06-13T11:32:05.961Z","b","maker"
"0.022260000","9275.86289","2024-06-13T11:32:05.961Z","b","maker"
"0.022010000","2238.12000","2024-06-13T11:30:26.034Z","b","maker"
"0.022200000","500.22737","2024-06-13T11:21:43.382Z","b","taker"
"0.021980000","500.22737","2024-06-13T11:21:33.868Z","b","taker"
"0.021980000","500.22737","2024-06-13T11:21:32.870Z","b","taker"
"0.022000000","485.72683","2024-06-13T11:21:26.171Z","b","taker"
"0.022020000","474.88192","2024-06-13T11:21:16.022Z","b","taker"
"0.022030000","478.78787","2024-06-13T11:21:05.759Z","b","taker"
"0.022020000","480.66058","2024-06-13T11:20:55.400Z","b","taker"
"0.022160000","436.20000","2024-06-13T11:05:01.844Z","b","maker"
"0.021980000","14277.48000","2024-06-13T11:03:32.971Z","s","maker"
"0.022070000","500.68274","2024-06-13T10:22:26.047Z","b","taker"
"0.021980000","492.86987","2024-06-13T10:19:19.403Z","b","taker"
"0.021850000","50.00000","2024-06-13T09:57:15.667Z","s","maker"
"0.022180000","1090.17000","2024-06-13T08:59:24.706Z","b","maker"
"0.022090000","1533.38000","2024-06-13T08:50:40.756Z","b","maker"
"0.021900000","54.33000","2024-06-13T08:26:43.437Z","s","maker"
"0.021990000","993.48989","2024-06-13T08:22:42.255Z","b","maker"
"0.022090000","22.89011","2024-06-13T08:22:42.255Z","b","maker"
"0.021940000","590.00000","2024-06-13T08:18:27.879Z","s","maker"
"0.022020000","2237.11000","2024-06-13T07:24:56.271Z","b","maker"
"0.021870000","536.67950","2024-06-13T06:45:05.765Z","s","maker"
"0.021870000","513.00000","2024-06-13T06:45:02.093Z","s","maker"
"0.021870000","618.00000","2024-06-13T06:42:46.223Z","s","maker"
"0.021870000","983.00000","2024-06-13T06:42:45.958Z","s","maker"
"0.021870000","1531.00000","2024-06-13T06:42:45.697Z","s","maker"
"0.021870000","1397.00000","2024-06-13T06:42:45.431Z","s","maker"
"0.021870000","3560.00000","2024-06-13T06:42:45.162Z","s","maker"
"0.021750000","813.00000","2024-06-13T06:31:58.512Z","s","maker"
"0.021750000","1123.00000","2024-06-13T06:31:58.388Z","s","maker"
"0.021830000","1547.00000","2024-06-13T06:31:58.039Z","s","maker"
"0.021830000","3064.00000","2024-06-13T06:31:57.651Z","s","maker"
"0.022030000","2217.29480","2024-06-13T06:31:56.872Z","s","maker"
"0.022000000","882.30688","2024-06-13T06:31:56.872Z","s","maker"
"0.022030000","4143.00000","2024-06-13T06:31:56.845Z","s","maker"
"0.022030000","1404.00000","2024-06-13T06:31:56.795Z","s","maker"
"0.022030000","1306.00000","2024-06-13T06:31:56.761Z","s","maker"
"0.022020000","147.52052","2024-06-13T06:02:21.466Z","s","maker"
"0.022000000","281.78636","2024-06-13T06:02:21.466Z","s","maker"
"0.022000000","117.69312","2024-06-13T06:02:21.466Z","s","maker"
"0.022020000","846.00000","2024-06-13T06:02:21.199Z","s","maker"
"0.022040000","704.40000","2024-06-13T04:38:57.679Z","s","maker"
"0.021910000","45787.54578","2024-06-13T04:29:50.353Z","s","taker"
"0.022030000","846.58375","2024-06-13T04:22:22.297Z","b","maker"
"0.022110000","1035.34296","2024-06-13T04:22:22.297Z","b","maker"
"0.022240000","305.25329","2024-06-13T04:22:22.297Z","b","maker"
"0.022030000","725.27234","2024-06-13T04:06:21.716Z","b","taker"
"0.022110000","921.44505","2024-06-13T04:06:21.716Z","b","taker"
"0.022210000","43388.07295","2024-06-13T04:06:21.716Z","b","taker"
"0.022110000","136.48885","2024-06-13T03:56:09.066Z","b","maker"
"0.021830000","182.20000","2024-06-13T03:41:09.182Z","s","maker"
"0.021860000","2003.06775","2024-06-13T03:36:09.048Z","s","maker"
"0.021870000","8330.29000","2024-06-13T03:34:02.569Z","s","maker"
"0.022110000","89.79000","2024-06-13T03:31:38.832Z","b","maker"
"0.021870000","1721.00304","2024-06-13T03:19:45.689Z","s","maker"
"0.021870000","2908.00000","2024-06-13T03:19:45.560Z","s","maker"
"0.021870000","2908.00000","2024-06-13T03:19:45.390Z","s","maker"
"0.021870000","147.70736","2024-06-13T03:19:25.052Z","s","maker"
"0.021870000","179.04635","2024-06-13T03:19:25.052Z","s","maker"
"0.021960000","230.24629","2024-06-13T03:19:24.604Z","s","maker"
"0.021970000","168.29465","2024-06-13T03:19:24.601Z","s","maker"
"0.021960000","196.70535","2024-06-13T03:19:24.601Z","s","maker"
"0.021970000","557.00000","2024-06-13T03:19:24.576Z","s","maker"
"0.021960000","401.00000","2024-06-13T03:19:23.277Z","s","maker"
"0.022000000","65.37709","2024-06-13T03:18:55.776Z","s","maker"
"0.022000000","1501.00000","2024-06-13T03:18:55.608Z","s","maker"
"0.022000000","2139.00000","2024-06-13T03:18:55.520Z","s","maker"
"0.022000000","1621.00000","2024-06-13T03:18:55.346Z","s","maker"
"0.022000000","1596.00000","2024-06-13T03:18:55.247Z","s","maker"
"0.022000000","2684.00000","2024-06-13T03:18:55.078Z","s","maker"
"0.022000000","1694.00000","2024-06-13T03:18:54.997Z","s","maker"
"0.022000000","3066.00000","2024-06-13T03:18:54.751Z","s","maker"
"0.022000000","1319.00000","2024-06-13T03:18:54.717Z","s","maker"
"0.022000000","2218.00000","2024-06-13T03:18:54.451Z","s","maker"
"0.022000000","682.55891","2024-06-13T03:18:54.187Z","s","maker"
"0.022000000","278.44109","2024-06-13T03:18:54.187Z","s","maker"
"0.022000000","1606.00000","2024-06-13T03:18:53.860Z","s","maker"
"0.022000000","3501.00000","2024-06-13T03:18:53.424Z","s","maker"
"0.022000000","1606.00000","2024-06-13T03:18:53.372Z","s","maker"
"0.022000000","2780.00000","2024-06-13T03:18:53.160Z","s","maker"
"0.022000000","1606.00000","2024-06-13T03:18:52.838Z","s","maker"
"0.022000000","1986.00000","2024-06-13T03:18:52.543Z","s","maker"
"0.022000000","961.00000","2024-06-13T03:18:52.199Z","s","maker"
"0.022000000","1606.00000","2024-06-13T03:18:51.940Z","s","maker"
"0.022000000","1577.00000","2024-06-13T03:18:51.626Z","s","maker"
"0.022000000","1562.00000","2024-06-13T03:18:51.371Z","s","maker"
"0.022000000","1518.00000","2024-06-13T03:18:51.114Z","s","maker"
"0.022000000","2328.00000","2024-06-13T03:18:50.826Z","s","maker"
"0.022000000","1335.00000","2024-06-13T03:18:50.562Z","s","maker"
"0.022000000","2127.00000","2024-06-13T03:18:50.299Z","s","maker"
"0.022000000","1851.00000","2024-06-13T03:18:50.033Z","s","maker"
"0.022000000","8500.00000","2024-06-13T03:18:49.767Z","s","maker"
"0.022000000","683.00000","2024-06-13T03:18:49.509Z","s","maker"
"0.022000000","1128.00000","2024-06-13T03:18:49.102Z","s","maker"
"0.022000000","1862.00000","2024-06-13T03:18:48.850Z","s","maker"
"0.022000000","577.00000","2024-06-13T03:18:48.596Z","s","maker"
"0.022000000","958.00000","2024-06-13T03:18:48.302Z","s","maker"
"0.022000000","1591.00000","2024-06-13T03:18:48.046Z","s","maker"
"0.022060000","482.12728","2024-06-13T03:18:47.884Z","b","taker"
"0.022000000","1606.00000","2024-06-13T03:18:47.785Z","s","maker"
"0.022000000","1488.00000","2024-06-13T03:18:47.524Z","s","maker"
"0.022000000","1576.00000","2024-06-13T03:18:46.259Z","s","maker"
"0.022010000","962.00000","2024-06-13T03:18:45.990Z","s","maker"
"0.022010000","1517.00000","2024-06-13T03:18:45.727Z","s","maker"
"0.022010000","1082.35166","2024-06-13T03:18:45.425Z","s","maker"
"0.022010000","405.64834","2024-06-13T03:18:45.425Z","s","maker"
"0.022010000","672.00000","2024-06-13T03:18:43.860Z","s","maker"
"0.022010000","1072.00000","2024-06-13T03:18:43.407Z","s","maker"
"0.022270000","483.18042","2024-06-13T03:15:51.902Z","b","taker"
"0.022020000","330.72689","2024-06-13T03:02:39.159Z","s","maker"
"0.022040000","883.00000","2024-06-13T03:02:39.136Z","s","maker"
"0.022040000","51.13045","2024-06-13T03:02:39.136Z","s","taker"
"0.022020000","10885.96070","2024-06-13T03:02:39.136Z","s","taker"
"0.022070000","1247.27311","2024-06-13T03:02:38.644Z","s","maker"
"0.022070000","1112.00000","2024-06-13T03:02:38.634Z","s","maker"
"0.022070000","610.00000","2024-06-13T03:02:38.391Z","s","maker"
"0.022070000","981.00000","2024-06-13T03:02:38.291Z","s","maker"
"0.022070000","2537.00000","2024-06-13T03:02:37.966Z","s","maker"
"0.022070000","3772.00000","2024-06-13T03:02:37.786Z","s","maker"
"0.022070000","3684.00000","2024-06-13T03:02:37.619Z","s","maker"
"0.022070000","6018.00000","2024-06-13T03:02:37.505Z","s","maker"
"0.022170000","282.59052","2024-06-13T02:55:40.785Z","s","maker"
"0.022070000","23422.86241","2024-06-13T02:55:40.785Z","s","maker"
"0.022170000","293.00000","2024-06-13T02:54:12.781Z","s","maker"
"0.022300000","146.47054","2024-06-13T02:52:10.757Z","s","maker"
"0.022170000","326.52946","2024-06-13T02:52:10.757Z","s","maker"
"0.022320000","22.37532","2024-06-13T02:46:01.406Z","s","maker"
"0.022300000","270.62468","2024-06-13T02:46:01.406Z","s","maker"
"0.022320000","471.00000","2024-06-13T02:41:56.652Z","s","maker"
"0.022320000","542.00000","2024-06-13T02:41:56.531Z","s","maker"
"0.022340000","1145.85194","2024-06-13T02:30:49.901Z","s","taker"
"0.022300000","582.90478","2024-06-13T02:29:38.767Z","s","taker"
"0.022520000","444.04973","2024-06-13T02:22:07.413Z","b","taker"
"0.022590000","43.61000","2024-06-13T01:48:48.033Z","b","maker"
"0.022530000","932.82266","2024-06-13T01:43:38.528Z","b","maker"
"0.022470000","285.72000","2024-06-13T01:23:44.539Z","b","maker"
"0.022330000","12000.00000","2024-06-13T00:49:26.948Z","b","maker"
"0.022360000","11247.01062","2024-06-13T00:49:26.948Z","b","maker"
"0.022210000","1035.34205","2024-06-13T00:46:37.987Z","s","taker"
"0.022240000","3763.34000","2024-06-13T00:39:36.628Z","s","maker"
"0.022290000","1341.92000","2024-06-13T00:25:09.663Z","b","maker"
"0.022200000","2512.64171","2024-06-13T00:18:27.075Z","s","maker"
"0.022180000","901.71326","2024-06-13T00:18:27.075Z","s","maker"
"0.022200000","3104.00000","2024-06-13T00:18:26.966Z","s","maker"
"0.022200000","3483.00000","2024-06-13T00:18:26.919Z","s","maker"
"0.022200000","6092.00000","2024-06-13T00:18:26.663Z","s","maker"
"0.022200000","6493.00000","2024-06-13T00:18:24.179Z","s","maker"
"0.022330000","6839.65753","2024-06-13T00:12:57.972Z","b","maker"
"0.022330000","2427.89247","2024-06-13T00:12:57.972Z","b","maker"
"0.022200000","23523.31489","2024-06-13T00:12:07.519Z","s","maker"
"0.022320000","119.13530","2024-06-13T00:00:40.037Z","b","maker"
"0.022210000","402.37000","2024-06-12T23:54:47.615Z","s","maker"
"0.022320000","4336.55000","2024-06-12T23:42:27.521Z","b","maker"
"0.022500000","313.93000","2024-06-12T23:33:11.558Z","b","maker"
"0.022350000","894.05452","2024-06-12T23:29:07.179Z","b","taker"
"0.022370000","4470.27269","2024-06-12T23:28:58.638Z","b","taker"
"0.022290000","12000.00000","2024-06-12T23:21:45.218Z","s","taker"
"0.022230000","6014.61329","2024-06-12T23:21:45.218Z","s","taker"
"0.022220000","23412.66504","2024-06-12T23:21:45.218Z","s","taker"
"0.022060000","8790.72787","2024-06-12T23:21:45.218Z","s","taker"
"0.022050000","99326.91530","2024-06-12T23:21:45.218Z","s","taker"
"0.022020000","34816.18340","2024-06-12T23:20:22.250Z","s","maker"
"0.022280000","12000.00000","2024-06-12T23:20:22.249Z","s","taker"
"0.022250000","28675.53561","2024-06-12T23:20:22.249Z","s","taker"
"0.022240000","817.52779","2024-06-12T23:20:22.249Z","s","taker"
"0.022200000","145.51171","2024-06-12T23:20:22.249Z","s","taker"
"0.022200000","900.90090","2024-06-12T23:20:22.249Z","s","taker"
"0.022050000","2000.00000","2024-06-12T23:20:22.249Z","s","taker"
"0.022040000","934.13045","2024-06-12T23:20:22.249Z","s","taker"
"0.022020000","81385.87721","2024-06-12T23:20:22.249Z","s","taker"
"0.022280000","187559.90576","2024-06-12T23:18:43.046Z","s","taker"
"0.022560000","2739.02000","2024-06-12T23:01:31.922Z","b","maker"
"0.022580000","18285.99795","2024-06-12T22:44:49.051Z","b","taker"
"0.022590000","8282.52175","2024-06-12T22:44:49.051Z","b","taker"
"0.022290000","186231.00000","2024-06-12T22:34:25.737Z","s","taker"
"0.022350000","1088.00000","2024-06-12T22:32:26.590Z","s","maker"
"0.022390000","972.00000","2024-06-12T22:31:47.265Z","s","maker"
"0.022670000","33.66740","2024-06-12T22:30:01.232Z","s","maker"
"0.022670000","628.00000","2024-06-12T22:30:01.227Z","s","maker"
"0.022430000","934.00000","2024-06-12T22:20:52.011Z","s","maker"
"0.022430000","379.00000","2024-06-12T22:20:51.681Z","s","maker"
"0.022430000","1098.00000","2024-06-12T22:20:51.355Z","s","maker"
"0.022650000","7.47020","2024-06-12T22:20:50.918Z","s","maker"
"0.022650000","907.00000","2024-06-12T22:20:50.911Z","s","maker"
"0.022650000","879.00000","2024-06-12T22:20:50.854Z","s","maker"
"0.022650000","4160.00000","2024-06-12T22:20:13.890Z","s","maker"
"0.022650000","4160.00000","2024-06-12T22:20:13.692Z","s","maker"
"0.022650000","6085.00000","2024-06-12T22:20:12.732Z","s","maker"
"0.022650000","9746.00000","2024-06-12T22:20:11.571Z","s","maker"
"0.022650000","44.52052","2024-06-12T22:18:40.460Z","s","maker"
"0.022650000","871.47948","2024-06-12T22:18:40.460Z","s","maker"
"0.022680000","661.37566","2024-06-12T22:18:37.908Z","s","maker"
"0.022690000","1315.00000","2024-06-12T22:03:59.465Z","s","maker"
"0.022680000","1366.00000","2024-06-12T21:59:41.265Z","s","maker"
"0.022650000","949.00000","2024-06-12T21:59:26.362Z","s","maker"
"0.022690000","1921.07678","2024-06-12T21:59:17.094Z","s","maker"
"0.022670000","1208.00000","2024-06-12T21:59:00.858Z","s","maker"
"0.022690000","958.00000","2024-06-12T21:57:15.191Z","s","maker"
"0.022690000","1161.00000","2024-06-12T21:57:14.658Z","s","maker"
"0.022590000","815.89273","2024-06-12T21:03:14.451Z","b","maker"
"0.022640000","5858.78169","2024-06-12T21:03:14.451Z","b","maker"
"0.022640000","12000.00000","2024-06-12T21:03:14.451Z","b","maker"
"0.022650000","12233.90558","2024-06-12T21:03:14.451Z","b","maker"
"0.022410000","85890.44900","2024-06-12T20:56:26.885Z","s","taker"
"0.022410000","4759.15000","2024-06-12T20:21:14.232Z","s","maker"
"0.022640000","510.62670","2024-06-12T20:19:26.658Z","b","taker"
"0.022660000","153.38393","2024-06-12T20:19:26.658Z","b","taker"
"0.022240000","817.52779","2024-06-12T20:00:59.558Z","s","maker"
"0.022300000","2324.66368","2024-06-12T20:00:58.485Z","s","maker"
"0.022410000","940.00000","2024-06-12T19:55:01.932Z","s","maker"
"0.022390000","2210.37900","2024-06-12T19:52:12.407Z","s","taker"
"0.022390000","23093.43605","2024-06-12T19:52:12.406Z","s","taker"
"0.022470000","370.69389","2024-06-12T19:50:54.047Z","s","maker"
"0.022470000","309.00000","2024-06-12T19:50:14.464Z","s","maker"
"0.022480000","478.43954","2024-06-12T19:50:09.526Z","s","maker"
"0.022470000","236.56046","2024-06-12T19:50:09.526Z","s","maker"
"0.022480000","519.00000","2024-06-12T19:50:09.364Z","s","maker"
"0.022610000","272.06231","2024-06-12T19:50:07.321Z","s","maker"
"0.022520000","316.73489","2024-06-12T19:50:07.321Z","s","maker"
"0.022480000","14.20280","2024-06-12T19:50:07.321Z","s","maker"
"0.022610000","430.00000","2024-06-12T19:49:57.023Z","s","maker"
"0.022520000","947.00000","2024-06-12T19:48:10.881Z","s","maker"
"0.022520000","31.73489","2024-06-12T19:48:10.875Z","s","maker"
"0.022520000","736.26511","2024-06-12T19:48:10.875Z","s","maker"
"0.022600000","238.99136","2024-06-12T19:48:10.607Z","s","maker"
"0.022530000","143.38038","2024-06-12T19:48:10.607Z","s","maker"
"0.022520000","775.62826","2024-06-12T19:48:10.607Z","s","maker"
"0.022600000","299.00000","2024-06-12T19:47:32.674Z","s","maker"
"0.022600000","443.00000","2024-06-12T19:47:19.787Z","s","maker"
"0.022620000","370.21946","2024-06-12T19:47:16.381Z","s","maker"
"0.022600000","234.78054","2024-06-12T19:47:16.381Z","s","maker"
"0.022660000","434.07116","2024-06-12T19:45:59.718Z","s","maker"
"0.022600000","695.73253","2024-06-12T19:45:59.718Z","s","maker"
"0.022660000","355.00000","2024-06-12T19:45:55.028Z","s","maker"
"0.022660000","547.00000","2024-06-12T19:45:49.798Z","s","maker"
"0.022660000","834.00000","2024-06-12T19:45:46.974Z","s","maker"
"0.022660000","1334.00000","2024-06-12T19:45:46.708Z","s","maker"
"0.022680000","661.37566","2024-06-12T19:45:46.418Z","s","maker"
"0.022660000","1460.62434","2024-06-12T19:45:46.418Z","s","maker"
"0.022710000","306.00000","2024-06-12T19:43:03.724Z","s","maker"
"0.022710000","245.23732","2024-06-12T19:42:09.956Z","s","maker"
"0.022800000","485.72683","2024-06-12T19:29:27.826Z","s","taker"
"0.022870000","141.24880","2024-06-12T19:28:52.252Z","s","taker"
"0.022810000","797.09856","2024-06-12T19:28:52.252Z","s","taker"
"0.022730000","8055.11410","2024-06-12T19:28:52.252Z","s","taker"
"0.022950000","1035.37532","2024-06-12T19:25:17.797Z","s","maker"
"0.023120000","511.65000","2024-06-12T19:20:40.818Z","s","maker"
"0.022890000","26641.35870","2024-06-12T19:03:59.741Z","s","taker"
"0.022880000","131.99000","2024-06-12T19:00:19.742Z","s","maker"
"0.023010000","823.12000","2024-06-12T18:55:49.384Z","b","maker"
"0.022890000","1044.78876","2024-06-12T18:55:08.226Z","s","maker"
"0.022900000","111.04957","2024-06-12T18:55:06.908Z","s","maker"
"0.022890000","527.95043","2024-06-12T18:55:06.908Z","s","maker"
"0.022900000","788.00000","2024-06-12T18:55:06.600Z","s","maker"
"0.022970000","885.51287","2024-06-12T18:53:24.116Z","s","maker"
"0.023190000","31.74324","2024-06-12T18:46:34.839Z","b","maker"
"0.023390000","720.42676","2024-06-12T18:46:34.839Z","b","maker"
"0.023190000","932.42345","2024-06-12T18:42:04.176Z","b","maker"
"0.023330000","881.85060","2024-06-12T18:40:00.192Z","b","taker"
"0.023340000","72.38629","2024-06-12T18:40:00.192Z","b","taker"
"0.023390000","9736.50832","2024-06-12T18:40:00.192Z","b","taker"
"0.023050000","1011.00000","2024-06-12T18:34:48.962Z","s","maker"
"0.023080000","535.00000","2024-06-12T18:34:00.455Z","s","maker"
"0.023080000","346.85061","2024-06-12T18:34:00.455Z","s","maker"
"0.023020000","7711.00000","2024-06-12T18:31:53.786Z","s","maker"
"0.023020000","1366.00000","2024-06-12T18:31:53.676Z","s","maker"
"0.023020000","18634.00000","2024-06-12T18:31:53.454Z","s","maker"
"0.023020000","2120.00000","2024-06-12T18:31:53.340Z","s","maker"
"0.023020000","4133.00000","2024-06-12T18:31:53.114Z","s","maker"
"0.023020000","1258.00000","2024-06-12T18:31:52.998Z","s","maker"
"0.023020000","1131.00000","2024-06-12T18:31:52.877Z","s","maker"
"0.023020000","2912.00000","2024-06-12T18:31:52.810Z","s","maker"
"0.023020000","3736.00000","2024-06-12T18:31:52.663Z","s","maker"
"0.023020000","2075.00000","2024-06-12T18:31:52.545Z","s","maker"
"0.023020000","1874.57280","2024-06-12T18:31:52.379Z","s","maker"
"0.023020000","5379.00000","2024-06-12T18:31:52.320Z","s","maker"
"0.023330000","6047.42720","2024-06-12T18:31:51.914Z","s","maker"
"0.023330000","7922.00000","2024-06-12T18:31:51.907Z","s","maker"
"0.023330000","6902.00000","2024-06-12T18:31:51.906Z","s","maker"
"0.023330000","2333.00000","2024-06-12T18:31:51.767Z","s","maker"
"0.023330000","2333.00000","2024-06-12T18:31:51.744Z","s","maker"
"0.023330000","22541.41499","2024-06-12T18:31:51.724Z","s","maker"
"0.023330000","2837.00000","2024-06-12T18:31:51.689Z","s","maker"
"0.023330000","2912.00000","2024-06-12T18:31:51.685Z","s","maker"
"0.023330000","2548.00000","2024-06-12T18:31:51.646Z","s","maker"
"0.023160000","1409.00000","2024-06-12T18:31:48.031Z","s","maker"
"0.023170000","1449.00000","2024-06-12T18:31:47.961Z","s","maker"
"0.023140000","1354.00000","2024-06-12T18:31:41.759Z","s","maker"
"0.023340000","612.68340","2024-06-12T18:31:35.789Z","b","maker"
"0.023340000","832.36660","2024-06-12T18:31:35.789Z","b","maker"
"0.023080000","411.00000","2024-06-12T18:29:54.264Z","s","maker"
"0.023080000","589.00000","2024-06-12T18:29:54.252Z","s","maker"
"0.023080000","1137.00000","2024-06-12T18:28:34.358Z","s","maker"
"0.023130000","1011.00000","2024-06-12T18:26:08.068Z","s","maker"
"0.023150000","1302.00000","2024-06-12T18:25:06.460Z","s","maker"
"0.023150000","1245.00000","2024-06-12T18:25:01.871Z","s","maker"
"0.023080000","1190.00000","2024-06-12T18:24:28.562Z","s","maker"
"0.023190000","1689.00000","2024-06-12T18:24:21.576Z","s","maker"
"0.023190000","1729.00000","2024-06-12T18:24:21.558Z","s","maker"
"0.023110000","1095.00000","2024-06-12T18:23:54.968Z","s","maker"
"0.023160000","1206.00000","2024-06-12T18:21:05.370Z","s","maker"
"0.023190000","1225.00000","2024-06-12T18:20:59.563Z","s","maker"
"0.023170000","1201.00000","2024-06-12T18:19:43.858Z","s","maker"
"0.023170000","1040.00000","2024-06-12T18:19:40.972Z","s","maker"
"0.023190000","1183.00000","2024-06-12T18:18:53.770Z","s","maker"
"0.023450000","268.50710","2024-06-12T18:18:51.537Z","b","taker"
"0.023150000","1179.00000","2024-06-12T18:18:36.765Z","s","maker"
"0.023140000","1439.00000","2024-06-12T18:18:18.462Z","s","maker"
"0.023050000","1413.00000","2024-06-12T18:17:03.711Z","s","maker"
"0.023050000","936.00000","2024-06-12T18:17:02.766Z","s","maker"
"0.023140000","1067.00000","2024-06-12T18:16:05.663Z","s","maker"
"0.023140000","1102.00000","2024-06-12T18:16:05.655Z","s","maker"
"0.023110000","1084.00000","2024-06-12T18:15:50.463Z","s","maker"
"0.023020000","915.00000","2024-06-12T18:12:37.556Z","s","maker"
"0.022950000","937.00000","2024-06-12T18:08:06.189Z","s","maker"
"0.022950000","1063.00000","2024-06-12T18:08:06.167Z","s","maker"
"0.023400000","309.36000","2024-06-12T18:06:24.523Z","b","maker"
"0.023070000","881.19052","2024-06-12T18:05:06.020Z","s","maker"
"0.023020000","2872.49948","2024-06-12T18:05:06.020Z","s","maker"
"0.023330000","500.00000","2024-06-12T18:00:34.409Z","s","maker"
"0.023270000","1000.00000","2024-06-12T17:53:35.615Z","b","maker"
"0.023270000","1000.00000","2024-06-12T17:53:11.479Z","b","maker"
"0.023310000","904.78242","2024-06-12T17:43:07.579Z","s","maker"
"0.023310000","4366.43091","2024-06-12T17:43:07.579Z","s","maker"
"0.023290000","2359.34574","2024-06-12T17:43:07.579Z","s","maker"
"0.023370000","353.47984","2024-06-12T17:34:20.851Z","b","maker"
"0.023370000","278.05356","2024-06-12T17:33:08.566Z","b","maker"
"0.023210000","2500.00000","2024-06-12T17:31:51.825Z","s","maker"
"0.023460000","1121.21148","2024-06-12T17:21:09.626Z","b","maker"
"0.023460000","28.68852","2024-06-12T17:21:09.626Z","b","maker"
"0.023220000","500.82190","2024-06-12T17:17:17.055Z","b","maker"
"0.023220000","1063.00000","2024-06-12T17:17:17.000Z","b","maker"
"0.023220000","1054.00000","2024-06-12T17:17:16.842Z","b","maker"
"0.023220000","1087.00000","2024-06-12T17:16:11.127Z","b","maker"
"0.023220000","1172.00000","2024-06-12T17:16:01.937Z","b","maker"
"0.023220000","1027.00000","2024-06-12T17:15:51.753Z","b","maker"
"0.023220000","1024.00000","2024-06-12T17:14:45.532Z","b","maker"
"0.023220000","964.00000","2024-06-12T17:14:41.538Z","b","maker"
"0.023220000","890.00000","2024-06-12T17:14:17.151Z","b","maker"
"0.023220000","1094.00000","2024-06-12T17:14:08.215Z","b","maker"
"0.023220000","1019.00000","2024-06-12T17:12:37.030Z","b","maker"
"0.023220000","917.00000","2024-06-12T17:11:31.726Z","b","maker"
"0.023120000","1457.60000","2024-06-12T17:08:40.700Z","s","maker"
"0.023220000","1122.00000","2024-06-12T17:08:24.249Z","b","maker"
"0.023140000","493.01169","2024-06-12T17:00:31.816Z","b","maker"
"0.023200000","4464.51749","2024-06-12T16:48:06.390Z","b","maker"
"0.023230000","165176.80790","2024-06-12T16:48:06.390Z","b","maker"
"0.023240000","24537.17461","2024-06-12T16:48:06.390Z","b","maker"
"0.023200000","4460.00000","2024-06-12T16:45:10.183Z","b","maker"
"0.023000000","260.06438","2024-06-12T16:35:08.556Z","s","maker"
"0.023160000","83.47000","2024-06-12T16:32:15.864Z","b","maker"
"0.023010000","259.01144","2024-06-12T16:31:39.369Z","s","maker"
"0.023000000","52.98856","2024-06-12T16:31:39.369Z","s","maker"
"0.023010000","1110.00000","2024-06-12T16:30:43.811Z","s","maker"
"0.023010000","1310.00000","2024-06-12T16:30:43.762Z","s","maker"
"0.023000000","677.00000","2024-06-12T16:30:15.459Z","s","maker"
"0.023020000","1176.00000","2024-06-12T16:21:18.007Z","s","maker"
"0.023020000","1215.00000","2024-06-12T16:21:17.767Z","s","maker"
"0.023070000","1018.00000","2024-06-12T16:08:24.460Z","s","maker"
"0.023070000","1018.00000","2024-06-12T16:08:24.459Z","s","maker"
"0.023040000","1025.00000","2024-06-12T16:08:17.163Z","s","maker"
"0.023060000","434.10691","2024-06-12T15:57:42.720Z","s","maker"
"0.023060000","644.60000","2024-06-12T15:57:39.006Z","s","maker"
"0.023040000","17444.01178","2024-06-12T15:57:26.712Z","s","maker"
"0.023110000","1739.04087","2024-06-12T15:51:46.222Z","s","maker"
"0.023050000","16897.23693","2024-06-12T15:51:10.453Z","s","maker"
"0.023050000","326.58010","2024-06-12T15:51:10.452Z","s","maker"
"0.023080000","5601.07874","2024-06-12T15:51:10.449Z","s","maker"
"0.023050000","31334.63881","2024-06-12T15:51:10.449Z","s","maker"
"0.023050000","1375.00000","2024-06-12T15:48:26.563Z","s","maker"
"0.023050000","1172.00000","2024-06-12T15:48:26.560Z","s","maker"
"0.023070000","85.68401","2024-06-12T15:48:26.556Z","s","maker"
"0.023070000","994.37959","2024-06-12T15:48:26.556Z","s","maker"
"0.023050000","294.93640","2024-06-12T15:48:26.556Z","s","maker"
"0.023070000","758.00000","2024-06-12T15:44:00.359Z","s","maker"
"0.023070000","859.00000","2024-06-12T15:43:50.360Z","s","maker"
"0.023110000","424.75111","2024-06-12T15:43:37.572Z","s","maker"
"0.023070000","457.24889","2024-06-12T15:43:37.572Z","s","maker"
"0.023110000","362.00000","2024-06-12T15:43:32.755Z","s","maker"
"0.023140000","65814.90000","2024-06-12T15:34:40.380Z","s","maker"
"0.023400000","210.52000","2024-06-12T15:34:21.035Z","b","maker"
"0.023350000","1713.06210","2024-06-12T15:18:04.913Z","b","taker"
"0.023160000","929.00000","2024-06-12T15:17:18.977Z","s","maker"
"0.023410000","213.58394","2024-06-12T15:13:17.540Z","b","taker"
"0.023250000","731.82708","2024-06-12T14:58:19.666Z","s","maker"
"0.023320000","64.17292","2024-06-12T14:58:18.798Z","s","maker"
"0.023320000","1057.00000","2024-06-12T14:58:18.785Z","s","maker"
"0.023230000","1170.00000","2024-06-12T14:55:40.395Z","s","maker"
"0.023300000","808.89826","2024-06-12T14:55:26.781Z","s","maker"
"0.023220000","343.10174","2024-06-12T14:55:26.781Z","s","maker"
"0.023320000","1532.00000","2024-06-12T14:55:13.782Z","s","maker"
"0.023320000","1383.00000","2024-06-12T14:55:13.780Z","s","maker"
"0.023340000","4323.00299","2024-06-12T14:54:45.503Z","s","maker"
"0.023330000","18096.90864","2024-06-12T14:54:45.503Z","s","maker"
"0.023290000","22458.85769","2024-06-12T14:53:08.965Z","s","maker"
"0.023270000","873.00000","2024-06-12T14:53:08.348Z","s","maker"
"0.023230000","474.88192","2024-06-12T14:52:15.852Z","s","taker"
"0.023260000","1223.00000","2024-06-12T14:51:57.380Z","s","maker"
"0.023230000","1373.00000","2024-06-12T14:51:49.675Z","s","maker"
"0.023240000","1036.00000","2024-06-12T14:49:49.272Z","s","maker"
"0.023240000","1654.00000","2024-06-12T14:49:04.193Z","s","maker"
"0.023240000","1469.00000","2024-06-12T14:49:04.181Z","s","maker"
"0.023240000","1654.00000","2024-06-12T14:49:04.181Z","s","maker"
"0.023220000","1235.00000","2024-06-12T14:48:52.182Z","s","maker"
"0.023210000","986.00000","2024-06-12T14:47:48.687Z","s","maker"
"0.023210000","392.00000","2024-06-12T14:45:33.479Z","s","maker"
"0.023270000","750.00000","2024-06-12T14:40:22.305Z","s","maker"
"0.023360000","8570.81640","2024-06-12T14:37:17.078Z","b","maker"
"0.023460000","12173.39360","2024-06-12T14:37:17.078Z","b","maker"
"0.023350000","808.62090","2024-06-12T14:36:39.990Z","b","taker"
"0.023350000","1401.75811","2024-06-12T14:36:39.990Z","b","taker"
"0.023150000","233.32108","2024-06-12T14:30:56.147Z","s","maker"
"0.023430000","179.99640","2024-06-12T14:25:00.473Z","b","maker"
"0.023470000","5474.14837","2024-06-12T14:25:00.473Z","b","maker"
"0.023480000","785.17760","2024-06-12T14:25:00.473Z","b","maker"
"0.023480000","2155.61116","2024-06-12T14:25:00.473Z","b","maker"
"0.023600000","10432.55061","2024-06-12T14:25:00.473Z","b","maker"
"0.023430000","853.95926","2024-06-12T14:24:50.167Z","s","maker"
"0.023330000","988.78998","2024-06-12T14:23:28.021Z","b","maker"
"0.023340000","22397.42558","2024-06-12T14:23:28.021Z","b","maker"
"0.023040000","7248.77399","2024-06-12T14:08:16.480Z","s","maker"
"0.023030000","1500.20828","2024-06-12T14:08:16.480Z","s","maker"
"0.023190000","8999.96705","2024-06-12T14:08:11.157Z","b","maker"
"0.023190000","13592.66762","2024-06-12T14:08:11.156Z","b","maker"
"0.023210000","2194.00000","2024-06-12T14:08:10.682Z","s","maker"
"0.023180000","22585.42547","2024-06-12T14:08:08.100Z","s","maker"
"0.023160000","106.14000","2024-06-12T14:04:56.732Z","b","maker"
"0.023230000","1555.31209","2024-06-12T14:04:14.353Z","b","maker"
"0.023030000","3604.42143","2024-06-12T14:03:25.199Z","s","taker"
"0.023230000","4401.66749","2024-06-12T13:55:39.576Z","b","taker"
"0.023250000","598.33251","2024-06-12T13:55:39.576Z","b","taker"
"0.023000000","109.94706","2024-06-12T13:55:22.327Z","s","maker"
"0.023070000","723.05294","2024-06-12T13:55:21.472Z","s","maker"
"0.023070000","833.00000","2024-06-12T13:55:21.466Z","s","maker"
"0.023070000","273.65727","2024-06-12T13:54:53.122Z","s","maker"
"0.023130000","395.34273","2024-06-12T13:54:52.175Z","s","maker"
"0.023130000","669.00000","2024-06-12T13:54:52.072Z","s","maker"
"0.023130000","630.00000","2024-06-12T13:54:47.567Z","s","maker"
"0.023130000","981.00000","2024-06-12T13:54:47.055Z","s","maker"
"0.023130000","1579.00000","2024-06-12T13:54:46.777Z","s","maker"
"0.023130000","1821.00000","2024-06-12T13:54:45.827Z","s","maker"
"0.023130000","2072.00000","2024-06-12T13:54:45.564Z","s","maker"
"0.023130000","843.00000","2024-06-12T13:54:44.723Z","s","maker"
"0.023130000","1440.00000","2024-06-12T13:54:44.471Z","s","maker"
"0.023130000","2293.00000","2024-06-12T13:54:44.187Z","s","maker"
"0.023130000","1298.00000","2024-06-12T13:54:36.779Z","s","maker"
"0.023130000","1298.00000","2024-06-12T13:54:36.770Z","s","maker"
"0.023130000","932.95000","2024-06-12T13:54:29.823Z","s","maker"
"0.023400000","4539.72219","2024-06-12T13:54:15.016Z","b","maker"
"0.023410000","14213.75053","2024-06-12T13:54:15.016Z","b","maker"
"0.023130000","934.00000","2024-06-12T13:54:12.258Z","s","maker"
"0.023130000","1487.00000","2024-06-12T13:54:11.865Z","s","maker"
"0.023130000","813.00000","2024-06-12T13:54:10.979Z","s","maker"
"0.023130000","2666.00000","2024-06-12T13:54:10.734Z","s","maker"
"0.023130000","2966.00000","2024-06-12T13:54:10.478Z","s","maker"
"0.023130000","6716.90004","2024-06-12T13:49:49.696Z","s","taker"
"0.023130000","1284.91000","2024-06-12T13:48:53.848Z","s","maker"
"0.023240000","831.13000","2024-06-12T13:41:54.855Z","b","maker"
"0.023190000","400.20000","2024-06-12T13:41:15.457Z","b","maker"
"0.023130000","22622.74300","2024-06-12T13:38:49.704Z","s","maker"
"0.023130000","22622.62045","2024-06-12T13:38:46.681Z","s","maker"
"0.023130000","988.82201","2024-06-12T13:38:34.025Z","s","maker"
"0.023130000","21634.53378","2024-06-12T13:38:34.025Z","s","maker"
"0.023130000","8646.77907","2024-06-12T13:32:01.422Z","b","taker"
"0.023110000","656.77731","2024-06-12T13:30:51.335Z","s","maker"
"0.023070000","330.22269","2024-06-12T13:30:51.335Z","s","maker"
"0.023190000","327.00848","2024-06-12T13:30:34.245Z","s","maker"
"0.023190000","304.00000","2024-06-12T13:30:33.460Z","s","maker"
"0.023110000","129.97380","2024-06-12T13:29:32.412Z","s","maker"
"0.023130000","12000.00000","2024-06-12T13:29:16.793Z","s","maker"
"0.023120000","10657.60217","2024-06-12T13:29:16.793Z","s","maker"
"0.023130000","5727.84749","2024-06-12T13:29:13.748Z","s","maker"
"0.023120000","16928.15667","2024-06-12T13:29:13.748Z","s","maker"
"0.023120000","22667.68714","2024-06-12T13:28:19.788Z","s","maker"
"0.023190000","401.80456","2024-06-12T13:22:35.220Z","s","maker"
"0.023180000","1294.21916","2024-06-12T13:22:35.220Z","s","maker"
"0.023160000","7157.32759","2024-06-12T13:22:35.220Z","s","maker"
"0.023150000","12000.00000","2024-06-12T13:22:35.220Z","s","maker"
"0.023140000","1719.49964","2024-06-12T13:22:35.220Z","s","maker"
"0.023190000","442.00000","2024-06-12T13:19:11.798Z","s","maker"
"0.023220000","866.42783","2024-06-12T13:19:11.767Z","s","maker"
"0.023210000","0.57217","2024-06-12T13:19:11.767Z","s","maker"
"0.023210000","138.60750","2024-06-12T13:19:11.767Z","s","taker"
"0.023190000","2390.34810","2024-06-12T13:19:11.767Z","s","taker"
"0.023450000","2537.83795","2024-06-12T13:18:27.588Z","b","taker"
"0.023430000","852.15169","2024-06-12T13:17:29.635Z","b","maker"
"0.023470000","4226.54269","2024-06-12T13:17:27.591Z","b","taker"
"0.023330000","8580.00860","2024-06-12T13:17:26.413Z","b","maker"
"0.023390000","4342.15882","2024-06-12T13:17:26.413Z","b","maker"
"0.023400000","12000.00000","2024-06-12T13:17:26.413Z","b","maker"
"0.023410000","11993.20803","2024-06-12T13:17:26.413Z","b","maker"
"0.023420000","499.00000","2024-06-12T13:17:26.413Z","b","maker"
"0.023480000","1921.50391","2024-06-12T13:17:26.413Z","b","maker"
"0.023570000","1677.29653","2024-06-12T13:17:26.413Z","b","maker"
"0.023630000","138.83173","2024-06-12T13:17:26.413Z","b","maker"
"0.023660000","163609.84238","2024-06-12T13:17:26.413Z","b","maker"
"0.023260000","500.00000","2024-06-12T13:13:11.268Z","s","maker"
"0.023250000","808.62090","2024-06-12T13:12:00.923Z","s","maker"
"0.023250000","3691.37910","2024-06-12T13:12:00.923Z","s","maker"
"0.023240000","567.43780","2024-06-12T13:09:19.831Z","s","taker"
"0.023230000","6753.23249","2024-06-12T13:09:17.301Z","s","maker"
"0.023210000","12000.00000","2024-06-12T13:09:17.301Z","s","maker"
"0.023200000","33401.93992","2024-06-12T13:09:17.301Z","s","maker"
"0.023410000","43.45515","2024-06-12T13:09:09.283Z","b","maker"
"0.023480000","785.17760","2024-06-12T13:09:09.283Z","b","maker"
"0.023480000","234.10725","2024-06-12T13:09:09.283Z","b","maker"
"0.023410000","854.33575","2024-06-12T13:08:56.051Z","b","taker"
"0.023300000","948.98326","2024-06-12T13:08:54.674Z","b","maker"
"0.023300000","8575.58095","2024-06-12T13:08:45.577Z","b","maker"
"0.023300000","1312.00000","2024-06-12T13:08:45.573Z","b","maker"
"0.023300000","9236.00000","2024-06-12T13:08:44.691Z","b","maker"
"0.023290000","10049.42463","2024-06-12T13:03:43.879Z","b","maker"
"0.023100000","12000.00000","2024-06-12T13:01:34.575Z","s","maker"
"0.023100000","18909.60000","2024-06-12T13:01:34.575Z","s","maker"
"0.023110000","956.00000","2024-06-12T13:00:29.592Z","b","maker"
"0.023110000","1896.00000","2024-06-12T13:00:29.235Z","b","maker"
"0.023110000","1081.78278","2024-06-12T12:58:55.530Z","b","taker"
"0.023100000","4547.20725","2024-06-12T12:57:44.633Z","b","taker"
"0.023110000","17090.41595","2024-06-12T12:57:44.633Z","b","taker"
"0.022990000","818.19000","2024-06-12T12:56:13.192Z","s","maker"
"0.023040000","4562.32053","2024-06-12T12:53:24.258Z","s","maker"
"0.023030000","17368.64958","2024-06-12T12:53:24.258Z","s","maker"
"0.023010000","12000.00000","2024-06-12T12:53:24.258Z","s","maker"
"0.023000000","9519.50989","2024-06-12T12:53:24.258Z","s","maker"
"0.023130000","20407.26761","2024-06-12T12:48:47.225Z","b","maker"
"0.023220000","478.78790","2024-06-12T12:45:17.916Z","b","maker"
"0.023240000","867.11210","2024-06-12T12:45:17.916Z","b","maker"
"0.023230000","859.10653","2024-06-12T12:44:27.012Z","b","maker"
"0.023270000","830.46000","2024-06-12T12:44:04.958Z","b","maker"
"0.023280000","140.89568","2024-06-12T12:43:57.017Z","b","taker"
"0.023290000","29859.10432","2024-06-12T12:43:57.017Z","b","taker"
"0.022990000","478.78787","2024-06-12T12:43:01.251Z","s","taker"
"0.023160000","22439.66920","2024-06-12T12:41:32.676Z","b","maker"
"0.023190000","22439.91036","2024-06-12T12:41:29.628Z","b","maker"
"0.023190000","22441.35744","2024-06-12T12:41:26.189Z","b","maker"
"0.022880000","480.66058","2024-06-12T12:41:03.282Z","s","taker"
"0.023170000","795.50437","2024-06-12T12:40:48.084Z","b","taker"
"0.023270000","5653.98211","2024-06-12T12:40:48.084Z","b","taker"
"0.023110000","22505.82047","2024-06-12T12:40:26.784Z","b","maker"
"0.022950000","482.12728","2024-06-12T12:39:47.953Z","s","taker"
"0.023050000","2083.56000","2024-06-12T12:38:55.353Z","b","maker"
"0.022880000","483.18042","2024-06-12T12:37:59.208Z","s","taker"
"0.023060000","22506.42694","2024-06-12T12:37:46.856Z","b","maker"
"0.023060000","22514.67821","2024-06-12T12:37:43.815Z","b","maker"
"0.023060000","22540.31996","2024-06-12T12:37:40.791Z","b","maker"
"0.023080000","22523.17848","2024-06-12T12:37:28.267Z","b","maker"
"0.023100000","22514.19267","2024-06-12T12:37:18.835Z","b","maker"
"0.023090000","4810.99687","2024-06-12T12:37:15.798Z","b","maker"
"0.023100000","17703.19580","2024-06-12T12:37:15.798Z","b","maker"
"0.022970000","58.97159","2024-06-12T12:36:46.196Z","b","maker"
"0.022970000","856.00000","2024-06-12T12:36:39.564Z","b","maker"
"0.022960000","868.00000","2024-06-12T12:36:39.370Z","b","maker"
"0.022940000","143.02193","2024-06-12T12:36:38.610Z","b","maker"
"0.022960000","605.97807","2024-06-12T12:36:38.610Z","b","maker"
"0.022880000","805.74842","2024-06-12T12:34:03.363Z","b","maker"
"0.022820000","10339.98374","2024-06-12T12:34:02.913Z","b","maker"
"0.022820000","12965.00000","2024-06-12T12:34:02.689Z","b","maker"
"0.022820000","1790.00000","2024-06-12T12:34:00.166Z","b","maker"
"0.022820000","3367.00000","2024-06-12T12:33:59.500Z","b","maker"
"0.022820000","958.00000","2024-06-12T12:33:52.917Z","b","maker"
"0.022820000","4736.13496","2024-06-12T12:33:27.818Z","b","maker"
"0.022820000","22769.77770","2024-06-12T12:32:49.163Z","b","maker"
"0.022820000","22777.35355","2024-06-12T12:32:46.139Z","b","maker"
"0.022820000","22798.86660","2024-06-12T12:32:43.087Z","b","maker"
"0.022820000","22795.38197","2024-06-12T12:32:31.880Z","b","maker"
"0.022820000","22789.41078","2024-06-12T12:32:28.779Z","b","maker"
"0.022760000","905.58389","2024-06-12T12:32:25.172Z","b","maker"
"0.022820000","21913.09070","2024-06-12T12:32:25.172Z","b","maker"
"0.022750000","483.30404","2024-06-12T12:32:09.772Z","b","taker"
"0.022590000","76.71540","2024-06-12T12:31:59.440Z","b","taker"
"0.022600000","145.14794","2024-06-12T12:31:59.440Z","b","taker"
"0.022710000","265.07778","2024-06-12T12:31:59.440Z","b","taker"
"0.022420000","492.86987","2024-06-12T12:31:55.253Z","s","taker"
"0.022270000","493.97052","2024-06-12T12:31:30.770Z","s","taker"
"0.022530000","126.82266","2024-06-12T12:31:15.992Z","b","maker"
"0.022590000","739.17734","2024-06-12T12:31:15.992Z","b","maker"
"0.022530000","806.00000","2024-06-12T12:31:13.402Z","b","maker"
"0.022360000","26191.50836","2024-06-12T12:30:24.590Z","b","maker"
"0.022360000","10211.19500","2024-06-12T12:30:23.483Z","b","maker"
"0.022120000","2737.22627","2024-06-12T12:13:47.118Z","s","taker"
"0.022140000","12140.05420","2024-06-12T12:09:47.399Z","b","maker"
"0.022230000","414.68511","2024-06-12T12:00:24.655Z","s","taker"
"0.022020000","82.84075","2024-06-12T12:00:24.655Z","s","taker"
"0.022230000","485.00000","2024-06-12T12:00:15.081Z","s","maker"
"0.022140000","23608.95965","2024-06-12T11:54:15.913Z","b","maker"
"0.022240000","750.34172","2024-06-12T11:54:15.913Z","b","maker"
"0.022240000","4801.36748","2024-06-12T11:54:15.913Z","b","maker"
"0.022250000","694.59838","2024-06-12T11:54:15.913Z","b","maker"
"0.022260000","147.33809","2024-06-12T11:54:15.913Z","b","maker"
"0.022310000","826.29573","2024-06-12T11:54:15.913Z","b","maker"
"0.022350000","6268.93895","2024-06-12T11:54:15.913Z","b","maker"
"0.022010000","736.55150","2024-06-12T11:45:37.980Z","s","maker"
"0.021920000","736.55160","2024-06-12T11:45:35.918Z","s","maker"
"0.021910000","751.58327","2024-06-12T11:45:35.918Z","s","maker"
"0.021890000","1170.97513","2024-06-12T11:45:35.918Z","s","maker"
"0.022110000","4609.70277","2024-06-12T11:44:31.677Z","b","maker"
"0.022120000","3823.67723","2024-06-12T11:44:31.677Z","b","maker"
"0.022150000","234.37471","2024-06-12T11:35:36.673Z","b","maker"
"0.022150000","987.00000","2024-06-12T11:35:35.975Z","b","maker"
"0.022250000","224.71910","2024-06-12T11:34:23.202Z","b","taker"
"0.022230000","987.00000","2024-06-12T11:33:44.774Z","b","maker"
"0.022110000","500.45248","2024-06-12T11:32:50.612Z","s","taker"
"0.022200000","2218.97000","2024-06-12T11:30:26.035Z","b","maker"
"0.022170000","917.00000","2024-06-12T11:29:39.461Z","b","maker"
"0.022210000","879.00000","2024-06-12T11:27:00.767Z","b","maker"
"0.022110000","40.59493","2024-06-12T11:25:14.168Z","b","maker"
"0.022220000","501.80171","2024-06-12T11:25:14.168Z","b","maker"
"0.022220000","428.60336","2024-06-12T11:25:14.168Z","b","maker"
"0.021870000","501.81488","2024-06-12T11:11:15.972Z","s","taker"
"0.022030000","502.27066","2024-06-12T11:11:05.851Z","s","taker"
"0.021960000","502.27066","2024-06-12T11:10:56.398Z","s","taker"
"0.021980000","502.27066","2024-06-12T11:10:20.967Z","s","taker"
"0.022110000","909.90954","2024-06-12T11:10:13.338Z","b","maker"
"0.022020000","22.19980","2024-06-12T11:09:28.982Z","b","maker"
"0.022020000","9068.70930","2024-06-12T11:09:28.730Z","b","maker"
"0.021890000","502.72727","2024-06-12T11:08:33.234Z","s","taker"
"0.021890000","502.72727","2024-06-12T11:08:33.070Z","s","taker"
"0.022010000","275.84976","2024-06-12T11:08:28.822Z","b","maker"
"0.022020000","836.96747","2024-06-12T11:08:28.822Z","b","maker"
"0.021900000","502.72727","2024-06-12T11:08:23.565Z","s","taker"
"0.021890000","502.72727","2024-06-12T11:08:22.817Z","s","taker"
"0.022010000","664.00000","2024-06-12T11:07:53.871Z","b","maker"
"0.022010000","622.00000","2024-06-12T11:07:08.875Z","b","maker"
"0.022010000","874.00000","2024-06-12T11:05:42.268Z","b","maker"
"0.022010000","987.00000","2024-06-12T11:05:03.866Z","b","maker"
"0.022010000","987.00000","2024-06-12T11:03:52.897Z","b","maker"
"0.022010000","987.00000","2024-06-12T11:03:40.294Z","b","maker"
"0.022010000","974.00000","2024-06-12T11:03:28.969Z","b","maker"
"0.022010000","987.00000","2024-06-12T11:02:26.991Z","b","maker"
"0.022010000","987.00000","2024-06-12T11:01:39.476Z","b","maker"
"0.022010000","987.00000","2024-06-12T11:01:36.365Z","b","maker"
"0.022010000","987.00000","2024-06-12T11:01:16.773Z","b","maker"
"0.022010000","987.00000","2024-06-12T11:00:41.160Z","b","maker"
"0.022010000","987.00000","2024-06-12T11:00:31.262Z","b","maker"
"0.022010000","987.00000","2024-06-12T10:59:55.870Z","b","maker"
"0.022010000","987.00000","2024-06-12T10:59:03.970Z","b","maker"
"0.022010000","987.00000","2024-06-12T10:58:55.880Z","b","maker"
"0.022010000","987.00000","2024-06-12T10:57:27.465Z","b","maker"
"0.022010000","987.00000","2024-06-12T10:57:15.371Z","b","maker"
"0.022010000","987.00000","2024-06-12T10:57:02.379Z","b","maker"
"0.022010000","987.00000","2024-06-12T10:56:54.995Z","b","maker"
"0.022010000","987.00000","2024-06-12T10:56:39.559Z","b","maker"
"0.022010000","987.00000","2024-06-12T10:55:49.595Z","b","maker"
"0.021870000","502.72727","2024-06-12T10:55:42.610Z","s","taker"
"0.021960000","502.72727","2024-06-12T10:55:33.190Z","s","taker"
"0.021930000","502.72727","2024-06-12T10:55:27.200Z","s","taker"
"0.022010000","987.00000","2024-06-12T10:55:05.759Z","b","maker"
"0.022010000","987.00000","2024-06-12T10:54:20.969Z","b","maker"
"0.022010000","987.00000","2024-06-12T10:54:03.484Z","b","maker"
"0.022010000","987.00000","2024-06-12T10:53:21.466Z","b","maker"
"0.022010000","987.00000","2024-06-12T10:52:52.661Z","b","maker"
"0.022010000","987.00000","2024-06-12T10:52:48.266Z","b","maker"
"0.022010000","987.00000","2024-06-12T10:52:43.565Z","b","maker"
"0.021850000","502.72727","2024-06-12T10:52:33.365Z","s","taker"
"0.021760000","502.72727","2024-06-12T10:52:30.659Z","s","taker"
"0.022010000","987.00000","2024-06-12T10:52:25.963Z","b","maker"
"0.022010000","987.00000","2024-06-12T10:52:18.071Z","b","maker"
"0.022010000","987.00000","2024-06-12T10:52:11.659Z","b","maker"
"0.022010000","987.00000","2024-06-12T10:52:03.578Z","b","maker"
"0.022010000","966.00000","2024-06-12T10:50:52.277Z","b","maker"
"0.022010000","967.00000","2024-06-12T10:50:44.070Z","b","maker"
"0.022010000","915.00000","2024-06-12T10:43:07.660Z","b","maker"
"0.022010000","936.00000","2024-06-12T10:43:02.380Z","b","maker"
"0.022010000","976.00000","2024-06-12T10:42:37.186Z","b","maker"
"0.022010000","987.00000","2024-06-12T10:40:55.067Z","b","maker"
"0.021960000","442.19196","2024-06-12T10:40:45.165Z","b","maker"
"0.022010000","427.80804","2024-06-12T10:40:45.165Z","b","maker"
"0.021960000","131.99000","2024-06-12T10:40:19.818Z","b","maker"
"0.021960000","559.00000","2024-06-12T10:40:08.067Z","b","maker"
"0.021960000","987.00000","2024-06-12T10:40:02.109Z","b","maker"
"0.021960000","987.00000","2024-06-12T10:39:45.259Z","b","maker"
"0.021960000","6008.58834","2024-06-12T10:31:56.661Z","b","taker"
"0.022000000","987.00000","2024-06-12T10:23:35.986Z","b","maker"
"0.022010000","987.00000","2024-06-12T10:22:20.366Z","b","maker"
"0.022000000","987.00000","2024-06-12T10:22:08.862Z","b","maker"
"0.022000000","987.00000","2024-06-12T10:22:05.875Z","b","maker"
"0.022010000","334.32985","2024-06-12T10:17:17.876Z","b","maker"
"0.022010000","1320.30441","2024-06-12T10:16:11.075Z","b","taker"
"0.022010000","23617.77214","2024-06-12T10:15:55.192Z","b","maker"
"0.022010000","23621.37915","2024-06-12T10:15:51.391Z","b","maker"
"0.021980000","23653.89190","2024-06-12T10:15:35.975Z","b","maker"
"0.021980000","23652.82010","2024-06-12T10:15:32.445Z","b","maker"
"0.021980000","23651.48048","2024-06-12T10:15:29.124Z","b","maker"
"0.021960000","23675.75106","2024-06-12T10:15:02.103Z","b","maker"
"0.021950000","1169.00000","2024-06-12T10:10:13.226Z","b","maker"
"0.021840000","3341.94937","2024-06-12T10:09:43.623Z","s","maker"
"0.021940000","1094.00000","2024-06-12T10:08:52.785Z","b","maker"
"0.021860000","507.57228","2024-06-12T10:08:11.652Z","s","taker"
"0.021960000","926.00000","2024-06-12T10:07:59.098Z","b","maker"
"0.021940000","1360.00000","2024-06-12T10:07:47.070Z","b","maker"
"0.021840000","506.17848","2024-06-12T10:06:10.794Z","s","taker"
"0.021960000","3367.00000","2024-06-12T10:05:45.615Z","b","maker"
"0.021870000","8389.58586","2024-06-12T10:05:45.032Z","b","maker"
"0.021870000","17077.00000","2024-06-12T10:05:44.948Z","b","maker"
"0.021870000","17077.00000","2024-06-12T10:05:44.819Z","b","maker"
"0.021870000","841.00000","2024-06-12T10:05:38.959Z","b","maker"
"0.021870000","1406.00000","2024-06-12T10:05:38.898Z","b","maker"
"0.021870000","2349.00000","2024-06-12T10:05:38.719Z","b","maker"
"0.021870000","23789.99179","2024-06-12T10:05:21.706Z","b","maker"
"0.021870000","23789.17865","2024-06-12T10:04:01.097Z","b","maker"
"0.021850000","23811.42446","2024-06-12T10:03:40.240Z","b","maker"
"0.021810000","23843.23756","2024-06-12T10:03:28.696Z","b","maker"
"0.021810000","23845.96057","2024-06-12T10:02:47.087Z","b","maker"
"0.021790000","23873.77086","2024-06-12T10:02:19.341Z","b","maker"
"0.021790000","987.00000","2024-06-12T10:02:17.970Z","b","maker"
"0.021780000","987.00000","2024-06-12T10:00:55.656Z","b","maker"
"0.021840000","987.00000","2024-06-12T09:57:35.462Z","b","maker"
"0.021770000","987.00000","2024-06-12T09:57:27.263Z","b","maker"
"0.021770000","23892.07373","2024-06-12T09:56:32.210Z","b","maker"
"0.021770000","23890.84355","2024-06-12T09:56:29.172Z","b","maker"
"0.021840000","987.00000","2024-06-12T09:55:07.583Z","b","maker"
"0.021590000","908.44000","2024-06-12T09:52:56.759Z","s","maker"
"0.021730000","987.00000","2024-06-12T09:52:09.064Z","b","maker"
"0.021720000","987.00000","2024-06-12T09:50:56.569Z","b","maker"
"0.021740000","987.00000","2024-06-12T09:49:41.278Z","b","maker"
"0.021780000","9531.51056","2024-06-12T09:46:07.147Z","b","maker"
"0.021740000","987.00000","2024-06-12T09:38:40.491Z","b","maker"
"0.021760000","987.00000","2024-06-12T09:38:32.358Z","b","maker"
"0.021810000","509.51000","2024-06-12T09:35:41.024Z","b","maker"
"0.021640000","1524.46000","2024-06-12T09:26:20.067Z","s","maker"
"0.021740000","1264.00000","2024-06-12T09:25:47.522Z","b","maker"
"0.021740000","985.00000","2024-06-12T09:25:47.469Z","b","maker"
"0.021740000","987.00000","2024-06-12T09:25:42.857Z","b","maker"
"0.021740000","987.00000","2024-06-12T09:25:23.565Z","b","maker"
"0.021720000","1310.00000","2024-06-12T09:25:00.183Z","b","maker"
"0.021720000","987.00000","2024-06-12T09:25:00.166Z","b","maker"
"0.021760000","476.64522","2024-06-12T08:51:19.370Z","b","maker"
"0.021670000","1384.40240","2024-06-12T08:50:23.886Z","s","maker"
"0.021660000","2941.40760","2024-06-12T08:50:23.886Z","s","maker"
"0.021780000","3449.45362","2024-06-12T08:48:49.949Z","b","maker"
"0.021840000","1001.51098","2024-06-12T08:41:30.531Z","b","maker"
"0.021840000","422.30000","2024-06-12T08:37:16.641Z","b","maker"
"0.021800000","356.92466","2024-06-12T08:36:34.389Z","b","taker"
"0.021820000","4226.35391","2024-06-12T08:36:34.389Z","b","taker"
"0.021710000","120.26000","2024-06-12T08:21:42.345Z","s","maker"
"0.021760000","4005.27573","2024-06-12T08:21:04.320Z","b","maker"
"0.021780000","6867.99043","2024-06-12T08:17:48.613Z","b","maker"
"0.021790000","3979.61957","2024-06-12T08:17:48.613Z","b","maker"
"0.021820000","474.88192","2024-06-12T08:14:15.786Z","b","taker"
"0.021770000","473.05389","2024-06-12T07:54:30.448Z","b","taker"
"0.021730000","2899.59502","2024-06-12T07:49:47.986Z","b","maker"
"0.021680000","237.37994","2024-06-12T07:44:02.361Z","s","maker"
"0.021860000","478.58070","2024-06-12T07:19:28.523Z","b","taker"
"0.021940000","100.00000","2024-06-12T06:37:51.527Z","b","taker"
"0.021790000","13780.43180","2024-06-12T06:37:26.150Z","b","taker"
"0.021920000","768.53386","2024-06-12T06:37:26.150Z","b","taker"
"0.021920000","7252.95262","2024-06-12T06:37:26.150Z","b","taker"
"0.021930000","149.59537","2024-06-12T06:37:26.150Z","b","taker"
"0.021990000","23579.48981","2024-06-12T06:37:26.150Z","b","taker"
"0.021750000","4442.22000","2024-06-12T06:24:53.649Z","b","maker"
"0.021810000","477.96024","2024-06-12T06:24:35.274Z","b","taker"
"0.021680000","9210.62640","2024-06-12T06:15:14.603Z","b","maker"
"0.021630000","1017.00000","2024-06-12T06:11:07.545Z","b","maker"
"0.021630000","3639.00000","2024-06-12T06:11:07.279Z","b","maker"
"0.021630000","518.00000","2024-06-12T06:11:07.215Z","b","maker"
"0.021670000","1381.85168","2024-06-12T06:00:14.757Z","b","maker"
"0.021780000","401.19600","2024-06-12T05:41:37.567Z","b","maker"
"0.021820000","3678.58386","2024-06-12T05:41:37.567Z","b","maker"
"0.021830000","362.44014","2024-06-12T05:41:37.567Z","b","maker"
"0.021770000","946.94000","2024-06-12T05:41:31.146Z","b","maker"
"0.021750000","20358.55172","2024-06-12T05:39:04.800Z","b","maker"
"0.021510000","622.00000","2024-06-12T05:33:33.875Z","s","maker"
"0.021680000","1283.54612","2024-06-12T05:33:33.025Z","s","maker"
"0.021680000","1190.00000","2024-06-12T05:33:33.008Z","s","maker"
"0.021680000","2139.00000","2024-06-12T05:33:33.001Z","s","maker"
"0.021790000","1068.74100","2024-06-12T05:18:54.210Z","b","maker"
"0.021880000","410.20900","2024-06-12T05:18:54.210Z","b","maker"