"price","volume","timestamp","type"
"0.4985","5","2024-06-13T22:48:33.029Z","bid"
"0.4982","30.89","2024-06-13T22:48:33.029Z","bid"
"0.496","30","2024-06-13T22:48:33.029Z","bid"
"0.4935","11.14","2024-06-13T22:48:33.029Z","bid"
"0.4914","5","2024-06-13T22:48:33.029Z","bid"
"0.4892","14.23","2024-06-13T22:48:33.029Z","bid"
"0.4818","2.77","2024-06-13T22:48:33.029Z","bid"
"0.4802","44.67","2024-06-13T22:48:33.029Z","bid"
"0.48","549.96","2024-06-13T22:48:33.029Z","bid"
"0.4762","629.15","2024-06-13T22:48:33.029Z","bid"
"0.4759","629.41","2024-06-13T22:48:33.029Z","bid"
"0.4755","629.94","2024-06-13T22:48:33.029Z","bid"
"0.4753","1891.02","2024-06-13T22:48:33.029Z","bid"
"0.4752","105.22","2024-06-13T22:48:33.029Z","bid"
"0.4705","107.12","2024-06-13T22:48:33.029Z","bid"
"0.47","425.53","2024-06-13T22:48:33.029Z","bid"
"0.4699","0.1","2024-06-13T22:48:33.029Z","bid"
"0.45","770.84","2024-06-13T22:48:33.029Z","bid"
"0.443","178.63","2024-06-13T22:48:33.029Z","bid"
"0.44","609.02","2024-06-13T22:48:33.029Z","bid"
"0.4374","240","2024-06-13T22:48:33.029Z","bid"
"0.4288","204779.64","2024-06-13T22:48:33.029Z","bid"
"0.4238","65.62","2024-06-13T22:48:33.029Z","bid"
"0.4208","183.93","2024-06-13T22:48:33.029Z","bid"
"0.42","23.66","2024-06-13T22:48:33.029Z","bid"
"0.4173","6.15","2024-06-13T22:48:33.029Z","bid"
"0.4122","212497.93","2024-06-13T22:48:33.029Z","bid"
"0.4113","433273.59","2024-06-13T22:48:33.029Z","bid"
"0.411","2000","2024-06-13T22:48:33.029Z","bid"
"0.41","365.85","2024-06-13T22:48:33.029Z","bid"
"0.401","16","2024-06-13T22:48:33.029Z","bid"
"0.4","49.72","2024-06-13T22:48:33.029Z","bid"
"0.397","1255","2024-06-13T22:48:33.029Z","bid"
"0.3911","1018.66","2024-06-13T22:48:33.029Z","bid"
"0.39","576.92","2024-06-13T22:48:33.029Z","bid"
"0.38","261.57","2024-06-13T22:48:33.029Z","bid"
"0.37","24057.5","2024-06-13T22:48:33.029Z","bid"
"0.366","100","2024-06-13T22:48:33.029Z","bid"
"0.3636","100","2024-06-13T22:48:33.029Z","bid"
"0.361","277","2024-06-13T22:48:33.029Z","bid"
"0.36","276.25","2024-06-13T22:48:33.029Z","bid"
"0.356","70.22","2024-06-13T22:48:33.029Z","bid"
"0.3535","100","2024-06-13T22:48:33.029Z","bid"
"0.353","14.02","2024-06-13T22:48:33.029Z","bid"
"0.351","141.66","2024-06-13T22:48:33.029Z","bid"
"0.35","714.37","2024-06-13T22:48:33.029Z","bid"
"0.34","2941.17","2024-06-13T22:48:33.029Z","bid"
"0.3383","200","2024-06-13T22:48:33.029Z","bid"
"0.3375","106.91","2024-06-13T22:48:33.029Z","bid"
"0.33","26943.75","2024-06-13T22:48:33.029Z","bid"
"0.3221","0.1","2024-06-13T22:48:33.029Z","bid"
"0.3131","200","2024-06-13T22:48:33.029Z","bid"
"0.31","583.87","2024-06-13T22:48:33.029Z","bid"
"0.309","4.74","2024-06-13T22:48:33.029Z","bid"
"0.3","1049.99","2024-06-13T22:48:33.029Z","bid"
"0.285","231","2024-06-13T22:48:33.029Z","bid"
"0.2777","143.24","2024-06-13T22:48:33.029Z","bid"
"0.275","3.7","2024-06-13T22:48:33.029Z","bid"
"0.27","11.02","2024-06-13T22:48:33.029Z","bid"
"0.269","184.38","2024-06-13T22:48:33.029Z","bid"
"0.26","100","2024-06-13T22:48:33.029Z","bid"
"0.253","40","2024-06-13T22:48:33.029Z","bid"
"0.2525","79","2024-06-13T22:48:33.029Z","bid"
"0.25","60","2024-06-13T22:48:33.029Z","bid"
"0.243","409.25","2024-06-13T22:48:33.029Z","bid"
"0.236","17.6","2024-06-13T22:48:33.029Z","bid"
"0.232","17.9","2024-06-13T22:48:33.029Z","bid"
"0.227","18.3","2024-06-13T22:48:33.029Z","bid"
"0.223","18.6","2024-06-13T22:48:33.029Z","bid"
"0.2172","76.73","2024-06-13T22:48:33.029Z","bid"
"0.21","771.28","2024-06-13T22:48:33.029Z","bid"
"0.205","6.2","2024-06-13T22:48:33.029Z","bid"
"0.204","975","2024-06-13T22:48:33.029Z","bid"
"0.2022","30","2024-06-13T22:48:33.029Z","bid"
"0.2001","270.81","2024-06-13T22:48:33.029Z","bid"
"0.2","617.33","2024-06-13T22:48:33.029Z","bid"
"0.195","50.87","2024-06-13T22:48:33.029Z","bid"
"0.19","769.42","2024-06-13T22:48:33.029Z","bid"
"0.1847","6.15","2024-06-13T22:48:33.029Z","bid"
"0.18","51.04","2024-06-13T22:48:33.029Z","bid"
"0.15","233.33","2024-06-13T22:48:33.029Z","bid"
"0.141","70.5","2024-06-13T22:48:33.029Z","bid"
"0.125","8000","2024-06-13T22:48:33.029Z","bid"
"0.1","159.92","2024-06-13T22:48:33.029Z","bid"
"0.07","4500","2024-06-13T22:48:33.029Z","bid"
"0.01","500","2024-06-13T22:48:33.029Z","bid"
"0.0002","5100","2024-06-13T22:48:33.029Z","bid"
"0.0001","19940","2024-06-13T22:48:33.029Z","bid"
"2.784","100","2024-06-13T22:48:33.028Z","ask"
"2.8","41796.84","2024-06-13T22:48:33.028Z","ask"
"2.81","72468","2024-06-13T22:48:33.028Z","ask"
"2.82","60000","2024-06-13T22:48:33.028Z","ask"
"2.865","6.75","2024-06-13T22:48:33.028Z","ask"
"2.87","67785","2024-06-13T22:48:33.028Z","ask"
"2.8735","25","2024-06-13T22:48:33.028Z","ask"
"2.889","150","2024-06-13T22:48:33.028Z","ask"
"2.9","14389.21","2024-06-13T22:48:33.028Z","ask"
"2.948","200","2024-06-13T22:48:33.028Z","ask"
"2.9735","25","2024-06-13T22:48:33.028Z","ask"
"2.9757","6.15","2024-06-13T22:48:33.028Z","ask"
"2.9833","100","2024-06-13T22:48:33.028Z","ask"
"3","3466.73","2024-06-13T22:48:33.028Z","ask"
"3.01","185","2024-06-13T22:48:33.028Z","ask"
"3.1","25","2024-06-13T22:48:33.028Z","ask"
"3.1736","315.1","2024-06-13T22:48:33.028Z","ask"
"3.1998","200","2024-06-13T22:48:33.028Z","ask"
"3.2083","6.15","2024-06-13T22:48:33.028Z","ask"
"3.2128","7.74","2024-06-13T22:48:33.028Z","ask"
"3.2235","50","2024-06-13T22:48:33.028Z","ask"
"3.248","55","2024-06-13T22:48:33.028Z","ask"
"3.25","10316.09","2024-06-13T22:48:33.028Z","ask"
"3.27","157","2024-06-13T22:48:33.028Z","ask"
"3.2856","52.43","2024-06-13T22:48:33.028Z","ask"
"3.385","300","2024-06-13T22:48:33.028Z","ask"
"3.4","503.7","2024-06-13T22:48:33.028Z","ask"
"3.4229","750","2024-06-13T22:48:33.028Z","ask"
"3.4409","6.15","2024-06-13T22:48:33.028Z","ask"
"3.4735","50","2024-06-13T22:48:33.028Z","ask"
"3.489","100","2024-06-13T22:48:33.028Z","ask"
"3.4988","100","2024-06-13T22:48:33.028Z","ask"
"3.52","85.22","2024-06-13T22:48:33.028Z","ask"
"3.5597","28.2","2024-06-13T22:48:33.028Z","ask"
"3.6735","6.15","2024-06-13T22:48:33.028Z","ask"
"3.7235","50","2024-06-13T22:48:33.028Z","ask"
"3.748","50","2024-06-13T22:48:33.028Z","ask"
"3.8","1830.32","2024-06-13T22:48:33.028Z","ask"
"3.889","60","2024-06-13T22:48:33.028Z","ask"
"3.9","2875.19","2024-06-13T22:48:33.028Z","ask"
"3.9061","6.15","2024-06-13T22:48:33.028Z","ask"
"3.948","100","2024-06-13T22:48:33.028Z","ask"
"3.9735","50","2024-06-13T22:48:33.028Z","ask"
"3.99","25","2024-06-13T22:48:33.028Z","ask"
"3.9944","52.51","2024-06-13T22:48:33.028Z","ask"
"4","2023.36","2024-06-13T22:48:33.028Z","ask"
"4.01","370","2024-06-13T22:48:33.028Z","ask"
"4.07","100","2024-06-13T22:48:33.028Z","ask"
"4.11","466.95","2024-06-13T22:48:33.028Z","ask"
"4.1387","6.15","2024-06-13T22:48:33.028Z","ask"
"4.19","6000","2024-06-13T22:48:33.028Z","ask"
"4.1919","3.7","2024-06-13T22:48:33.028Z","ask"
"4.2","120","2024-06-13T22:48:33.028Z","ask"
"4.2014","10","2024-06-13T22:48:33.028Z","ask"
"4.2735","50","2024-06-13T22:48:33.028Z","ask"
"4.3713","6.15","2024-06-13T22:48:33.028Z","ask"
"4.3998","175","2024-06-13T22:48:33.028Z","ask"
"4.4","180.44","2024-06-13T22:48:33.028Z","ask"
"4.46","32773.71","2024-06-13T22:48:33.028Z","ask"
"4.489","80","2024-06-13T22:48:33.028Z","ask"
"4.5","11331.39","2024-06-13T22:48:33.028Z","ask"
"4.55","236.92","2024-06-13T22:48:33.028Z","ask"
"4.5735","50","2024-06-13T22:48:33.028Z","ask"
"4.6","31.67","2024-06-13T22:48:33.028Z","ask"
"4.6039","6.15","2024-06-13T22:48:33.028Z","ask"
"4.74","4","2024-06-13T22:48:33.028Z","ask"
"4.748","50","2024-06-13T22:48:33.028Z","ask"
"4.8365","6.15","2024-06-13T22:48:33.028Z","ask"
"4.889","50","2024-06-13T22:48:33.028Z","ask"
"4.89","15.5","2024-06-13T22:48:33.028Z","ask"
"4.9","47.01","2024-06-13T22:48:33.028Z","ask"
"4.91","198.23","2024-06-13T22:48:33.028Z","ask"
"4.9235","50","2024-06-13T22:48:33.028Z","ask"
"4.93","1138","2024-06-13T22:48:33.028Z","ask"
"4.948","100","2024-06-13T22:48:33.028Z","ask"
"4.965","236.92","2024-06-13T22:48:33.028Z","ask"
"4.99","391.66","2024-06-13T22:48:33.028Z","ask"
"5","3427.98","2024-06-13T22:48:33.028Z","ask"
"5.0691","6.15","2024-06-13T22:48:33.028Z","ask"
"5.14","216.32","2024-06-13T22:48:33.028Z","ask"
"5.2735","50","2024-06-13T22:48:33.028Z","ask"
"5.3","20","2024-06-13T22:48:33.028Z","ask"
"5.3017","6.15","2024-06-13T22:48:33.028Z","ask"
"5.4","2302.78","2024-06-13T22:48:33.028Z","ask"
"5.4102","111.57","2024-06-13T22:48:33.028Z","ask"
"5.5","1521.69","2024-06-13T22:48:33.028Z","ask"
"5.5343","6.15","2024-06-13T22:48:33.028Z","ask"
"5.6","5","2024-06-13T22:48:33.028Z","ask"
"5.6235","50","2024-06-13T22:48:33.028Z","ask"
"5.66","226.27","2024-06-13T22:48:33.028Z","ask"
"5.69","694.74","2024-06-13T22:48:33.028Z","ask"
"5.7","4615.81","2024-06-13T22:48:33.028Z","ask"
"5.72","209.26","2024-06-13T22:48:33.028Z","ask"
"5.74","375.14","2024-06-13T22:48:33.028Z","ask"
"5.7669","6.15","2024-06-13T22:48:33.028Z","ask"
"5.8","2080.38","2024-06-13T22:48:33.028Z","ask"
"5.89","109","2024-06-13T22:48:33.028Z","ask"
"5.9","23.51","2024-06-13T22:48:33.028Z","ask"
"5.9618","450","2024-06-13T22:48:33.028Z","ask"
"5.9735","50","2024-06-13T22:48:33.028Z","ask"
"5.976","500","2024-06-13T22:48:33.028Z","ask"
"5.98","0.49","2024-06-13T22:48:33.028Z","ask"
"5.99","495.5","2024-06-13T22:48:33.028Z","ask"
"5.9995","6.15","2024-06-13T22:48:33.028Z","ask"
"6","681.02","2024-06-13T22:48:33.028Z","ask"
"6.2321","6.15","2024-06-13T22:48:33.028Z","ask"
"6.24","1000.15","2024-06-13T22:48:33.028Z","ask"
"6.3288","3.7","2024-06-13T22:48:33.028Z","ask"
"6.3472","315.1","2024-06-13T22:48:33.028Z","ask"
"6.4647","6.15","2024-06-13T22:48:33.028Z","ask"
"6.4735","60","2024-06-13T22:48:33.028Z","ask"
"6.48","30","2024-06-13T22:48:33.028Z","ask"
"6.4998","850","2024-06-13T22:48:33.028Z","ask"
"6.5","34","2024-06-13T22:48:33.028Z","ask"
"6.61","697.89","2024-06-13T22:48:33.028Z","ask"
"6.66","2709.17","2024-06-13T22:48:33.028Z","ask"
"6.69","154","2024-06-13T22:48:33.028Z","ask"
"6.6973","6.15","2024-06-13T22:48:33.028Z","ask"
"6.8","3.7","2024-06-13T22:48:33.028Z","ask"
"6.8121","14.21","2024-06-13T22:48:33.028Z","ask"
"6.84","2","2024-06-13T22:48:33.028Z","ask"
"6.89","90","2024-06-13T22:48:33.028Z","ask"
"6.9","23.5","2024-06-13T22:48:33.028Z","ask"
"6.9299","6.15","2024-06-13T22:48:33.028Z","ask"
"6.9735","60","2024-06-13T22:48:33.028Z","ask"
"7","66.46","2024-06-13T22:48:33.028Z","ask"
"7.0137","6.15","2024-06-13T22:48:33.028Z","ask"
"7.12","4.24","2024-06-13T22:48:33.028Z","ask"
"7.4","476.47","2024-06-13T22:48:33.028Z","ask"
"7.48","70","2024-06-13T22:48:33.028Z","ask"
"7.6","1978","2024-06-13T22:48:33.028Z","ask"
"7.7","60","2024-06-13T22:48:33.028Z","ask"
"7.75","8.3","2024-06-13T22:48:33.028Z","ask"
"7.91","124.31","2024-06-13T22:48:33.028Z","ask"
"7.94","70","2024-06-13T22:48:33.028Z","ask"
"7.99","12","2024-06-13T22:48:33.028Z","ask"
"8","967.51","2024-06-13T22:48:33.028Z","ask"
"8.049","1.88","2024-06-13T22:48:33.028Z","ask"
"8.1","0.16","2024-06-13T22:48:33.028Z","ask"
"8.23","13.87","2024-06-13T22:48:33.028Z","ask"
"8.25","1040","2024-06-13T22:48:33.028Z","ask"
"8.3292","72.47","2024-06-13T22:48:33.028Z","ask"
"8.48","40","2024-06-13T22:48:33.028Z","ask"
"8.75","25","2024-06-13T22:48:33.028Z","ask"
"8.89","100","2024-06-13T22:48:33.028Z","ask"
"9","20.98","2024-06-13T22:48:33.028Z","ask"
"9.01","10.61","2024-06-13T22:48:33.028Z","ask"
"9.38","40","2024-06-13T22:48:33.028Z","ask"
"9.48","60","2024-06-13T22:48:33.028Z","ask"
"9.7","8.7","2024-06-13T22:48:33.028Z","ask"
"9.89","50","2024-06-13T22:48:33.028Z","ask"
"9.98","236.84","2024-06-13T22:48:33.028Z","ask"
"9.99","8765.55","2024-06-13T22:48:33.028Z","ask"
"10","5863.98","2024-06-13T22:48:33.028Z","ask"
"10.19","455.39","2024-06-13T22:48:33.028Z","ask"
"10.5454","57.24","2024-06-13T22:48:33.028Z","ask"
"10.71","1219.45","2024-06-13T22:48:33.028Z","ask"
"10.83","1003.57","2024-06-13T22:48:33.028Z","ask"
"11","30","2024-06-13T22:48:33.028Z","ask"
"11.02","10.52","2024-06-13T22:48:33.028Z","ask"
"11.5","25","2024-06-13T22:48:33.028Z","ask"
"12","2037.07","2024-06-13T22:48:33.028Z","ask"
"12.354","3.7","2024-06-13T22:48:33.028Z","ask"
"13","1955","2024-06-13T22:48:33.028Z","ask"
"13.27","1545.29","2024-06-13T22:48:33.028Z","ask"
"13.6","0.16","2024-06-13T22:48:33.028Z","ask"
"13.98","20","2024-06-13T22:48:33.028Z","ask"
"14","88.43","2024-06-13T22:48:33.028Z","ask"
"14.0604","42.93","2024-06-13T22:48:33.028Z","ask"
"14.5","100.6","2024-06-13T22:48:33.028Z","ask"
"14.76","2.5","2024-06-13T22:48:33.028Z","ask"
"15","4514.02","2024-06-13T22:48:33.028Z","ask"
"15.5","9","2024-06-13T22:48:33.028Z","ask"
"15.89","5.81","2024-06-13T22:48:33.028Z","ask"
"16","3699.92","2024-06-13T22:48:33.028Z","ask"
"16.4","0.16","2024-06-13T22:48:33.028Z","ask"
"16.88","9231.62","2024-06-13T22:48:33.028Z","ask"
"17","8.91","2024-06-13T22:48:33.028Z","ask"
"17.5","2178.54","2024-06-13T22:48:33.028Z","ask"
"18","5.03","2024-06-13T22:48:33.028Z","ask"
"18.746","32.2","2024-06-13T22:48:33.028Z","ask"
"19","475.07","2024-06-13T22:48:33.028Z","ask"
"19.895","23.25","2024-06-13T22:48:33.028Z","ask"
"19.9","3019.31","2024-06-13T22:48:33.028Z","ask"
"19.99","527.92","2024-06-13T22:48:33.028Z","ask"
"20","6925.77","2024-06-13T22:48:33.028Z","ask"
"20.312","987.84","2024-06-13T22:48:33.028Z","ask"
"20.75","387.47","2024-06-13T22:48:33.028Z","ask"
"20.87","2067.25","2024-06-13T22:48:33.028Z","ask"
"21","2268.25","2024-06-13T22:48:33.028Z","ask"
"21.25","283.61","2024-06-13T22:48:33.028Z","ask"
"21.4963","1125.67","2024-06-13T22:48:33.028Z","ask"
"21.8","2.98","2024-06-13T22:48:33.028Z","ask"
"21.87","44.54","2024-06-13T22:48:33.028Z","ask"
"21.97","8.94","2024-06-13T22:48:33.028Z","ask"
"22","45.45","2024-06-13T22:48:33.028Z","ask"
"22.8","0.16","2024-06-13T22:48:33.028Z","ask"
"23","3","2024-06-13T22:48:33.028Z","ask"
"23.15","5.48","2024-06-13T22:48:33.028Z","ask"
"23.2863","3.7","2024-06-13T22:48:33.028Z","ask"
"23.8","244.83","2024-06-13T22:48:33.028Z","ask"
"24","1044.52","2024-06-13T22:48:33.028Z","ask"
"24.6","121.27","2024-06-13T22:48:33.028Z","ask"
"24.9946","24.15","2024-06-13T22:48:33.028Z","ask"
"25","3431.83","2024-06-13T22:48:33.028Z","ask"
"25.7","80","2024-06-13T22:48:33.028Z","ask"
"26","157.69","2024-06-13T22:48:33.028Z","ask"
"26.94","167.7","2024-06-13T22:48:33.028Z","ask"
"30","198.04","2024-06-13T22:48:33.028Z","ask"
"30.5","342.34","2024-06-13T22:48:33.028Z","ask"
"35.5853","1880","2024-06-13T22:48:33.028Z","ask"
"39","518","2024-06-13T22:48:33.028Z","ask"
"42","45.59","2024-06-13T22:48:33.028Z","ask"
"42.9","189.79","2024-06-13T22:48:33.028Z","ask"
"46","45","2024-06-13T22:48:33.028Z","ask"
"49.85","121","2024-06-13T22:48:33.028Z","ask"
"64","45","2024-06-13T22:48:33.028Z","ask"
"64.423","215.13","2024-06-13T22:48:33.028Z","ask"
"83.74","100","2024-06-13T22:48:33.028Z","ask"
"90","19.7","2024-06-13T22:48:33.028Z","ask"
"93.8","14000","2024-06-13T22:48:33.028Z","ask"
"98.8","2630.79","2024-06-13T22:48:33.028Z","ask"
"98.9","2663.18","2024-06-13T22:48:33.028Z","ask"
"300","7.99","2024-06-13T22:48:33.028Z","ask"
"421","100","2024-06-13T22:48:33.028Z","ask"
"2479.9973","1","2024-06-13T22:48:33.028Z","ask"
"2989","10","2024-06-13T22:48:33.028Z","ask"
"0.5217","1269.33","2024-06-13T22:48:33.028Z","bid"
"0.5216","1382.28","2024-06-13T22:48:33.028Z","bid"
"0.5212","6.53","2024-06-13T22:48:33.028Z","bid"
"0.5205","321","2024-06-13T22:48:33.028Z","bid"
"0.5204","173.01","2024-06-13T22:48:33.028Z","bid"
"0.5203","800","2024-06-13T22:48:33.028Z","bid"
"0.5202","3000","2024-06-13T22:48:33.028Z","bid"
"0.52","5546.94","2024-06-13T22:48:33.028Z","bid"
"0.5199","4002.46","2024-06-13T22:48:33.028Z","bid"
"0.5197","375","2024-06-13T22:48:33.028Z","bid"
"0.5189","1206.73","2024-06-13T22:48:33.028Z","bid"
"0.5176","0.03","2024-06-13T22:48:33.028Z","bid"
"0.5168","0.03","2024-06-13T22:48:33.028Z","bid"
"0.5166","0.03","2024-06-13T22:48:33.028Z","bid"
"0.5165","11363.77","2024-06-13T22:48:33.028Z","bid"
"0.5164","90.07","2024-06-13T22:48:33.028Z","bid"
"0.516","172.15","2024-06-13T22:48:33.028Z","bid"
"0.5158","283.09","2024-06-13T22:48:33.028Z","bid"
"0.5155","192.53","2024-06-13T22:48:33.028Z","bid"
"0.5151","253.78","2024-06-13T22:48:33.028Z","bid"
"0.5147","265.28","2024-06-13T22:48:33.028Z","bid"
"0.5142","0.19","2024-06-13T22:48:33.028Z","bid"
"0.5138","0.04","2024-06-13T22:48:33.028Z","bid"
"0.5137","7427.25","2024-06-13T22:48:33.028Z","bid"
"0.5135","326.58","2024-06-13T22:48:33.028Z","bid"
"0.513","0.04","2024-06-13T22:48:33.028Z","bid"
"0.5127","12.45","2024-06-13T22:48:33.028Z","bid"
"0.5126","5.19","2024-06-13T22:48:33.028Z","bid"
"0.512","63.28","2024-06-13T22:48:33.028Z","bid"
"0.5119","236.14","2024-06-13T22:48:33.028Z","bid"
"0.5112","52.7","2024-06-13T22:48:33.028Z","bid"
"0.5104","222.27","2024-06-13T22:48:33.028Z","bid"
"0.5103","156.23","2024-06-13T22:48:33.028Z","bid"
"0.51","196.07","2024-06-13T22:48:33.028Z","bid"
"0.5098","27.69","2024-06-13T22:48:33.028Z","bid"
"0.5094","277.36","2024-06-13T22:48:33.028Z","bid"
"0.5082","0.19","2024-06-13T22:48:33.028Z","bid"
"0.508","983.07","2024-06-13T22:48:33.028Z","bid"
"0.5075","7427.37","2024-06-13T22:48:33.028Z","bid"
"0.5074","232.68","2024-06-13T22:48:33.028Z","bid"
"0.5065","2160.86","2024-06-13T22:48:33.028Z","bid"
"0.5057","323","2024-06-13T22:48:33.028Z","bid"
"0.5056","5","2024-06-13T22:48:33.028Z","bid"
"0.5051","13.27","2024-06-13T22:48:33.028Z","bid"
"0.505","3000","2024-06-13T22:48:33.028Z","bid"
"0.5039","265.84","2024-06-13T22:48:33.028Z","bid"
"0.503","178.93","2024-06-13T22:48:33.028Z","bid"
"0.5028","181.56","2024-06-13T22:48:33.028Z","bid"
"0.5015","270.47","2024-06-13T22:48:33.028Z","bid"
"0.5013","7455.65","2024-06-13T22:48:33.028Z","bid"
"0.5","1274.45","2024-06-13T22:48:33.028Z","bid"
"0.4994","1","2024-06-13T22:48:33.028Z","bid"
"0.8222","0.96","2024-06-13T22:48:33.027Z","ask"
"0.8226","87.66","2024-06-13T22:48:33.027Z","ask"
"0.8227","0.16","2024-06-13T22:48:33.027Z","ask"
"0.823","0.16","2024-06-13T22:48:33.027Z","ask"
"0.8235","20","2024-06-13T22:48:33.027Z","ask"
"0.824","0.32","2024-06-13T22:48:33.027Z","ask"
"0.8241","0.32","2024-06-13T22:48:33.027Z","ask"
"0.8245","1.28","2024-06-13T22:48:33.027Z","ask"
"0.8246","0.96","2024-06-13T22:48:33.027Z","ask"
"0.8255","61.88","2024-06-13T22:48:33.027Z","ask"
"0.8297","61.57","2024-06-13T22:48:33.027Z","ask"
"0.83","917.18","2024-06-13T22:48:33.027Z","ask"
"0.8316","2082.84","2024-06-13T22:48:33.027Z","ask"
"0.8323","113.39","2024-06-13T22:48:33.027Z","ask"
"0.8325","24.69","2024-06-13T22:48:33.027Z","ask"
"0.8339","61.26","2024-06-13T22:48:33.027Z","ask"
"0.838","3446.12","2024-06-13T22:48:33.027Z","ask"
"0.84","186.01","2024-06-13T22:48:33.027Z","ask"
"0.8409","6.84","2024-06-13T22:48:33.027Z","ask"
"0.8423","60.65","2024-06-13T22:48:33.027Z","ask"
"0.844","739.25","2024-06-13T22:48:33.027Z","ask"
"0.8485","20","2024-06-13T22:48:33.027Z","ask"
"0.85","192.22","2024-06-13T22:48:33.027Z","ask"
"0.8543","110.47","2024-06-13T22:48:33.027Z","ask"
"0.8572","3.7","2024-06-13T22:48:33.027Z","ask"
"0.8584","3.7","2024-06-13T22:48:33.027Z","ask"
"0.8593","11.1","2024-06-13T22:48:33.027Z","ask"
"0.8601","7.4","2024-06-13T22:48:33.027Z","ask"
"0.862","2000","2024-06-13T22:48:33.027Z","ask"
"0.8671","7.4","2024-06-13T22:48:33.027Z","ask"
"0.8681","3.7","2024-06-13T22:48:33.027Z","ask"
"0.87","600.98","2024-06-13T22:48:33.027Z","ask"
"0.8735","15","2024-06-13T22:48:33.027Z","ask"
"0.876","726.64","2024-06-13T22:48:33.027Z","ask"
"0.8769","107.61","2024-06-13T22:48:33.027Z","ask"
"0.88","130","2024-06-13T22:48:33.027Z","ask"
"0.8823","6.15","2024-06-13T22:48:33.027Z","ask"
"0.8961","66.66","2024-06-13T22:48:33.027Z","ask"
"0.8965","15","2024-06-13T22:48:33.027Z","ask"
"0.8999","1631.88","2024-06-13T22:48:33.027Z","ask"
"0.9","76","2024-06-13T22:48:33.027Z","ask"
"0.9002","104.83","2024-06-13T22:48:33.027Z","ask"
"0.9018","160.5","2024-06-13T22:48:33.027Z","ask"
"0.9028","191.51","2024-06-13T22:48:33.027Z","ask"
"0.9069","500","2024-06-13T22:48:33.027Z","ask"
"0.911","28.27","2024-06-13T22:48:33.027Z","ask"
"0.9158","28.21","2024-06-13T22:48:33.027Z","ask"
"0.92","933.27","2024-06-13T22:48:33.027Z","ask"
"0.9215","15","2024-06-13T22:48:33.027Z","ask"
"0.9216","89.64","2024-06-13T22:48:33.027Z","ask"
"0.9241","102.12","2024-06-13T22:48:33.027Z","ask"
"0.9247","74.61","2024-06-13T22:48:33.027Z","ask"
"0.9269","67.17","2024-06-13T22:48:33.027Z","ask"
"0.93","75","2024-06-13T22:48:33.027Z","ask"
"0.9304","12.45","2024-06-13T22:48:33.027Z","ask"
"0.9316","350","2024-06-13T22:48:33.027Z","ask"
"0.9324","67.17","2024-06-13T22:48:33.027Z","ask"
"0.9375","7.15","2024-06-13T22:48:33.027Z","ask"
"0.9377","67.17","2024-06-13T22:48:33.027Z","ask"
"0.94","2637.45","2024-06-13T22:48:33.027Z","ask"
"0.9431","67.17","2024-06-13T22:48:33.027Z","ask"
"0.9465","15","2024-06-13T22:48:33.027Z","ask"
"0.9484","67.17","2024-06-13T22:48:33.027Z","ask"
"0.9486","99.49","2024-06-13T22:48:33.027Z","ask"
"0.95","40","2024-06-13T22:48:33.027Z","ask"
"0.9538","67.17","2024-06-13T22:48:33.027Z","ask"
"0.9542","248.43","2024-06-13T22:48:33.027Z","ask"
"0.9592","67.17","2024-06-13T22:48:33.027Z","ask"
"0.96","11886.64","2024-06-13T22:48:33.027Z","ask"
"0.9641","3.71","2024-06-13T22:48:33.027Z","ask"
"0.968","3.93","2024-06-13T22:48:33.027Z","ask"
"0.9699","2.27","2024-06-13T22:48:33.027Z","ask"
"0.97","210.22","2024-06-13T22:48:33.027Z","ask"
"0.9705","29.53","2024-06-13T22:48:33.027Z","ask"
"0.9725","15","2024-06-13T22:48:33.027Z","ask"
"0.9737","96.92","2024-06-13T22:48:33.027Z","ask"
"0.9762","99.09","2024-06-13T22:48:33.027Z","ask"
"0.98","8","2024-06-13T22:48:33.027Z","ask"
"0.9825","729.75","2024-06-13T22:48:33.027Z","ask"
"0.9852","6397.13","2024-06-13T22:48:33.027Z","ask"
"0.9855","516.55","2024-06-13T22:48:33.027Z","ask"
"0.986","144.3","2024-06-13T22:48:33.027Z","ask"
"0.9894","319.59","2024-06-13T22:48:33.027Z","ask"
"0.99","15628.01","2024-06-13T22:48:33.027Z","ask"
"0.9949","200","2024-06-13T22:48:33.027Z","ask"
"0.9985","15","2024-06-13T22:48:33.027Z","ask"
"0.9988","20","2024-06-13T22:48:33.027Z","ask"
"0.999","409.78","2024-06-13T22:48:33.027Z","ask"
"0.9995","94.41","2024-06-13T22:48:33.027Z","ask"
"1","4705.01","2024-06-13T22:48:33.027Z","ask"
"1.01","730","2024-06-13T22:48:33.027Z","ask"
"1.0136","10","2024-06-13T22:48:33.027Z","ask"
"1.0141","9.13","2024-06-13T22:48:33.027Z","ask"
"1.02","55.22","2024-06-13T22:48:33.027Z","ask"
"1.0255","15","2024-06-13T22:48:33.027Z","ask"
"1.026","91.97","2024-06-13T22:48:33.027Z","ask"
"1.029","1115.81","2024-06-13T22:48:33.027Z","ask"
"1.03","2994.38","2024-06-13T22:48:33.027Z","ask"
"1.0368","534.92","2024-06-13T22:48:33.027Z","ask"
"1.04","273","2024-06-13T22:48:33.027Z","ask"
"1.05","386.33","2024-06-13T22:48:33.027Z","ask"
"1.0525","15","2024-06-13T22:48:33.027Z","ask"
"1.06","1101.99","2024-06-13T22:48:33.027Z","ask"
"1.065","80.38","2024-06-13T22:48:33.027Z","ask"
"1.07","116.95","2024-06-13T22:48:33.027Z","ask"
"1.0711","19.29","2024-06-13T22:48:33.027Z","ask"
"1.0805","15","2024-06-13T22:48:33.027Z","ask"
"1.0987","54","2024-06-13T22:48:33.027Z","ask"
"1.1","700.9","2024-06-13T22:48:33.027Z","ask"
"1.1085","15","2024-06-13T22:48:33.027Z","ask"
"1.1099","7.25","2024-06-13T22:48:33.027Z","ask"
"1.1149","6.15","2024-06-13T22:48:33.027Z","ask"
"1.1177","17.89","2024-06-13T22:48:33.027Z","ask"
"1.12","10","2024-06-13T22:48:33.027Z","ask"
"1.1375","15","2024-06-13T22:48:33.027Z","ask"
"1.1393","52.43","2024-06-13T22:48:33.027Z","ask"
"1.145","40","2024-06-13T22:48:33.027Z","ask"
"1.15","746.51","2024-06-13T22:48:33.027Z","ask"
"1.1665","15","2024-06-13T22:48:33.027Z","ask"
"1.17","350","2024-06-13T22:48:33.027Z","ask"
"1.18","127","2024-06-13T22:48:33.027Z","ask"
"1.183","10.2","2024-06-13T22:48:33.027Z","ask"
"1.19","692.14","2024-06-13T22:48:33.027Z","ask"
"1.1965","15","2024-06-13T22:48:33.027Z","ask"
"1.1973","3193.75","2024-06-13T22:48:33.027Z","ask"
"1.2","2142.01","2024-06-13T22:48:33.027Z","ask"
"1.2061","1000","2024-06-13T22:48:33.027Z","ask"
"1.22","50","2024-06-13T22:48:33.027Z","ask"
"1.223","930.18","2024-06-13T22:48:33.027Z","ask"
"1.2265","15","2024-06-13T22:48:33.027Z","ask"
"1.23","1640","2024-06-13T22:48:33.027Z","ask"
"1.2397","400","2024-06-13T22:48:33.027Z","ask"
"1.248","913.65","2024-06-13T22:48:33.027Z","ask"
"1.25","953.8","2024-06-13T22:48:33.027Z","ask"
"1.2585","15","2024-06-13T22:48:33.027Z","ask"
"1.26","156.67","2024-06-13T22:48:33.027Z","ask"
"1.2835","10","2024-06-13T22:48:33.027Z","ask"
"1.285","897.92","2024-06-13T22:48:33.027Z","ask"
"1.29","6","2024-06-13T22:48:33.027Z","ask"
"1.3","18","2024-06-13T22:48:33.027Z","ask"
"1.3085","10","2024-06-13T22:48:33.027Z","ask"
"1.316","947.1","2024-06-13T22:48:33.027Z","ask"
"1.32","192","2024-06-13T22:48:33.027Z","ask"
"1.3335","10","2024-06-13T22:48:33.027Z","ask"
"1.345","56.63","2024-06-13T22:48:33.027Z","ask"
"1.3475","6.15","2024-06-13T22:48:33.027Z","ask"
"1.35","6","2024-06-13T22:48:33.027Z","ask"
"1.354","1152.17","2024-06-13T22:48:33.027Z","ask"
"1.3585","10","2024-06-13T22:48:33.027Z","ask"
"1.3599","9.62","2024-06-13T22:48:33.027Z","ask"
"1.36","25","2024-06-13T22:48:33.027Z","ask"
"1.3835","10","2024-06-13T22:48:33.027Z","ask"
"1.389","100","2024-06-13T22:48:33.027Z","ask"
"1.3999","4.63","2024-06-13T22:48:33.027Z","ask"
"1.4","137.64","2024-06-13T22:48:33.027Z","ask"
"1.4085","10","2024-06-13T22:48:33.027Z","ask"
"1.411","1125","2024-06-13T22:48:33.027Z","ask"
"1.4335","10","2024-06-13T22:48:33.027Z","ask"
"1.4401","52.43","2024-06-13T22:48:33.027Z","ask"
"1.444","76.85","2024-06-13T22:48:33.027Z","ask"
"1.449","3.74","2024-06-13T22:48:33.027Z","ask"
"1.45","14142.66","2024-06-13T22:48:33.027Z","ask"
"1.4585","10","2024-06-13T22:48:33.027Z","ask"
"1.48","216.32","2024-06-13T22:48:33.027Z","ask"
"1.4835","10","2024-06-13T22:48:33.027Z","ask"
"1.489","226","2024-06-13T22:48:33.027Z","ask"
"1.49","1020","2024-06-13T22:48:33.027Z","ask"
"1.5","1501.24","2024-06-13T22:48:33.027Z","ask"
"1.5095","10","2024-06-13T22:48:33.027Z","ask"
"1.51","500","2024-06-13T22:48:33.027Z","ask"
"1.52","84.34","2024-06-13T22:48:33.027Z","ask"
"1.5365","10","2024-06-13T22:48:33.027Z","ask"
"1.55","50","2024-06-13T22:48:33.027Z","ask"
"1.5645","10","2024-06-13T22:48:33.027Z","ask"
"1.58","12","2024-06-13T22:48:33.027Z","ask"
"1.5801","6.15","2024-06-13T22:48:33.027Z","ask"
"1.5868","630.2","2024-06-13T22:48:33.027Z","ask"
"1.5935","10","2024-06-13T22:48:33.027Z","ask"
"1.5938","900","2024-06-13T22:48:33.027Z","ask"
"1.595","2991.07","2024-06-13T22:48:33.027Z","ask"
"1.6","150","2024-06-13T22:48:33.027Z","ask"
"1.6064","7.75","2024-06-13T22:48:33.027Z","ask"
"1.6235","10","2024-06-13T22:48:33.027Z","ask"
"1.67","10000","2024-06-13T22:48:33.027Z","ask"
"1.6735","15","2024-06-13T22:48:33.027Z","ask"
"1.68","106.5","2024-06-13T22:48:33.027Z","ask"
"1.689","63.02","2024-06-13T22:48:33.027Z","ask"
"1.69","33.8","2024-06-13T22:48:33.027Z","ask"
"1.7","137.7","2024-06-13T22:48:33.027Z","ask"
"1.71","26","2024-06-13T22:48:33.027Z","ask"
"1.72","9000","2024-06-13T22:48:33.027Z","ask"
"1.7235","15","2024-06-13T22:48:33.027Z","ask"
"1.73","8705.08","2024-06-13T22:48:33.027Z","ask"
"1.7399","9.25","2024-06-13T22:48:33.027Z","ask"
"1.748","75","2024-06-13T22:48:33.027Z","ask"
"1.75","6","2024-06-13T22:48:33.027Z","ask"
"1.7735","15","2024-06-13T22:48:33.027Z","ask"
"1.774","8.51","2024-06-13T22:48:33.027Z","ask"
"1.7798","56.41","2024-06-13T22:48:33.027Z","ask"
"1.79","580.11","2024-06-13T22:48:33.027Z","ask"
"1.794","76","2024-06-13T22:48:33.027Z","ask"
"1.8","11123.23","2024-06-13T22:48:33.027Z","ask"
"1.8127","6.15","2024-06-13T22:48:33.027Z","ask"
"1.822","566.68","2024-06-13T22:48:33.027Z","ask"
"1.8235","15","2024-06-13T22:48:33.027Z","ask"
"1.83","13.7","2024-06-13T22:48:33.027Z","ask"
"1.84","973.47","2024-06-13T22:48:33.027Z","ask"
"1.847","561.22","2024-06-13T22:48:33.027Z","ask"
"1.848","70","2024-06-13T22:48:33.027Z","ask"
"1.85","50","2024-06-13T22:48:33.027Z","ask"
"1.864","554.95","2024-06-13T22:48:33.027Z","ask"
"1.8735","15","2024-06-13T22:48:33.027Z","ask"
"1.884","548.86","2024-06-13T22:48:33.027Z","ask"
"1.889","181","2024-06-13T22:48:33.027Z","ask"
"1.89","3350.5","2024-06-13T22:48:33.027Z","ask"
"1.8948","40.07","2024-06-13T22:48:33.027Z","ask"
"1.9","12051.95","2024-06-13T22:48:33.027Z","ask"
"1.905","542.9","2024-06-13T22:48:33.027Z","ask"
"1.9235","15","2024-06-13T22:48:33.027Z","ask"
"1.9283","52.43","2024-06-13T22:48:33.027Z","ask"
"1.93","537.08","2024-06-13T22:48:33.027Z","ask"
"1.936","534.07","2024-06-13T22:48:33.027Z","ask"
"1.938","100","2024-06-13T22:48:33.027Z","ask"
"1.948","293","2024-06-13T22:48:33.027Z","ask"
"1.9725","3.7","2024-06-13T22:48:33.027Z","ask"
"1.9735","15","2024-06-13T22:48:33.027Z","ask"
"1.987","276.8","2024-06-13T22:48:33.027Z","ask"
"1.988","4615.82","2024-06-13T22:48:33.027Z","ask"
"1.9899","200","2024-06-13T22:48:33.027Z","ask"
"1.99","35040","2024-06-13T22:48:33.027Z","ask"
"1.998","500","2024-06-13T22:48:33.027Z","ask"
"2","3326.55","2024-06-13T22:48:33.027Z","ask"
"2.01","185","2024-06-13T22:48:33.027Z","ask"
"2.0453","6.15","2024-06-13T22:48:33.027Z","ask"
"2.0735","25","2024-06-13T22:48:33.027Z","ask"
"2.078","85.33","2024-06-13T22:48:33.027Z","ask"
"2.08","49","2024-06-13T22:48:33.027Z","ask"
"2.15","364.84","2024-06-13T22:48:33.027Z","ask"
"2.1735","25","2024-06-13T22:48:33.027Z","ask"
"2.1788","133.15","2024-06-13T22:48:33.027Z","ask"
"2.2","50","2024-06-13T22:48:33.027Z","ask"
"2.248","66.49","2024-06-13T22:48:33.027Z","ask"
"2.25","124","2024-06-13T22:48:33.027Z","ask"
"2.2735","25","2024-06-13T22:48:33.027Z","ask"
"2.2779","6.15","2024-06-13T22:48:33.027Z","ask"
"2.28","542.95","2024-06-13T22:48:33.027Z","ask"
"2.292","40","2024-06-13T22:48:33.027Z","ask"
"2.3228","52.43","2024-06-13T22:48:33.027Z","ask"
"2.33","20.67","2024-06-13T22:48:33.027Z","ask"
"2.34","35","2024-06-13T22:48:33.027Z","ask"
"2.36","1927.94","2024-06-13T22:48:33.027Z","ask"
"2.369","219.3","2024-06-13T22:48:33.027Z","ask"
"2.3735","25","2024-06-13T22:48:33.027Z","ask"
"2.3747","750","2024-06-13T22:48:33.027Z","ask"
"2.38","1734.78","2024-06-13T22:48:33.027Z","ask"
"2.4","1000","2024-06-13T22:48:33.027Z","ask"
"2.4096","7.74","2024-06-13T22:48:33.027Z","ask"
"2.41","133.53","2024-06-13T22:48:33.027Z","ask"
"2.4735","25","2024-06-13T22:48:33.027Z","ask"
"2.4883","30.61","2024-06-13T22:48:33.027Z","ask"
"2.489","200","2024-06-13T22:48:33.027Z","ask"
"2.4985","100","2024-06-13T22:48:33.027Z","ask"
"2.5","7267.15","2024-06-13T22:48:33.027Z","ask"
"2.5105","6.15","2024-06-13T22:48:33.027Z","ask"
"2.55","1438.03","2024-06-13T22:48:33.027Z","ask"
"2.5735","25","2024-06-13T22:48:33.027Z","ask"
"2.6","191.21","2024-06-13T22:48:33.027Z","ask"
"2.618","76.86","2024-06-13T22:48:33.027Z","ask"
"2.65","15","2024-06-13T22:48:33.027Z","ask"
"2.6735","25","2024-06-13T22:48:33.027Z","ask"
"2.69","12.3","2024-06-13T22:48:33.027Z","ask"
"2.7","3252.89","2024-06-13T22:48:33.027Z","ask"
"2.71","40000","2024-06-13T22:48:33.027Z","ask"
"2.7172","52.43","2024-06-13T22:48:33.027Z","ask"
"2.73","40000","2024-06-13T22:48:33.027Z","ask"
"2.74","40144","2024-06-13T22:48:33.027Z","ask"
"2.7431","6.15","2024-06-13T22:48:33.027Z","ask"
"2.748","100","2024-06-13T22:48:33.027Z","ask"
"2.75","10491.38","2024-06-13T22:48:33.027Z","ask"
"2.76","40000","2024-06-13T22:48:33.027Z","ask"
"2.7735","25","2024-06-13T22:48:33.027Z","ask"
"0.5223","127.65","2024-06-13T22:48:33.026Z","ask"
"0.5224","3045.88","2024-06-13T22:48:33.026Z","ask"
"0.5226","1146.35","2024-06-13T22:48:33.026Z","ask"
"0.5233","19.18","2024-06-13T22:48:33.026Z","ask"
"0.5234","8949.33","2024-06-13T22:48:33.026Z","ask"
"0.5235","334","2024-06-13T22:48:33.026Z","ask"
"0.525","11366.53","2024-06-13T22:48:33.026Z","ask"
"0.5251","326.68","2024-06-13T22:48:33.026Z","ask"
"0.5255","549.75","2024-06-13T22:48:33.026Z","ask"
"0.5261","326.63","2024-06-13T22:48:33.026Z","ask"
"0.5268","5","2024-06-13T22:48:33.026Z","ask"
"0.527","234.06","2024-06-13T22:48:33.026Z","ask"
"0.5276","298.08","2024-06-13T22:48:33.026Z","ask"
"0.528","7290.28","2024-06-13T22:48:33.026Z","ask"
"0.5292","301.31","2024-06-13T22:48:33.026Z","ask"
"0.5304","218.36","2024-06-13T22:48:33.026Z","ask"
"0.5317","220.85","2024-06-13T22:48:33.026Z","ask"
"0.5327","231.19","2024-06-13T22:48:33.026Z","ask"
"0.5338","5","2024-06-13T22:48:33.026Z","ask"
"0.5342","273.49","2024-06-13T22:48:33.026Z","ask"
"0.5354","8258.09","2024-06-13T22:48:33.026Z","ask"
"0.5363","249.46","2024-06-13T22:48:33.026Z","ask"
"0.5375","247.92","2024-06-13T22:48:33.026Z","ask"
"0.5379","0.06","2024-06-13T22:48:33.026Z","ask"
"0.5393","249.92","2024-06-13T22:48:33.026Z","ask"
"0.5409","5","2024-06-13T22:48:33.026Z","ask"
"0.5411","0.03","2024-06-13T22:48:33.026Z","ask"
"0.5412","285.52","2024-06-13T22:48:33.026Z","ask"
"0.5416","7759.84","2024-06-13T22:48:33.026Z","ask"
"0.5419","0.09","2024-06-13T22:48:33.026Z","ask"
"0.5476","172.34","2024-06-13T22:48:33.026Z","ask"
"0.5479","0.06","2024-06-13T22:48:33.026Z","ask"
"0.548","5","2024-06-13T22:48:33.026Z","ask"
"0.5488","0.09","2024-06-13T22:48:33.026Z","ask"
"0.5501","0.03","2024-06-13T22:48:33.026Z","ask"
"0.5531","0.03","2024-06-13T22:48:33.026Z","ask"
"0.5551","5","2024-06-13T22:48:33.026Z","ask"
"0.5575","20.02","2024-06-13T22:48:33.026Z","ask"
"0.5585","1.87","2024-06-13T22:48:33.026Z","ask"
"0.5621","167.87","2024-06-13T22:48:33.026Z","ask"
"0.5695","0.93","2024-06-13T22:48:33.026Z","ask"
"0.575","79.34","2024-06-13T22:48:33.026Z","ask"
"0.5763","79.34","2024-06-13T22:48:33.026Z","ask"
"0.577","163.54","2024-06-13T22:48:33.026Z","ask"
"0.5777","6454.39","2024-06-13T22:48:33.026Z","ask"
"0.578","2150.3","2024-06-13T22:48:33.026Z","ask"
"0.5784","2149.72","2024-06-13T22:48:33.026Z","ask"
"0.5788","2147.18","2024-06-13T22:48:33.026Z","ask"
"0.5818","1987.03","2024-06-13T22:48:33.026Z","ask"
"0.5819","158.69","2024-06-13T22:48:33.026Z","ask"
"0.5828","0.31","2024-06-13T22:48:33.026Z","ask"
"0.5845","0.31","2024-06-13T22:48:33.026Z","ask"
"0.5876","1.77","2024-06-13T22:48:33.026Z","ask"
"0.5893","29.5","2024-06-13T22:48:33.026Z","ask"
"0.5923","159.32","2024-06-13T22:48:33.026Z","ask"
"0.5925","99.25","2024-06-13T22:48:33.026Z","ask"
"0.5936","86.06","2024-06-13T22:48:33.026Z","ask"
"0.5965","85.63","2024-06-13T22:48:33.026Z","ask"
"0.5994","85.22","2024-06-13T22:48:33.026Z","ask"
"0.6","65.18","2024-06-13T22:48:33.026Z","ask"
"0.6025","84.79","2024-06-13T22:48:33.026Z","ask"
"0.6043","44.54","2024-06-13T22:48:33.026Z","ask"
"0.6055","84.36","2024-06-13T22:48:33.026Z","ask"
"0.608","155.2","2024-06-13T22:48:33.026Z","ask"
"0.6086","83.94","2024-06-13T22:48:33.026Z","ask"
"0.6111","52.56","2024-06-13T22:48:33.026Z","ask"
"0.6116","83.52","2024-06-13T22:48:33.026Z","ask"
"0.6146","83.11","2024-06-13T22:48:33.026Z","ask"
"0.6157","10.34","2024-06-13T22:48:33.026Z","ask"
"0.6178","82.69","2024-06-13T22:48:33.026Z","ask"
"0.6208","82.28","2024-06-13T22:48:33.026Z","ask"
"0.6218","10.34","2024-06-13T22:48:33.026Z","ask"
"0.6236","128.73","2024-06-13T22:48:33.026Z","ask"
"0.624","81.87","2024-06-13T22:48:33.026Z","ask"
"0.6242","151.19","2024-06-13T22:48:33.026Z","ask"
"0.6271","81.46","2024-06-13T22:48:33.026Z","ask"
"0.6272","25.72","2024-06-13T22:48:33.026Z","ask"
"0.6274","477.78","2024-06-13T22:48:33.026Z","ask"
"0.6302","81.05","2024-06-13T22:48:33.026Z","ask"
"0.6334","80.65","2024-06-13T22:48:33.026Z","ask"
"0.634","10.34","2024-06-13T22:48:33.026Z","ask"
"0.6365","80.25","2024-06-13T22:48:33.026Z","ask"
"0.6379","44.21","2024-06-13T22:48:33.026Z","ask"
"0.6398","79.84","2024-06-13T22:48:33.026Z","ask"
"0.6407","147.29","2024-06-13T22:48:33.026Z","ask"
"0.6429","79.45","2024-06-13T22:48:33.026Z","ask"
"0.6461","79.06","2024-06-13T22:48:33.026Z","ask"
"0.6462","10.33","2024-06-13T22:48:33.026Z","ask"
"0.6491","22.27","2024-06-13T22:48:33.026Z","ask"
"0.6494","78.66","2024-06-13T22:48:33.026Z","ask"
"0.65","1202.19","2024-06-13T22:48:33.026Z","ask"
"0.6526","78.27","2024-06-13T22:48:33.026Z","ask"
"0.656","77.87","2024-06-13T22:48:33.026Z","ask"
"0.6577","143.49","2024-06-13T22:48:33.026Z","ask"
"0.6592","77.49","2024-06-13T22:48:33.026Z","ask"
"0.6626","77.1","2024-06-13T22:48:33.026Z","ask"
"0.665","438.02","2024-06-13T22:48:33.026Z","ask"
"0.6658","76.72","2024-06-13T22:48:33.026Z","ask"
"0.6691","76.34","2024-06-13T22:48:33.026Z","ask"
"0.67","608.44","2024-06-13T22:48:33.026Z","ask"
"0.6726","595.99","2024-06-13T22:48:33.026Z","ask"
"0.6742","46.27","2024-06-13T22:48:33.026Z","ask"
"0.6751","139.78","2024-06-13T22:48:33.026Z","ask"
"0.6759","75.57","2024-06-13T22:48:33.026Z","ask"
"0.6793","75.2","2024-06-13T22:48:33.026Z","ask"
"0.68","3.71","2024-06-13T22:48:33.026Z","ask"
"0.6803","129.8","2024-06-13T22:48:33.026Z","ask"
"0.681","2172.63","2024-06-13T22:48:33.026Z","ask"
"0.6827","74.82","2024-06-13T22:48:33.026Z","ask"
"0.6849","93.6","2024-06-13T22:48:33.026Z","ask"
"0.686","123.89","2024-06-13T22:48:33.026Z","ask"
"0.6862","74.45","2024-06-13T22:48:33.026Z","ask"
"0.6896","74.07","2024-06-13T22:48:33.026Z","ask"
"0.6899","217.39","2024-06-13T22:48:33.026Z","ask"
"0.69","42.46","2024-06-13T22:48:33.026Z","ask"
"0.693","209.88","2024-06-13T22:48:33.026Z","ask"
"0.6939","22.27","2024-06-13T22:48:33.026Z","ask"
"0.6943","252.66","2024-06-13T22:48:33.026Z","ask"
"0.6965","73.34","2024-06-13T22:48:33.026Z","ask"
"0.6984","5.03","2024-06-13T22:48:33.026Z","ask"
"0.6985","20","2024-06-13T22:48:33.026Z","ask"
"0.6994","10","2024-06-13T22:48:33.026Z","ask"
"0.6999","72.98","2024-06-13T22:48:33.026Z","ask"
"0.7","6645.14","2024-06-13T22:48:33.026Z","ask"
"0.7035","72.61","2024-06-13T22:48:33.026Z","ask"
"0.707","72.25","2024-06-13T22:48:33.026Z","ask"
"0.7074","3.72","2024-06-13T22:48:33.026Z","ask"
"0.71","853.52","2024-06-13T22:48:33.026Z","ask"
"0.7106","71.89","2024-06-13T22:48:33.026Z","ask"
"0.711","13","2024-06-13T22:48:33.026Z","ask"
"0.7114","132.65","2024-06-13T22:48:33.026Z","ask"
"0.7141","71.53","2024-06-13T22:48:33.026Z","ask"
"0.7173","28.69","2024-06-13T22:48:33.026Z","ask"
"0.7177","71.18","2024-06-13T22:48:33.026Z","ask"
"0.72","421.67","2024-06-13T22:48:33.026Z","ask"
"0.7213","70.82","2024-06-13T22:48:33.026Z","ask"
"0.7235","20","2024-06-13T22:48:33.026Z","ask"
"0.7247","5","2024-06-13T22:48:33.026Z","ask"
"0.725","70.46","2024-06-13T22:48:33.026Z","ask"
"0.727","104.77","2024-06-13T22:48:33.026Z","ask"
"0.7285","70.12","2024-06-13T22:48:33.026Z","ask"
"0.7302","129.23","2024-06-13T22:48:33.026Z","ask"
"0.7311","150.08","2024-06-13T22:48:33.026Z","ask"
"0.7321","69.77","2024-06-13T22:48:33.026Z","ask"
"0.7322","116.14","2024-06-13T22:48:33.026Z","ask"
"0.735","8.03","2024-06-13T22:48:33.026Z","ask"
"0.7352","8.65","2024-06-13T22:48:33.026Z","ask"
"0.7359","69.41","2024-06-13T22:48:33.026Z","ask"
"0.7395","69.07","2024-06-13T22:48:33.026Z","ask"
"0.7423","46.97","2024-06-13T22:48:33.026Z","ask"
"0.7433","68.72","2024-06-13T22:48:33.026Z","ask"
"0.7469","68.39","2024-06-13T22:48:33.026Z","ask"
"0.747","302.86","2024-06-13T22:48:33.026Z","ask"
"0.7485","20","2024-06-13T22:48:33.026Z","ask"
"0.7496","125.9","2024-06-13T22:48:33.026Z","ask"
"0.75","19018.3","2024-06-13T22:48:33.026Z","ask"
"0.7507","68.05","2024-06-13T22:48:33.026Z","ask"
"0.7535","5044.91","2024-06-13T22:48:33.026Z","ask"
"0.7545","67.7","2024-06-13T22:48:33.026Z","ask"
"0.7556","2.73","2024-06-13T22:48:33.026Z","ask"
"0.7576","5","2024-06-13T22:48:33.026Z","ask"
"0.7583","67.37","2024-06-13T22:48:33.026Z","ask"
"0.762","67.03","2024-06-13T22:48:33.026Z","ask"
"0.7659","66.7","2024-06-13T22:48:33.026Z","ask"
"0.7694","122.65","2024-06-13T22:48:33.026Z","ask"
"0.7697","66.36","2024-06-13T22:48:33.026Z","ask"
"0.7735","20","2024-06-13T22:48:33.026Z","ask"
"0.7736","66.03","2024-06-13T22:48:33.026Z","ask"
"0.7774","11.71","2024-06-13T22:48:33.026Z","ask"
"0.78","85.26","2024-06-13T22:48:33.026Z","ask"
"0.7814","65.37","2024-06-13T22:48:33.026Z","ask"
"0.7852","65.05","2024-06-13T22:48:33.026Z","ask"
"0.7857","2.58","2024-06-13T22:48:33.026Z","ask"
"0.7892","64.73","2024-06-13T22:48:33.026Z","ask"
"0.7898","119.49","2024-06-13T22:48:33.026Z","ask"
"0.79","2386.45","2024-06-13T22:48:33.026Z","ask"
"0.7931","64.41","2024-06-13T22:48:33.026Z","ask"
"0.7964","42.83","2024-06-13T22:48:33.026Z","ask"
"0.7972","64.08","2024-06-13T22:48:33.026Z","ask"
"0.7985","20","2024-06-13T22:48:33.026Z","ask"
"0.8","3107.97","2024-06-13T22:48:33.026Z","ask"
"0.8011","63.76","2024-06-13T22:48:33.026Z","ask"
"0.8052","63.44","2024-06-13T22:48:33.026Z","ask"
"0.8061","500","2024-06-13T22:48:33.026Z","ask"
"0.8092","63.12","2024-06-13T22:48:33.026Z","ask"
"0.81","31.55","2024-06-13T22:48:33.026Z","ask"
"0.8108","116.39","2024-06-13T22:48:33.026Z","ask"
"0.8133","62.81","2024-06-13T22:48:33.026Z","ask"
"0.8172","5.78","2024-06-13T22:48:33.026Z","ask"
"0.8173","62.5","2024-06-13T22:48:33.026Z","ask"
"0.8194","3.7","2024-06-13T22:48:33.026Z","ask"
"0.8195","0.16","2024-06-13T22:48:33.026Z","ask"
"0.8196","1.49","2024-06-13T22:48:33.026Z","ask"
"0.8197","1.15","2024-06-13T22:48:33.026Z","ask"
"0.8199","0.16","2024-06-13T22:48:33.026Z","ask"
"0.8214","63.15","2024-06-13T22:48:33.026Z","ask"
"0.8216","8.2","2024-06-13T22:48:33.026Z","ask"