"price","volume","time","side"
"0.52130000","372.84000000","2024-06-13T22:45:59.072Z","sell"
"0.52130000","134.08000000","2024-06-13T22:45:36.212Z","sell"
"0.52170000","1.90000000","2024-06-13T22:43:11.618Z","sell"
"0.51850000","166.00000000","2024-06-13T22:25:39.691Z","buy"
"0.51890000","19.18000000","2024-06-13T22:25:39.691Z","buy"
"0.51890000","1382.28000000","2024-06-13T22:25:39.691Z","buy"
"0.51890000","468.94000000","2024-06-13T22:25:39.691Z","buy"
"0.51900000","117.96000000","2024-06-13T22:25:39.691Z","buy"
"0.52100000","112.00000000","2024-06-13T22:24:26.399Z","sell"
"0.52010000","123.41000000","2024-06-13T22:24:26.399Z","sell"
"0.51920000","134.96000000","2024-06-13T22:24:03.295Z","buy"
"0.51930000","73.71000000","2024-06-13T22:23:08.442Z","buy"
"0.51970000","3.98000000","2024-06-13T22:23:08.442Z","buy"
"0.52100000","0.30000000","2024-06-13T22:22:28.113Z","sell"
"0.51970000","1.02000000","2024-06-13T22:19:48.770Z","buy"
"0.52580000","4.84000000","2024-06-13T22:00:49.262Z","buy"
"0.52640000","8.09000000","2024-06-13T21:57:57.682Z","sell"
"0.52300000","281.17000000","2024-06-13T21:44:10.354Z","buy"
"0.52310000","99.89000000","2024-06-13T21:44:10.354Z","buy"
"0.52280000","452.03000000","2024-06-13T21:40:00.235Z","buy"
"0.52280000","174.20000000","2024-06-13T21:39:44.448Z","buy"
"0.52240000","0.19000000","2024-06-13T21:38:36.518Z","buy"
"0.52300000","0.67000000","2024-06-13T21:34:35.205Z","buy"
"0.52300000","50.00000000","2024-06-13T21:34:16.117Z","buy"
"0.52240000","44.13000000","2024-06-13T21:33:06.481Z","buy"
"0.52170000","1.91000000","2024-06-13T21:24:51.463Z","sell"
"0.52090000","76.84000000","2024-06-13T21:24:51.146Z","buy"
"0.52240000","3.08000000","2024-06-13T21:19:43.959Z","buy"
"0.52320000","950.80000000","2024-06-13T21:17:39.136Z","sell"
"0.52240000","8.42000000","2024-06-13T21:14:44.100Z","buy"
"0.52410000","198.99000000","2024-06-13T21:14:11.595Z","sell"
"0.52280000","251.78000000","2024-06-13T21:13:14.290Z","sell"
"0.52240000","47.40000000","2024-06-13T21:12:31.443Z","sell"
"0.52240000","237.00000000","2024-06-13T21:12:30.560Z","sell"
"0.52210000","296.91000000","2024-06-13T21:12:02.940Z","sell"
"0.52630000","0.85000000","2024-06-13T21:07:45.259Z","buy"
"0.52630000","657.06000000","2024-06-13T21:06:52.704Z","buy"
"0.52630000","300.38000000","2024-06-13T21:05:11.405Z","sell"
"0.52630000","31.82000000","2024-06-13T21:05:11.405Z","sell"
"0.52550000","324.86000000","2024-06-13T21:04:52.455Z","sell"
"0.52720000","403.37000000","2024-06-13T21:01:01.748Z","sell"
"0.52720000","122.77000000","2024-06-13T21:01:01.748Z","sell"
"0.52650000","1382.28000000","2024-06-13T21:01:01.748Z","sell"
"0.52640000","245.07000000","2024-06-13T21:01:01.748Z","sell"
"0.52640000","415.37000000","2024-06-13T21:00:25.792Z","buy"
"0.52650000","1382.28000000","2024-06-13T21:00:23.981Z","buy"
"0.52600000","5.39000000","2024-06-13T21:00:08.487Z","sell"
"0.52600000","26.99000000","2024-06-13T20:57:42.806Z","sell"
"0.52600000","225.67000000","2024-06-13T20:57:42.793Z","sell"
"0.52600000","24.55000000","2024-06-13T20:57:42.793Z","sell"
"0.52600000","61.64000000","2024-06-13T20:55:11.848Z","sell"
"0.52600000","71.14000000","2024-06-13T20:55:11.846Z","sell"
"0.52600000","151.00000000","2024-06-13T20:54:58.669Z","sell"
"0.52600000","1.67000000","2024-06-13T20:54:18.191Z","sell"
"0.52590000","3.68000000","2024-06-13T20:54:18.191Z","sell"
"0.52660000","13.67000000","2024-06-13T20:53:54.909Z","sell"
"0.52590000","3.68000000","2024-06-13T20:53:54.909Z","sell"
"0.52510000","10.62000000","2024-06-13T20:50:56.321Z","buy"
"0.52480000","4.56000000","2024-06-13T20:50:48.264Z","sell"
"0.52480000","22.84000000","2024-06-13T20:50:35.662Z","sell"
"0.52480000","114.24000000","2024-06-13T20:50:18.570Z","sell"
"0.52480000","93.22000000","2024-06-13T20:50:18.566Z","sell"
"0.52480000","90.72000000","2024-06-13T20:50:18.539Z","sell"
"0.52480000","96.19000000","2024-06-13T20:50:18.536Z","sell"
"0.52480000","27.28000000","2024-06-13T20:50:18.536Z","sell"
"0.52430000","145.16000000","2024-06-13T20:49:14.775Z","buy"
"0.52410000","2972.07000000","2024-06-13T20:48:34.783Z","buy"
"0.52420000","761.02000000","2024-06-13T20:48:34.783Z","buy"
"0.52430000","1382.28000000","2024-06-13T20:48:34.783Z","buy"
"0.52430000","235.77000000","2024-06-13T20:48:34.783Z","buy"
"0.52560000","37.93000000","2024-06-13T20:48:19.161Z","sell"
"0.52550000","9.15000000","2024-06-13T20:48:19.161Z","sell"
"0.52530000","7.32000000","2024-06-13T20:47:05.041Z","sell"
"0.52530000","36.63000000","2024-06-13T20:47:05.035Z","sell"
"0.52530000","183.17000000","2024-06-13T20:46:29.971Z","sell"
"0.52530000","93.28000000","2024-06-13T20:45:11.466Z","sell"
"0.52640000","9.15000000","2024-06-13T20:39:04.739Z","sell"
"0.52620000","69.19000000","2024-06-13T20:37:47.472Z","sell"
"0.52620000","252.35000000","2024-06-13T20:37:33.818Z","sell"
"0.52620000","9.15000000","2024-06-13T20:37:33.818Z","sell"
"0.52600000","75.90000000","2024-06-13T20:36:03.619Z","sell"
"0.52600000","379.52000000","2024-06-13T20:36:03.614Z","sell"
"0.52630000","1.90000000","2024-06-13T20:32:51.248Z","buy"
"0.52630000","34.54000000","2024-06-13T20:30:18.834Z","buy"
"0.52670000","20.00000000","2024-06-13T20:29:11.425Z","sell"
"0.52590000","45.75000000","2024-06-13T20:25:13.465Z","buy"
"0.52620000","1215.94000000","2024-06-13T20:24:17.090Z","buy"
"0.52620000","19.81000000","2024-06-13T20:23:49.919Z","buy"
"0.52640000","20.00000000","2024-06-13T20:22:32.305Z","sell"
"0.52680000","2.73000000","2024-06-13T20:20:14.823Z","buy"
"0.52750000","202.26000000","2024-06-13T20:16:10.841Z","sell"
"0.52750000","79.98000000","2024-06-13T20:16:10.837Z","sell"
"0.52750000","20.00000000","2024-06-13T20:16:10.837Z","sell"
"0.52640000","4.26000000","2024-06-13T20:15:00.692Z","sell"
"0.52640000","21.32000000","2024-06-13T20:15:00.671Z","sell"
"0.52640000","106.60000000","2024-06-13T20:14:31.424Z","sell"
"0.52640000","245.86000000","2024-06-13T20:14:31.421Z","sell"
"0.52550000","84.13000000","2024-06-13T20:13:15.936Z","sell"
"0.52520000","38.92000000","2024-06-13T20:13:01.502Z","buy"
"0.52520000","420.65000000","2024-06-13T20:12:44.952Z","buy"
"0.52570000","1382.28000000","2024-06-13T20:12:34.331Z","buy"
"0.52590000","302.86000000","2024-06-13T20:11:57.904Z","sell"
"0.52580000","97.54000000","2024-06-13T20:08:32.978Z","buy"
"0.52790000","7.94000000","2024-06-13T20:05:11.904Z","sell"
"0.52790000","39.71000000","2024-06-13T20:05:11.409Z","sell"
"0.52790000","70.20000000","2024-06-13T20:05:10.180Z","sell"
"0.52790000","118.92000000","2024-06-13T20:05:10.130Z","sell"
"0.52720000","100.00000000","2024-06-13T20:05:03.580Z","buy"
"0.52730000","8.24000000","2024-06-13T20:05:01.777Z","sell"
"0.52730000","41.21000000","2024-06-13T20:05:01.248Z","sell"
"0.52730000","41.21000000","2024-06-13T20:05:01.111Z","sell"
"0.52730000","206.06000000","2024-06-13T20:05:01.091Z","sell"
"0.52730000","112.54000000","2024-06-13T20:05:00.753Z","sell"
"0.52650000","5.53000000","2024-06-13T20:04:34.114Z","buy"
"0.52670000","376.98000000","2024-06-13T20:03:31.286Z","buy"
"0.52950000","65.60000000","2024-06-13T20:01:43.986Z","sell"
"0.52870000","77.80000000","2024-06-13T20:01:43.856Z","sell"
"0.52820000","25.41000000","2024-06-13T20:01:43.842Z","sell"
"0.52820000","127.07000000","2024-06-13T20:01:43.842Z","sell"
"0.52700000","380.40000000","2024-06-13T20:01:43.837Z","sell"
"0.52650000","368.37000000","2024-06-13T20:00:45.607Z","sell"
"0.52780000","43.98000000","2024-06-13T19:56:55.519Z","sell"
"0.52720000","56.65000000","2024-06-13T19:56:55.519Z","sell"
"0.52720000","249.08000000","2024-06-13T19:56:34.478Z","sell"
"0.52720000","34.21000000","2024-06-13T19:56:34.478Z","sell"
"0.52650000","14.48000000","2024-06-13T19:54:40.106Z","buy"
"0.52830000","32.87000000","2024-06-13T19:48:07.231Z","buy"
"0.52830000","87.48000000","2024-06-13T19:48:07.229Z","buy"
"0.52930000","222.20000000","2024-06-13T19:47:49.967Z","sell"
"0.52920000","637.80000000","2024-06-13T19:47:49.967Z","sell"
"0.52930000","60.00000000","2024-06-13T19:47:49.961Z","sell"
"0.52770000","33.70000000","2024-06-13T19:47:49.908Z","sell"
"0.52770000","0.51000000","2024-06-13T19:47:48.539Z","sell"
"0.52890000","0.51000000","2024-06-13T19:46:29.462Z","sell"
"0.52780000","34.21000000","2024-06-13T19:46:10.209Z","sell"
"0.52880000","129.91000000","2024-06-13T19:43:44.350Z","sell"
"0.52860000","30.09000000","2024-06-13T19:43:44.350Z","sell"
"0.52740000","5.29000000","2024-06-13T19:43:44.268Z","sell"
"0.52740000","26.47000000","2024-06-13T19:43:44.222Z","sell"
"0.52690000","1280.03000000","2024-06-13T19:41:56.009Z","buy"
"0.52680000","1280.03000000","2024-06-13T19:39:48.822Z","buy"
"0.52640000","5.19000000","2024-06-13T19:38:02.170Z","sell"
"0.52640000","25.97000000","2024-06-13T19:36:18.922Z","sell"
"0.52600000","586.79000000","2024-06-13T19:35:52.407Z","buy"
"0.52600000","11.27000000","2024-06-13T19:35:49.949Z","buy"
"0.52680000","5.00000000","2024-06-13T19:35:49.949Z","buy"
"0.52720000","242.30000000","2024-06-13T19:34:23.524Z","sell"
"0.53240000","46.36000000","2024-06-13T19:24:33.086Z","sell"
"0.53230000","40.00000000","2024-06-13T19:24:33.086Z","sell"
"0.53140000","6.65000000","2024-06-13T19:24:33.086Z","sell"
"0.53140000","33.28000000","2024-06-13T19:23:36.657Z","sell"
"0.53140000","282.25000000","2024-06-13T19:23:36.644Z","sell"
"0.53140000","28.96000000","2024-06-13T19:23:36.644Z","sell"
"0.53040000","23.18000000","2024-06-13T19:22:59.753Z","sell"
"0.53000000","730.37000000","2024-06-13T19:21:16.014Z","buy"
"0.53010000","2.00000000","2024-06-13T19:21:16.014Z","buy"
"0.53080000","9.37000000","2024-06-13T19:20:50.165Z","sell"
"0.53140000","57.25000000","2024-06-13T19:17:36.822Z","sell"
"0.53140000","219.20000000","2024-06-13T19:17:32.630Z","sell"
"0.53160000","3.71000000","2024-06-13T19:15:34.783Z","sell"
"0.53050000","5.66000000","2024-06-13T19:15:34.783Z","sell"
"0.53050000","28.32000000","2024-06-13T19:12:58.207Z","sell"
"0.53050000","284.56000000","2024-06-13T19:12:32.498Z","sell"
"0.53100000","122.18000000","2024-06-13T19:09:58.139Z","buy"
"0.53190000","265.22000000","2024-06-13T19:07:23.066Z","sell"
"0.53230000","975.10000000","2024-06-13T19:06:26.206Z","buy"
"0.53280000","2.51000000","2024-06-13T19:06:06.870Z","buy"
"0.53340000","8.00000000","2024-06-13T19:05:00.999Z","sell"
"0.53270000","129.39000000","2024-06-13T19:04:22.340Z","sell"
"0.53270000","135.45000000","2024-06-13T19:04:22.337Z","sell"
"0.53220000","1382.28000000","2024-06-13T19:03:43.326Z","buy"
"0.53410000","204.29000000","2024-06-13T19:00:31.408Z","sell"
"0.53410000","33.50000000","2024-06-13T19:00:31.408Z","sell"
"0.53400000","43.80000000","2024-06-13T18:55:36.380Z","sell"
"0.53400000","219.00000000","2024-06-13T18:55:27.496Z","sell"
"0.53370000","1095.00000000","2024-06-13T18:53:48.038Z","buy"
"0.53370000","100.95000000","2024-06-13T18:53:35.586Z","buy"
"0.53370000","75.94000000","2024-06-13T18:53:35.586Z","buy"
"0.53380000","5.00000000","2024-06-13T18:53:09.939Z","sell"
"0.53370000","17.93000000","2024-06-13T18:52:22.016Z","buy"
"0.53360000","14.51000000","2024-06-13T18:52:14.011Z","buy"
"0.53360000","15.60000000","2024-06-13T18:52:11.011Z","buy"
"0.53360000","12.75000000","2024-06-13T18:52:07.190Z","buy"
"0.53360000","294.02000000","2024-06-13T18:52:04.675Z","sell"
"0.53360000","276.45000000","2024-06-13T18:52:04.675Z","sell"
"0.53340000","18.26000000","2024-06-13T18:52:03.668Z","buy"
"0.53360000","12.26000000","2024-06-13T18:50:19.050Z","buy"
"0.53360000","6.18000000","2024-06-13T18:50:15.796Z","buy"
"0.53190000","68.83000000","2024-06-13T18:50:04.460Z","sell"
"0.53190000","1.87000000","2024-06-13T18:49:47.575Z","sell"
"0.53190000","353.53000000","2024-06-13T18:49:40.182Z","sell"
"0.53100000","51.84000000","2024-06-13T18:49:16.639Z","sell"
"0.53100000","259.24000000","2024-06-13T18:49:16.632Z","sell"
"0.53110000","1382.28000000","2024-06-13T18:49:16.626Z","buy"
"0.53120000","55.29000000","2024-06-13T18:49:14.401Z","sell"
"0.53120000","276.45000000","2024-06-13T18:49:14.383Z","sell"
"0.53060000","48.86000000","2024-06-13T18:47:21.276Z","sell"
"0.53060000","76.01000000","2024-06-13T18:47:21.273Z","sell"
"0.53060000","151.58000000","2024-06-13T18:47:21.270Z","sell"
"0.53000000","276.45000000","2024-06-13T18:47:11.240Z","sell"
"0.52990000","62.94000000","2024-06-13T18:47:01.896Z","buy"
"0.53020000","42.23000000","2024-06-13T18:46:14.337Z","sell"
"0.53020000","112.23000000","2024-06-13T18:46:13.307Z","sell"
"0.53020000","121.99000000","2024-06-13T18:46:12.643Z","sell"
"0.53020000","91.77000000","2024-06-13T18:46:02.416Z","buy"
"0.53020000","2.59000000","2024-06-13T18:45:46.092Z","sell"
"0.53020000","296.92000000","2024-06-13T18:45:36.220Z","sell"
"0.53020000","251.39000000","2024-06-13T18:44:55.455Z","buy"
"0.52990000","167.64000000","2024-06-13T18:44:11.858Z","buy"
"0.52950000","33.50000000","2024-06-13T18:43:44.227Z","sell"
"0.52870000","116.23000000","2024-06-13T18:41:40.263Z","sell"
"0.52870000","160.22000000","2024-06-13T18:41:40.255Z","sell"
"0.52890000","84.94000000","2024-06-13T18:40:48.388Z","buy"
"0.52940000","1.83000000","2024-06-13T18:40:43.368Z","sell"
"0.52950000","55.66000000","2024-06-13T18:36:37.905Z","sell"
"0.52950000","278.32000000","2024-06-13T18:36:20.096Z","sell"
"0.52990000","40.00000000","2024-06-13T18:33:14.513Z","sell"
"0.52850000","8.80000000","2024-06-13T18:33:10.478Z","sell"
"0.52820000","27.32000000","2024-06-13T18:30:55.503Z","buy"
"0.52850000","323.88000000","2024-06-13T18:30:36.055Z","sell"
"0.52890000","309.95000000","2024-06-13T18:26:43.891Z","buy"
"0.52960000","16.14000000","2024-06-13T18:25:55.836Z","buy"
"0.52950000","33.50000000","2024-06-13T18:25:21.284Z","sell"
"0.52890000","276.45000000","2024-06-13T18:22:44.589Z","sell"
"0.52830000","94.51000000","2024-06-13T18:22:22.543Z","buy"
"0.52880000","422.21000000","2024-06-13T18:22:10.075Z","buy"
"0.52920000","14.17000000","2024-06-13T18:20:13.858Z","sell"
"0.52920000","70.87000000","2024-06-13T18:17:36.012Z","sell"
"0.52880000","1743.41000000","2024-06-13T18:17:22.467Z","buy"
"0.52920000","3.87000000","2024-06-13T18:16:09.133Z","sell"
"0.52920000","201.71000000","2024-06-13T18:14:20.030Z","sell"
"0.53200000","27.36000000","2024-06-13T18:07:09.477Z","sell"
"0.53160000","17.71000000","2024-06-13T18:00:43.297Z","sell"
"0.53160000","35.43000000","2024-06-13T18:00:43.297Z","sell"
"0.53160000","8.31000000","2024-06-13T18:00:43.297Z","sell"
"0.53060000","4.31000000","2024-06-13T18:00:13.668Z","buy"
"0.53110000","35.93000000","2024-06-13T17:59:30.594Z","buy"
"0.53210000","25.59000000","2024-06-13T17:58:21.992Z","sell"
"0.53150000","79.17000000","2024-06-13T17:58:21.992Z","sell"
"0.53130000","3.69000000","2024-06-13T17:55:25.334Z","sell"
"0.53150000","1248.42000000","2024-06-13T17:52:44.647Z","sell"
"0.53130000","131.58000000","2024-06-13T17:52:44.647Z","sell"
"0.53110000","34.97000000","2024-06-13T17:50:46.643Z","sell"
"0.52900000","12.95000000","2024-06-13T17:47:43.863Z","buy"
"0.52900000","144.19000000","2024-06-13T17:41:14.891Z","sell"
"0.52760000","5.00000000","2024-06-13T17:35:27.606Z","sell"
"0.52680000","4.87000000","2024-06-13T17:25:51.988Z","buy"
"0.52660000","276.74000000","2024-06-13T17:24:53.606Z","buy"
"0.52830000","263.16000000","2024-06-13T17:23:37.328Z","buy"
"0.52970000","40.00000000","2024-06-13T17:18:34.919Z","sell"
"0.52970000","2241.14000000","2024-06-13T17:18:34.782Z","sell"
"0.52910000","98.86000000","2024-06-13T17:18:34.782Z","sell"
"0.52910000","60.97000000","2024-06-13T17:18:34.779Z","sell"
"0.52760000","248.26000000","2024-06-13T17:16:01.860Z","sell"
"0.52780000","223.35000000","2024-06-13T17:12:15.842Z","sell"
"0.52780000","921.52000000","2024-06-13T17:12:15.838Z","sell"
"0.52770000","159.83000000","2024-06-13T17:12:15.838Z","sell"
"0.52680000","5.00000000","2024-06-13T17:12:15.824Z","sell"
"0.52500000","96.87000000","2024-06-13T17:09:55.461Z","buy"
"0.52500000","12.29000000","2024-06-13T17:04:25.516Z","buy"
"0.52450000","57.77000000","2024-06-13T17:02:26.178Z","buy"
"0.52550000","1.06000000","2024-06-13T16:51:39.721Z","buy"
"0.52220000","9.28000000","2024-06-13T16:42:51.964Z","sell"
"0.51920000","195.71000000","2024-06-13T16:36:05.432Z","sell"
"0.51920000","381.98000000","2024-06-13T16:36:05.429Z","sell"
"0.51910000","408.00000000","2024-06-13T16:35:16.567Z","buy"
"0.52020000","127.12000000","2024-06-13T16:34:41.918Z","sell"
"0.52070000","95.87000000","2024-06-13T16:32:46.801Z","buy"
"0.52180000","744.20000000","2024-06-13T16:32:13.752Z","sell"
"0.52170000","319.65000000","2024-06-13T16:32:13.752Z","sell"
"0.52140000","935.31000000","2024-06-13T16:32:13.752Z","sell"
"0.52140000","446.97000000","2024-06-13T16:32:13.559Z","sell"
"0.52130000","1488.66000000","2024-06-13T16:32:13.559Z","sell"
"0.52090000","64.63000000","2024-06-13T16:32:13.559Z","sell"
"0.52150000","1009.26000000","2024-06-13T16:31:12.232Z","buy"
"0.52130000","215.83000000","2024-06-13T16:30:45.066Z","buy"
"0.52190000","93.20000000","2024-06-13T16:30:42.021Z","buy"
"0.52190000","68.48000000","2024-06-13T16:30:42.016Z","sell"
"0.52090000","122.38000000","2024-06-13T16:30:17.920Z","sell"
"0.52030000","1382.28000000","2024-06-13T16:28:56.968Z","buy"
"0.52000000","36.37000000","2024-06-13T16:27:29.673Z","sell"
"0.52000000","153.51000000","2024-06-13T16:27:29.673Z","sell"
"0.52000000","209.98000000","2024-06-13T16:27:29.664Z","sell"
"0.51820000","385.38000000","2024-06-13T16:25:32.195Z","buy"
"0.51810000","385.68000000","2024-06-13T16:25:22.185Z","buy"
"0.52050000","806.36000000","2024-06-13T16:25:01.865Z","buy"
"0.52060000","117.94000000","2024-06-13T16:25:01.865Z","buy"
"0.52110000","19.12000000","2024-06-13T16:25:01.836Z","buy"
"0.52130000","117.13000000","2024-06-13T16:25:01.822Z","buy"
"0.52140000","1409.26000000","2024-06-13T16:25:01.822Z","buy"
"0.52280000","1.87000000","2024-06-13T16:24:32.996Z","sell"
"0.52210000","2.90000000","2024-06-13T16:23:32.329Z","buy"
"0.52250000","228.92000000","2024-06-13T16:23:16.132Z","buy"
"0.52540000","90.67000000","2024-06-13T16:20:25.290Z","sell"
"0.52370000","49.13000000","2024-06-13T16:19:44.761Z","buy"
"0.52420000","166.21000000","2024-06-13T16:19:39.464Z","buy"
"0.52420000","7.57000000","2024-06-13T16:18:44.859Z","sell"
"0.52050000","94.03000000","2024-06-13T16:17:21.874Z","buy"
"0.52110000","235.07000000","2024-06-13T16:14:33.959Z","buy"
"0.52150000","19.12000000","2024-06-13T16:14:33.915Z","buy"
"0.52170000","34.84000000","2024-06-13T16:14:28.173Z","buy"
"0.52350000","408.09000000","2024-06-13T16:11:48.879Z","sell"
"0.52280000","20.93000000","2024-06-13T16:08:21.979Z","buy"
"0.52420000","214.84000000","2024-06-13T16:06:14.115Z","sell"
"0.52420000","437.75000000","2024-06-13T16:06:14.108Z","sell"
"0.52420000","175.03000000","2024-06-13T16:06:14.099Z","sell"
"0.52420000","200.60000000","2024-06-13T16:06:14.093Z","sell"
"0.52420000","169.17000000","2024-06-13T16:06:14.093Z","sell"
"0.51970000","1.92000000","2024-06-13T16:03:10.392Z","sell"
"0.51950000","301.59000000","2024-06-13T16:02:23.330Z","buy"
"0.51950000","7.98000000","2024-06-13T16:02:22.366Z","buy"
"0.51950000","74.82000000","2024-06-13T16:02:21.013Z","buy"
"0.51970000","5.00000000","2024-06-13T16:02:21.013Z","buy"
"0.52010000","971.45000000","2024-06-13T16:01:25.855Z","buy"
"0.52040000","0.03000000","2024-06-13T16:01:25.855Z","buy"
"0.52080000","28.75000000","2024-06-13T16:00:06.396Z","buy"
"0.52160000","57.42000000","2024-06-13T15:59:51.291Z","buy"
"0.52170000","156.38000000","2024-06-13T15:59:00.721Z","sell"
"0.52170000","157.78000000","2024-06-13T15:59:00.718Z","sell"
"0.52170000","203.86000000","2024-06-13T15:59:00.685Z","sell"
"0.52120000","232.02000000","2024-06-13T15:57:20.492Z","sell"
"0.52070000","0.03000000","2024-06-13T15:56:50.101Z","buy"
"0.52090000","38.33000000","2024-06-13T15:56:50.101Z","buy"
"0.52120000","1153.00000000","2024-06-13T15:56:43.455Z","buy"
"0.52130000","177.11000000","2024-06-13T15:56:14.566Z","buy"
"0.52180000","95.66000000","2024-06-13T15:53:56.566Z","buy"
"0.52150000","0.03000000","2024-06-13T15:53:56.156Z","buy"
"0.52430000","44.40000000","2024-06-13T15:49:50.269Z","sell"
"0.52560000","2381.16000000","2024-06-13T15:48:40.989Z","sell"
"0.52540000","5568.21000000","2024-06-13T15:48:40.989Z","sell"
"0.52490000","427.00000000","2024-06-13T15:48:40.989Z","sell"
"0.52480000","3000.00000000","2024-06-13T15:48:40.989Z","sell"
"0.52430000","1907.30000000","2024-06-13T15:48:40.989Z","sell"
"0.52400000","1013.08000000","2024-06-13T15:48:40.989Z","sell"
"0.52390000","1344.00000000","2024-06-13T15:48:40.989Z","sell"
"0.52470000","9.24000000","2024-06-13T15:47:55.590Z","sell"
"0.52410000","53.74000000","2024-06-13T15:44:31.457Z","sell"
"0.52280000","36.34000000","2024-06-13T15:44:14.322Z","buy"
"0.52210000","10.23000000","2024-06-13T15:43:58.874Z","buy"
"0.52500000","180.57000000","2024-06-13T15:42:33.405Z","sell"
"0.52440000","18.33000000","2024-06-13T15:42:33.405Z","sell"
"0.52430000","0.03000000","2024-06-13T15:42:29.656Z","buy"
"0.52460000","0.03000000","2024-06-13T15:42:22.256Z","buy"
"0.52500000","20.00000000","2024-06-13T15:42:22.256Z","buy"
"0.52540000","0.03000000","2024-06-13T15:42:14.083Z","buy"
"0.52550000","1382.28000000","2024-06-13T15:41:44.923Z","sell"
"0.52630000","35.93000000","2024-06-13T15:35:26.520Z","buy"
"0.52750000","18.49000000","2024-06-13T15:32:40.734Z","sell"
"0.52680000","189.52000000","2024-06-13T15:31:41.708Z","buy"
"0.52680000","5.00000000","2024-06-13T15:31:41.708Z","buy"
"0.52760000","9.84000000","2024-06-13T15:31:02.028Z","buy"
"0.52750000","89.97000000","2024-06-13T15:30:02.856Z","buy"
"0.52760000","473.08000000","2024-06-13T15:28:44.171Z","buy"
"0.52830000","0.03000000","2024-06-13T15:28:39.285Z","buy"
"0.52850000","0.03000000","2024-06-13T15:28:34.775Z","buy"
"0.52940000","0.03000000","2024-06-13T15:28:15.720Z","buy"
"0.52970000","172.34000000","2024-06-13T15:26:48.760Z","buy"
"0.53220000","0.03000000","2024-06-13T15:24:33.589Z","buy"
"0.53250000","0.03000000","2024-06-13T15:23:36.428Z","buy"
"0.53310000","100.00000000","2024-06-13T15:21:18.676Z","sell"
"0.53330000","0.03000000","2024-06-13T15:21:16.004Z","buy"
"0.53380000","5.00000000","2024-06-13T15:20:58.362Z","buy"
"0.53480000","26.62000000","2024-06-13T15:16:31.932Z","sell"
"0.53480000","257.88000000","2024-06-13T15:16:31.926Z","buy"
"0.53490000","120.49000000","2024-06-13T15:16:31.926Z","buy"
"0.53620000","0.03000000","2024-06-13T15:15:29.252Z","buy"
"0.53680000","247.73000000","2024-06-13T15:06:13.726Z","buy"
"0.54030000","562.26000000","2024-06-13T15:00:46.260Z","buy"
"0.54170000","259.50000000","2024-06-13T14:59:53.947Z","sell"
"0.54200000","331.12000000","2024-06-13T14:59:22.398Z","sell"
"0.54190000","11.83000000","2024-06-13T14:59:22.373Z","buy"
"0.54200000","130.22000000","2024-06-13T14:59:22.349Z","buy"
"0.54330000","139.32000000","2024-06-13T14:58:12.421Z","buy"
"0.54420000","367.35000000","2024-06-13T14:57:44.502Z","buy"
"0.54660000","91.07000000","2024-06-13T14:56:33.578Z","sell"
"0.54400000","101.57000000","2024-06-13T14:55:32.161Z","buy"
"0.54460000","227.24000000","2024-06-13T14:55:20.222Z","buy"
"0.54510000","302.61000000","2024-06-13T14:54:56.321Z","buy"
"0.54570000","402.84000000","2024-06-13T14:54:49.227Z","sell"
"0.54540000","458.93000000","2024-06-13T14:54:14.968Z","buy"
"0.54180000","1946.76000000","2024-06-13T14:53:22.308Z","buy"
"0.54190000","319.65000000","2024-06-13T14:53:22.308Z","buy"
"0.54200000","354.00000000","2024-06-13T14:53:22.308Z","buy"
"0.54270000","1503.73000000","2024-06-13T14:53:22.308Z","buy"
"0.54280000","3000.00000000","2024-06-13T14:53:22.308Z","buy"
"0.54280000","401.00000000","2024-06-13T14:53:22.308Z","buy"
"0.54290000","18.33000000","2024-06-13T14:53:22.308Z","buy"
"0.54290000","1081.83000000","2024-06-13T14:53:22.308Z","buy"
"0.54360000","1382.28000000","2024-06-13T14:53:22.308Z","buy"
"0.54260000","16.93000000","2024-06-13T14:46:10.248Z","sell"
"0.54250000","6.97000000","2024-06-13T14:46:07.885Z","buy"
"0.54260000","2360.00000000","2024-06-13T14:46:07.790Z","sell"
"0.54260000","33.26000000","2024-06-13T14:46:07.640Z","sell"
"0.54260000","3954.14000000","2024-06-13T14:46:07.621Z","sell"
"0.54260000","457.35000000","2024-06-13T14:45:52.647Z","sell"
"0.54260000","87.57000000","2024-06-13T14:45:52.638Z","sell"
"0.54260000","332.76000000","2024-06-13T14:45:52.629Z","sell"
"0.54260000","72.44000000","2024-06-13T14:45:52.625Z","sell"
"0.54260000","790.58000000","2024-06-13T14:45:52.617Z","sell"
"0.54250000","162.68000000","2024-06-13T14:45:52.617Z","sell"
"0.54260000","39.22000000","2024-06-13T14:45:52.580Z","sell"
"0.54250000","119.04000000","2024-06-13T14:45:52.580Z","sell"
"0.54090000","4.04000000","2024-06-13T14:44:33.318Z","buy"
"0.54090000","8.17000000","2024-06-13T14:44:30.384Z","buy"
"0.54090000","7.60000000","2024-06-13T14:44:28.116Z","buy"
"0.54090000","10.58000000","2024-06-13T14:44:25.595Z","buy"
"0.54090000","11.22000000","2024-06-13T14:44:22.847Z","buy"
"0.54090000","12.92000000","2024-06-13T14:44:19.950Z","buy"
"0.54090000","7.48000000","2024-06-13T14:44:16.619Z","buy"
"0.54090000","4.24000000","2024-06-13T14:44:13.790Z","buy"
"0.54090000","11.50000000","2024-06-13T14:44:11.093Z","buy"
"0.54090000","4.86000000","2024-06-13T14:44:08.127Z","buy"
"0.54090000","10.78000000","2024-06-13T14:44:05.760Z","buy"
"0.54090000","7.03000000","2024-06-13T14:44:03.058Z","buy"
"0.54090000","8.13000000","2024-06-13T14:44:00.243Z","buy"
"0.54090000","11.80000000","2024-06-13T14:43:57.122Z","buy"
"0.54090000","13.16000000","2024-06-13T14:43:55.020Z","buy"
"0.54090000","16.70000000","2024-06-13T14:43:50.254Z","buy"
"0.54090000","18.25000000","2024-06-13T14:43:44.602Z","buy"
"0.54090000","14.83000000","2024-06-13T14:43:41.841Z","buy"
"0.54190000","729.38000000","2024-06-13T14:42:02.379Z","sell"
"0.54220000","153.00000000","2024-06-13T14:40:59.049Z","sell"
"0.54230000","13.65000000","2024-06-13T14:40:57.772Z","buy"
"0.54230000","1256.35000000","2024-06-13T14:40:56.965Z","buy"
"0.54180000","202.52000000","2024-06-13T14:39:57.896Z","sell"
"0.53810000","305.77000000","2024-06-13T14:39:03.013Z","buy"
"0.53810000","416.00000000","2024-06-13T14:39:03.013Z","buy"
"0.53820000","3000.00000000","2024-06-13T14:39:03.013Z","buy"
"0.53890000","346.00000000","2024-06-13T14:39:03.013Z","buy"
"0.53900000","202.59000000","2024-06-13T14:39:03.013Z","buy"
"0.53920000","1382.28000000","2024-06-13T14:39:03.013Z","buy"
"0.53940000","1382.28000000","2024-06-13T14:39:03.013Z","buy"
"0.53950000","965.08000000","2024-06-13T14:39:03.013Z","buy"
"0.54120000","11.98000000","2024-06-13T14:38:49.034Z","sell"
"0.53590000","86.28000000","2024-06-13T14:34:36.375Z","sell"
"0.53480000","113.00000000","2024-06-13T14:33:33.684Z","sell"
"0.53800000","253.71000000","2024-06-13T14:21:32.130Z","sell"
"0.53730000","252.26000000","2024-06-13T14:17:32.309Z","sell"
"0.53960000","960.00000000","2024-06-13T14:11:30.131Z","sell"
"0.53930000","90.60000000","2024-06-13T14:10:01.813Z","buy"
"0.53710000","236.66000000","2024-06-13T14:05:51.827Z","sell"
"0.53710000","37.03000000","2024-06-13T14:05:51.827Z","sell"
"0.53700000","348.58000000","2024-06-13T14:04:42.939Z","sell"
"0.53860000","18.51000000","2024-06-13T13:54:53.627Z","buy"
"0.53880000","107.95000000","2024-06-13T13:54:53.424Z","buy"
"0.53950000","1166.00000000","2024-06-13T13:53:54.533Z","sell"
"0.53940000","1082.68000000","2024-06-13T13:53:52.464Z","buy"
"0.53830000","41.97000000","2024-06-13T13:53:34.585Z","buy"
"0.53740000","465.87000000","2024-06-13T13:52:51.925Z","buy"
"0.53860000","1.84000000","2024-06-13T13:52:32.493Z","sell"
"0.53880000","1.35000000","2024-06-13T13:50:30.298Z","buy"
"0.53890000","476.77000000","2024-06-13T13:50:13.576Z","buy"
"0.53990000","465.06000000","2024-06-13T13:49:20.802Z","sell"
"0.53970000","1382.28000000","2024-06-13T13:49:20.802Z","sell"
"0.53560000","1.00000000","2024-06-13T13:42:56.069Z","buy"
"0.53940000","724.43000000","2024-06-13T13:37:47.098Z","sell"
"0.53850000","1382.28000000","2024-06-13T13:37:47.098Z","sell"
"0.53880000","24.81000000","2024-06-13T13:36:59.160Z","sell"
"0.53820000","865.06000000","2024-06-13T13:36:43.461Z","buy"
"0.54140000","1242.38000000","2024-06-13T13:29:51.388Z","sell"
"0.54130000","800.00000000","2024-06-13T13:29:51.388Z","sell"
"0.54130000","925.21000000","2024-06-13T13:29:51.388Z","sell"
"0.54080000","172.41000000","2024-06-13T13:29:51.388Z","sell"
"0.53790000","143.19000000","2024-06-13T13:26:48.483Z","sell"
"0.53860000","90.84000000","2024-06-13T13:26:10.966Z","sell"
"0.53800000","280.74000000","2024-06-13T13:25:35.614Z","sell"
"0.53800000","658.75000000","2024-06-13T13:25:35.612Z","sell"
"0.53680000","7.78000000","2024-06-13T13:20:37.813Z","sell"
"0.53650000","760.04000000","2024-06-13T13:19:20.466Z","buy"
"0.53720000","315.80000000","2024-06-13T13:15:57.195Z","sell"
"0.53750000","444.24000000","2024-06-13T13:15:08.989Z","sell"
"0.53760000","837.04000000","2024-06-13T13:13:58.738Z","buy"
"0.53640000","201.94000000","2024-06-13T13:09:28.876Z","buy"
"0.53620000","152.55000000","2024-06-13T13:09:28.832Z","buy"
"0.53890000","70.47000000","2024-06-13T13:06:34.447Z","buy"
"0.53990000","91.65000000","2024-06-13T13:02:56.579Z","sell"
"0.54230000","125.98000000","2024-06-13T13:00:26.781Z","sell"
"0.54230000","165.44000000","2024-06-13T13:00:26.768Z","sell"
"0.54120000","2346.48000000","2024-06-13T12:56:53.853Z","sell"
"0.54070000","133.52000000","2024-06-13T12:56:53.853Z","sell"
"0.54060000","339.77000000","2024-06-13T12:56:53.848Z","sell"
"0.54060000","560.34000000","2024-06-13T12:56:53.845Z","sell"
"0.53940000","94.87000000","2024-06-13T12:56:44.532Z","buy"
"0.53830000","18.52000000","2024-06-13T12:55:29.015Z","buy"
"0.53850000","1188.11000000","2024-06-13T12:55:29.015Z","buy"
"0.54090000","5.00000000","2024-06-13T12:53:24.264Z","buy"
"0.54320000","1.84000000","2024-06-13T12:50:11.862Z","buy"
"0.54450000","780.00000000","2024-06-13T12:49:31.032Z","sell"
"0.54450000","80.00000000","2024-06-13T12:49:31.032Z","sell"
"0.54430000","3000.00000000","2024-06-13T12:49:30.846Z","sell"
"0.54430000","1467.83000000","2024-06-13T12:49:30.836Z","sell"
"0.54410000","172.17000000","2024-06-13T12:49:30.836Z","sell"
"0.54350000","18.32000000","2024-06-13T12:49:30.728Z","sell"
"0.54350000","399.00000000","2024-06-13T12:49:30.728Z","sell"
"0.54340000","1144.73000000","2024-06-13T12:49:30.728Z","sell"
"0.54370000","18.32000000","2024-06-13T12:42:57.047Z","buy"
"0.54380000","1360.00000000","2024-06-13T12:42:57.000Z","buy"
"0.54380000","466.21000000","2024-06-13T12:42:56.999Z","buy"
"0.54630000","176.14000000","2024-06-13T12:39:22.345Z","buy"
"0.54660000","294.96000000","2024-06-13T12:39:22.345Z","buy"
"0.54800000","5.00000000","2024-06-13T12:39:22.345Z","buy"
"0.55180000","466.21000000","2024-06-13T12:34:27.978Z","sell"
"0.55670000","897.47000000","2024-06-13T12:32:41.534Z","buy"
"0.55550000","81.54000000","2024-06-13T12:32:30.563Z","buy"
"0.55740000","89.04000000","2024-06-13T12:32:10.148Z","sell"
"0.55530000","131.02000000","2024-06-13T12:31:55.106Z","sell"
"0.55510000","740.53000000","2024-06-13T12:31:55.103Z","sell"
"0.55510000","5.00000000","2024-06-13T12:31:55.103Z","sell"
"0.55250000","89.93000000","2024-06-13T12:30:24.151Z","sell"
"0.54790000","20.92000000","2024-06-13T12:30:04.788Z","sell"
"0.54720000","17.41000000","2024-06-13T12:28:42.383Z","buy"
"0.54480000","6.70000000","2024-06-13T12:24:27.391Z","buy"
"0.54680000","726.33000000","2024-06-13T12:17:03.234Z","buy"
"0.54300000","46.19000000","2024-06-13T12:15:06.963Z","buy"
"0.54340000","3.51000000","2024-06-13T12:14:50.169Z","buy"
"0.54530000","82.53000000","2024-06-13T12:09:11.920Z","buy"
"0.54690000","120.00000000","2024-06-13T12:08:13.970Z","sell"
"0.54540000","2.38000000","2024-06-13T12:07:59.915Z","buy"
"0.54520000","119.01000000","2024-06-13T12:07:40.172Z","sell"
"0.54520000","373.18000000","2024-06-13T12:07:40.168Z","sell"
"0.54710000","23.22000000","2024-06-13T12:02:49.894Z","buy"
"0.54500000","234.14000000","2024-06-13T11:57:17.227Z","sell"
"0.54920000","12.88000000","2024-06-13T11:53:20.042Z","buy"
"0.54860000","12.48000000","2024-06-13T11:53:00.128Z","buy"
"0.54940000","17.96000000","2024-06-13T11:52:19.117Z","buy"
"0.54900000","16.17000000","2024-06-13T11:52:05.422Z","buy"
"0.54880000","13.85000000","2024-06-13T11:51:25.635Z","buy"
"0.55030000","1382.28000000","2024-06-13T11:50:24.463Z","buy"
"0.55080000","9.39000000","2024-06-13T11:50:10.983Z","buy"
"0.55060000","49.85000000","2024-06-13T11:49:15.561Z","sell"
"0.55040000","12.98000000","2024-06-13T11:47:59.729Z","buy"
"0.55110000","95.86000000","2024-06-13T11:47:50.133Z","sell"
"0.55040000","8.69000000","2024-06-13T11:47:44.621Z","buy"
"0.55040000","6.53000000","2024-06-13T11:47:31.200Z","buy"
"0.54960000","6.53000000","2024-06-13T11:46:19.156Z","buy"
"0.54930000","3.81000000","2024-06-13T11:45:50.691Z","buy"
"0.54940000","8.46000000","2024-06-13T11:45:46.057Z","buy"
"0.54980000","89.65000000","2024-06-13T11:45:28.433Z","buy"
"0.54980000","11.11000000","2024-06-13T11:45:27.067Z","buy"
"0.55010000","17.74000000","2024-06-13T11:45:12.629Z","buy"
"0.55060000","9.11000000","2024-06-13T11:44:24.622Z","buy"
"0.55010000","7.17000000","2024-06-13T11:44:09.617Z","buy"
"0.55050000","16.24000000","2024-06-13T11:43:41.072Z","buy"
"0.55020000","386.93000000","2024-06-13T11:36:56.549Z","sell"
"0.55020000","995.35000000","2024-06-13T11:36:56.546Z","sell"
"0.54820000","8.86000000","2024-06-13T11:36:11.625Z","buy"
"0.54860000","11.63000000","2024-06-13T11:35:24.619Z","buy"
"0.54940000","4.41000000","2024-06-13T11:34:57.323Z","buy"
"0.55140000","5.75000000","2024-06-13T11:31:43.808Z","sell"
"0.55160000","260.14000000","2024-06-13T11:30:30.138Z","sell"
"0.55150000","1159.82000000","2024-06-13T11:30:30.138Z","sell"
"0.55090000","596.67000000","2024-06-13T11:30:27.383Z","buy"
"0.55140000","1382.28000000","2024-06-13T11:30:26.247Z","sell"
"0.55090000","16.10000000","2024-06-13T11:30:25.628Z","buy"
"0.55150000","1197.71000000","2024-06-13T11:30:24.770Z","sell"
"0.55090000","10.67000000","2024-06-13T11:30:22.782Z","buy"
"0.55260000","258.45000000","2024-06-13T11:29:23.686Z","sell"
"0.55200000","39.58000000","2024-06-13T11:29:23.651Z","sell"
"0.55200000","171.29000000","2024-06-13T11:29:23.640Z","sell"
"0.55170000","8.13000000","2024-06-13T11:27:27.456Z","sell"
"0.55100000","192.75000000","2024-06-13T11:27:09.657Z","sell"
"0.55080000","1687.25000000","2024-06-13T11:27:09.657Z","sell"
"0.54700000","1.95000000","2024-06-13T11:25:25.313Z","buy"
"0.54470000","230.75000000","2024-06-13T11:14:31.553Z","sell"
"0.54370000","66.00000000","2024-06-13T11:13:07.067Z","buy"
"0.54370000","732.34000000","2024-06-13T11:12:15.161Z","sell"
"0.54280000","2.66000000","2024-06-13T11:11:48.675Z","buy"
"0.54330000","4.64000000","2024-06-13T11:11:11.132Z","buy"
"0.54330000","9.90000000","2024-06-13T11:10:59.907Z","buy"
"0.54510000","172.26000000","2024-06-13T11:09:54.068Z","buy"
"0.54800000","26.44000000","2024-06-13T11:07:21.507Z","sell"
"0.54790000","117.66000000","2024-06-13T11:07:21.507Z","sell"
"0.54790000","223.45000000","2024-06-13T11:07:21.507Z","sell"
"0.54780000","1514.99000000","2024-06-13T11:07:21.507Z","sell"
"0.54770000","863.55000000","2024-06-13T11:07:21.507Z","sell"
"0.54750000","93.91000000","2024-06-13T11:07:21.507Z","sell"
"0.54790000","1025.81000000","2024-06-13T11:02:01.668Z","sell"
"0.54800000","5.00000000","2024-06-13T11:01:34.583Z","sell"
"0.54760000","172.34000000","2024-06-13T11:01:29.898Z","sell"
"0.54590000","79.17000000","2024-06-13T10:55:49.126Z","sell"
"0.54280000","14.48000000","2024-06-13T10:50:02.051Z","sell"
"0.54170000","1020.00000000","2024-06-13T10:49:18.643Z","buy"
"0.54370000","21.45000000","2024-06-13T10:48:03.074Z","sell"
"0.54200000","9.62000000","2024-06-13T10:47:25.592Z","buy"
"0.54310000","3.67000000","2024-06-13T10:43:51.781Z","buy"
"0.53930000","1220.00000000","2024-06-13T10:38:24.483Z","sell"
"0.53930000","2168.35000000","2024-06-13T10:38:24.481Z","sell"
"0.53920000","91.65000000","2024-06-13T10:38:24.481Z","sell"
"0.53830000","335.67000000","2024-06-13T10:38:24.430Z","sell"
"0.53460000","8.94000000","2024-06-13T10:30:36.661Z","buy"
"0.53680000","944.28000000","2024-06-13T10:21:10.983Z","sell"
"0.53650000","1712.49000000","2024-06-13T10:21:10.983Z","sell"
"0.53730000","110.90000000","2024-06-13T10:19:59.455Z","sell"
"0.53680000","69.79000000","2024-06-13T10:19:59.455Z","sell"
"0.53760000","18.04000000","2024-06-13T10:17:33.408Z","sell"
"0.53560000","76.22000000","2024-06-13T10:11:32.540Z","sell"
"0.53550000","8.94000000","2024-06-13T10:08:56.867Z","sell"
"0.53710000","46.19000000","2024-06-13T09:46:42.466Z","sell"
"0.53580000","46.12000000","2024-06-13T09:39:09.919Z","buy"
"0.53560000","1.83000000","2024-06-13T09:38:57.411Z","buy"
"0.53610000","1.81000000","2024-06-13T09:35:43.826Z","sell"
"0.53950000","36.88000000","2024-06-13T09:08:35.961Z","sell"
"0.54030000","24.69000000","2024-06-13T08:54:21.510Z","sell"
"0.53880000","556.43000000","2024-06-13T08:50:16.508Z","buy"
"0.53870000","1.86000000","2024-06-13T08:39:13.778Z","sell"
"0.54060000","18.45000000","2024-06-13T08:23:18.647Z","buy"
"0.54230000","320.00000000","2024-06-13T08:22:14.048Z","sell"
"0.54090000","940.00000000","2024-06-13T08:21:27.437Z","sell"
"0.53950000","9.17000000","2024-06-13T08:20:24.346Z","sell"
"0.54410000","140.00000000","2024-06-13T08:08:08.997Z","sell"
"0.54280000","27.55000000","2024-06-13T07:58:57.746Z","buy"
"0.54150000","5.40000000","2024-06-13T07:54:33.605Z","buy"
"0.53840000","120.36000000","2024-06-13T07:48:42.016Z","buy"
"0.53990000","6.40000000","2024-06-13T07:41:34.545Z","buy"
"0.53700000","574.88000000","2024-06-13T07:32:25.180Z","sell"
"0.53700000","17.75000000","2024-06-13T07:32:25.093Z","buy"
"0.53800000","343.81000000","2024-06-13T07:31:34.899Z","buy"
"0.53830000","248.81000000","2024-06-13T07:31:34.899Z","buy"
"0.53960000","141.53000000","2024-06-13T07:30:27.678Z","buy"
"0.53980000","106.11000000","2024-06-13T07:29:29.177Z","buy"
"0.54080000","13.93000000","2024-06-13T07:28:52.682Z","sell"
"0.54070000","4.38000000","2024-06-13T07:28:52.682Z","sell"
"0.54150000","162.58000000","2024-06-13T07:27:06.465Z","buy"
"0.54150000","7.28000000","2024-06-13T07:27:00.642Z","buy"
"0.54150000","12.01000000","2024-06-13T07:26:53.488Z","buy"
"0.54150000","6.12000000","2024-06-13T07:26:45.546Z","buy"
"0.54050000","11.50000000","2024-06-13T07:26:04.034Z","buy"
"0.54050000","4.57000000","2024-06-13T07:26:04.024Z","buy"
"0.54050000","6.93000000","2024-06-13T07:26:04.024Z","buy"
"0.54050000","11.50000000","2024-06-13T07:26:04.015Z","buy"
"0.54290000","102.61000000","2024-06-13T07:25:44.362Z","buy"
"0.54290000","225.79000000","2024-06-13T07:25:44.355Z","buy"
"0.54290000","55.36000000","2024-06-13T07:25:44.350Z","buy"
"0.54290000","209.39000000","2024-06-13T07:25:44.345Z","sell"
"0.54280000","156.47000000","2024-06-13T07:25:44.345Z","sell"
"0.54090000","5.00000000","2024-06-13T07:24:19.979Z","sell"
"0.53780000","55.36000000","2024-06-13T07:21:53.238Z","sell"
"0.53890000","720.35000000","2024-06-13T07:21:53.093Z","sell"
"0.53890000","400.00000000","2024-06-13T07:21:53.093Z","sell"
"0.53880000","319.65000000","2024-06-13T07:21:53.093Z","sell"
"0.53650000","0.46000000","2024-06-13T07:21:47.126Z","buy"
"0.53530000","1380.70000000","2024-06-13T07:19:57.830Z","buy"
"0.53500000","0.50000000","2024-06-13T07:18:29.572Z","buy"
"0.53510000","93.38000000","2024-06-13T07:16:59.842Z","buy"
"0.53500000","303.89000000","2024-06-13T07:16:04.508Z","buy"
"0.53500000","143.78000000","2024-06-13T06:45:12.687Z","buy"
"0.53580000","9.80000000","2024-06-13T06:42:39.680Z","buy"
"0.53590000","97.19000000","2024-06-13T06:42:39.680Z","buy"
"0.53800000","46.12000000","2024-06-13T06:41:07.882Z","sell"
"0.53650000","18.57000000","2024-06-13T06:41:00.055Z","buy"
"0.53660000","74.80000000","2024-06-13T06:41:00.055Z","buy"
"0.53660000","18.57000000","2024-06-13T06:41:00.045Z","buy"
"0.53800000","59.19000000","2024-06-13T06:18:33.457Z","buy"
"0.53890000","18.48000000","2024-06-13T06:18:17.179Z","buy"
"0.54100000","73.71000000","2024-06-13T06:15:08.448Z","buy"
"0.54170000","75.30000000","2024-06-13T06:12:19.961Z","buy"
"0.54160000","15.19000000","2024-06-13T06:12:19.531Z","buy"
"0.54440000","18.31000000","2024-06-13T06:04:28.853Z","buy"
"0.54440000","392.00000000","2024-06-13T06:04:28.853Z","buy"
"0.54470000","1.15000000","2024-06-13T06:04:11.104Z","buy"
"0.54640000","115.17000000","2024-06-13T06:03:34.409Z","sell"
"0.54630000","80.00000000","2024-06-13T06:03:34.409Z","sell"
"0.54630000","319.65000000","2024-06-13T06:03:34.409Z","sell"
"0.54580000","5.18000000","2024-06-13T06:03:34.409Z","sell"
"0.54580000","31.44000000","2024-06-13T06:03:34.344Z","sell"
"0.54580000","128.56000000","2024-06-13T06:03:34.344Z","sell"
"0.54420000","1140.60000000","2024-06-13T06:02:15.959Z","buy"
"0.54380000","320.00000000","2024-06-13T06:02:14.461Z","buy"
"0.54420000","18.31000000","2024-06-13T06:02:14.461Z","buy"
"0.54370000","3817.81000000","2024-06-13T06:02:13.761Z","buy"
"0.54400000","300.00000000","2024-06-13T06:02:13.761Z","buy"
"0.54430000","37.88000000","2024-06-13T06:02:13.761Z","buy"
"0.54440000","298.00000000","2024-06-13T06:02:12.829Z","buy"
"0.54450000","162.54000000","2024-06-13T06:02:12.829Z","buy"
"0.54450000","3000.00000000","2024-06-13T06:02:12.829Z","buy"
"0.54450000","18.31000000","2024-06-13T06:02:12.829Z","buy"
"0.54460000","1382.28000000","2024-06-13T06:02:10.927Z","buy"
"0.54460000","3000.00000000","2024-06-13T06:02:07.071Z","buy"
"0.54470000","173.46000000","2024-06-13T06:02:07.071Z","buy"
"0.54470000","1382.28000000","2024-06-13T06:02:06.274Z","buy"
"0.54470000","813.19000000","2024-06-13T06:02:06.274Z","buy"
"0.54520000","1382.28000000","2024-06-13T06:02:03.449Z","buy"
"0.54520000","1382.28000000","2024-06-13T06:02:00.670Z","buy"
"0.54460000","179.48000000","2024-06-13T06:00:33.196Z","sell"
"0.54340000","257.05000000","2024-06-13T06:00:33.196Z","sell"
"0.54420000","93.89000000","2024-06-13T06:00:33.143Z","sell"
"0.54420000","217.72000000","2024-06-13T06:00:33.140Z","sell"
"0.54340000","93.89000000","2024-06-13T06:00:33.140Z","sell"
"0.54420000","11.18000000","2024-06-13T06:00:33.137Z","sell"
"0.54340000","311.61000000","2024-06-13T06:00:33.137Z","sell"
"0.54340000","279.17000000","2024-06-13T06:00:33.137Z","sell"
"0.54340000","105.10000000","2024-06-13T06:00:33.024Z","sell"
"0.54340000","298.64000000","2024-06-13T06:00:33.021Z","sell"
"0.54460000","146.13000000","2024-06-13T06:00:32.999Z","sell"
"0.54410000","101.04000000","2024-06-13T06:00:32.999Z","sell"
"0.52530000","4507.87000000","2024-06-13T06:00:32.918Z","buy"
"0.52540000","474.97000000","2024-06-13T06:00:32.918Z","buy"
"0.52550000","282.32000000","2024-06-13T06:00:32.918Z","buy"
"0.52560000","1059.23000000","2024-06-13T06:00:32.918Z","buy"
"0.52680000","5.00000000","2024-06-13T06:00:32.918Z","buy"
"0.52690000","1213.08000000","2024-06-13T06:00:32.918Z","buy"
"0.52760000","259.34000000","2024-06-13T06:00:32.918Z","buy"
"0.52770000","990.17000000","2024-06-13T06:00:32.918Z","buy"
"0.52790000","980.99000000","2024-06-13T06:00:32.918Z","buy"
"0.52970000","172.34000000","2024-06-13T06:00:32.897Z","buy"
"0.52980000","1339.11000000","2024-06-13T06:00:32.897Z","buy"
"0.52990000","2192.40000000","2024-06-13T06:00:32.897Z","buy"
"0.54300000","288.68000000","2024-06-13T06:00:32.897Z","buy"
"0.54300000","122.34000000","2024-06-13T06:00:32.897Z","buy"
"0.54310000","451.54000000","2024-06-13T06:00:32.897Z","buy"
"0.53120000","296.62000000","2024-06-13T06:00:32.868Z","buy"
"0.53180000","8040.08000000","2024-06-13T06:00:32.868Z","buy"
"0.53190000","2174.78000000","2024-06-13T06:00:32.868Z","buy"
"0.53300000","246.31000000","2024-06-13T06:00:32.868Z","buy"
"0.53350000","268.97000000","2024-06-13T06:00:32.868Z","buy"
"0.53450000","228.25000000","2024-06-13T06:00:32.868Z","buy"
"0.53740000","221.74000000","2024-06-13T06:00:32.868Z","buy"
"0.53830000","180.91000000","2024-06-13T06:00:32.868Z","buy"
"0.53870000","6850.53000000","2024-06-13T06:00:32.868Z","buy"
"0.53880000","4175.90000000","2024-06-13T06:00:32.868Z","buy"
"0.53950000","259.76000000","2024-06-13T06:00:32.868Z","buy"
"0.54070000","247.34000000","2024-06-13T06:00:32.868Z","buy"
"0.54090000","5.00000000","2024-06-13T06:00:32.868Z","buy"
"0.54140000","2862.90000000","2024-06-13T06:00:32.868Z","buy"
"0.54150000","256.25000000","2024-06-13T06:00:32.868Z","buy"
"0.54210000","251.82000000","2024-06-13T06:00:32.868Z","buy"
"0.54220000","11510.93000000","2024-06-13T06:00:32.868Z","buy"
"0.54230000","367.79000000","2024-06-13T06:00:32.868Z","buy"
"0.54240000","219.76000000","2024-06-13T06:00:32.868Z","buy"
"0.54270000","104.19000000","2024-06-13T06:00:32.868Z","buy"
"0.54290000","5320.89000000","2024-06-13T06:00:32.868Z","buy"
"0.54420000","1837.50000000","2024-06-13T06:00:32.868Z","buy"
"0.54430000","344.00000000","2024-06-13T06:00:32.868Z","buy"
"0.54480000","200.00000000","2024-06-13T06:00:32.868Z","buy"
"0.54530000","334.00000000","2024-06-13T06:00:32.868Z","buy"
"0.54550000","1016.42000000","2024-06-13T06:00:32.868Z","buy"
"0.54570000","3000.00000000","2024-06-13T06:00:32.868Z","buy"
"0.54580000","107.94000000","2024-06-13T06:00:32.868Z","buy"
"0.54580000","1382.28000000","2024-06-13T06:00:32.868Z","buy"
"0.54560000","3.49000000","2024-06-13T06:00:20.913Z","buy"
"0.54820000","1074.77000000","2024-06-13T05:55:59.944Z","buy"
"0.54830000","80.00000000","2024-06-13T05:55:59.944Z","buy"
"0.54830000","199.23000000","2024-06-13T05:55:59.944Z","buy"
"0.55120000","296.66000000","2024-06-13T05:51:35.693Z","sell"
"0.54860000","18.70000000","2024-06-13T05:50:50.367Z","buy"
"0.54970000","66.84000000","2024-06-13T05:50:34.034Z","sell"
"0.54960000","23.72000000","2024-06-13T05:50:34.034Z","sell"
"0.54970000","15.23000000","2024-06-13T05:49:47.474Z","buy"
"0.54970000","987.78000000","2024-06-13T05:49:44.231Z","buy"
"0.54960000","54.33000000","2024-06-13T05:49:44.226Z","sell"
"0.55360000","246.72000000","2024-06-13T05:44:16.033Z","sell"
"0.55350000","193.28000000","2024-06-13T05:44:16.033Z","sell"
"0.55350000","206.72000000","2024-06-13T05:44:16.030Z","sell"
"0.55350000","40.00000000","2024-06-13T05:44:16.030Z","sell"
"0.55340000","191.09000000","2024-06-13T05:44:16.030Z","sell"
"0.55340000","2.19000000","2024-06-13T05:44:16.030Z","sell"
"0.55340000","77.81000000","2024-06-13T05:44:16.028Z","sell"
"0.55270000","362.19000000","2024-06-13T05:44:16.028Z","sell"
"0.54800000","139.09000000","2024-06-13T05:35:03.474Z","buy"
"0.54490000","64.07000000","2024-06-13T05:25:01.381Z","buy"
"0.54490000","64.04000000","2024-06-13T05:24:27.607Z","buy"
"0.54710000","20.01000000","2024-06-13T05:17:41.337Z","sell"
"0.54830000","2112.27000000","2024-06-13T05:14:06.015Z","sell"
"0.54830000","696.67000000","2024-06-13T05:14:05.961Z","sell"
"0.54800000","5.00000000","2024-06-13T05:14:05.961Z","sell"
"0.54760000","172.34000000","2024-06-13T05:13:32.842Z","sell"
"0.54560000","45.50000000","2024-06-13T05:11:21.512Z","sell"
"0.54370000","68.27000000","2024-06-13T05:10:30.787Z","sell"
"0.54440000","639.98000000","2024-06-13T05:08:58.161Z","sell"
"0.54440000","762.16000000","2024-06-13T05:08:58.161Z","sell"
"0.54370000","2094.90000000","2024-06-13T05:08:48.486Z","buy"
"0.54530000","68.26000000","2024-06-13T05:08:21.154Z","sell"
"0.54560000","3.40000000","2024-06-13T05:06:34.872Z","sell"
"0.54580000","145.02000000","2024-06-13T05:06:14.190Z","sell"
"0.54550000","200.00000000","2024-06-13T05:06:14.190Z","sell"
"0.54520000","80.00000000","2024-06-13T05:06:14.190Z","sell"
"0.54520000","40.00000000","2024-06-13T05:06:14.190Z","sell"
"0.54500000","114.98000000","2024-06-13T05:06:14.190Z","sell"
"0.54390000","80.89000000","2024-06-13T05:06:14.139Z","sell"
"0.54370000","60.67000000","2024-06-13T05:06:14.139Z","sell"
"0.54170000","107.86000000","2024-06-13T05:04:50.728Z","sell"
"0.54110000","1.99000000","2024-06-13T05:00:12.877Z","sell"
"0.54130000","1760.00000000","2024-06-13T04:57:42.715Z","sell"
"0.54080000","499.08000000","2024-06-13T04:53:05.434Z","sell"
"0.54050000","48.96000000","2024-06-13T04:53:05.434Z","sell"
"0.54040000","231.96000000","2024-06-13T04:53:05.434Z","sell"
"0.53810000","1066.41000000","2024-06-13T04:52:48.641Z","buy"
"0.54080000","22.96000000","2024-06-13T04:44:14.230Z","buy"
"0.54200000","117.60000000","2024-06-13T04:43:34.618Z","sell"
"0.54020000","285.83000000","2024-06-13T04:43:29.491Z","buy"
"0.54120000","45.87000000","2024-06-13T04:43:26.226Z","sell"
"0.54090000","5.00000000","2024-06-13T04:43:26.226Z","sell"
"0.53720000","0.35000000","2024-06-13T04:38:33.829Z","buy"
"0.53720000","47.75000000","2024-06-13T04:36:29.779Z","buy"
"0.53720000","2.05000000","2024-06-13T04:36:25.038Z","buy"
"0.53450000","476.07000000","2024-06-13T04:31:53.646Z","sell"
"0.53450000","72.23000000","2024-06-13T04:31:10.028Z","sell"
"0.53440000","9.33000000","2024-06-13T04:26:11.347Z","sell"
"0.53560000","0.45000000","2024-06-13T04:24:06.988Z","sell"
"0.53550000","9.24000000","2024-06-13T04:18:56.557Z","sell"
"0.53560000","46.19000000","2024-06-13T04:15:52.308Z","sell"
"0.53590000","10.12000000","2024-06-13T04:14:46.957Z","buy"
"0.53460000","0.77000000","2024-06-13T04:04:17.642Z","sell"
"0.53410000","9.33000000","2024-06-13T04:01:57.540Z","sell"
"0.53150000","264.74000000","2024-06-13T04:00:04.625Z","sell"
"0.53150000","130.25000000","2024-06-13T03:59:44.428Z","sell"
"0.53110000","76.54000000","2024-06-13T03:53:32.351Z","sell"
"0.53110000","90.44000000","2024-06-13T03:53:32.345Z","sell"
"0.53110000","431.33000000","2024-06-13T03:53:32.119Z","sell"
"0.53110000","174.56000000","2024-06-13T03:53:32.109Z","sell"
"0.53110000","163.82000000","2024-06-13T03:53:32.054Z","sell"
"0.53110000","221.60000000","2024-06-13T03:53:31.403Z","sell"
"0.53110000","126.82000000","2024-06-13T03:53:31.398Z","sell"
"0.53110000","167.26000000","2024-06-13T03:53:31.395Z","sell"
"0.53110000","512.28000000","2024-06-13T03:53:15.706Z","sell"
"0.53030000","5.31000000","2024-06-13T03:47:40.797Z","sell"
"0.52930000","37.80000000","2024-06-13T03:47:40.797Z","sell"
"0.52720000","5.00000000","2024-06-13T03:44:01.172Z","buy"
"0.52740000","17.84000000","2024-06-13T03:43:38.354Z","buy"
"0.52710000","71.12000000","2024-06-13T03:39:05.898Z","buy"
"0.52720000","80.00000000","2024-06-13T03:39:05.898Z","buy"
"0.52730000","18.88000000","2024-06-13T03:39:05.898Z","buy"
"0.53250000","9.29000000","2024-06-13T03:31:41.246Z","sell"
"0.52150000","217.11000000","2024-06-13T03:25:13.966Z","buy"
"0.52160000","1382.28000000","2024-06-13T03:25:13.966Z","buy"
"0.52170000","80.00000000","2024-06-13T03:25:13.966Z","buy"
"0.52240000","1.86000000","2024-06-13T03:21:52.325Z","sell"
"0.51600000","4.77000000","2024-06-13T03:20:54.493Z","buy"
"0.52090000","47.76000000","2024-06-13T03:14:42.782Z","sell"
"0.51830000","61.41000000","2024-06-13T03:11:24.129Z","buy"
"0.51840000","1.00000000","2024-06-13T03:09:09.367Z","buy"
"0.51830000","79.44000000","2024-06-13T03:09:05.868Z","buy"
"0.51840000","1398.55000000","2024-06-13T03:08:28.629Z","buy"
"0.51840000","301.00000000","2024-06-13T03:08:28.629Z","buy"
"0.51930000","11.71000000","2024-06-13T03:08:28.623Z","buy"
"0.51970000","1532.91000000","2024-06-13T03:07:21.267Z","buy"
"0.51970000","5.00000000","2024-06-13T03:07:21.267Z","buy"
"0.51970000","0.93000000","2024-06-13T03:07:21.267Z","buy"
"0.52240000","305.55000000","2024-06-13T03:07:01.856Z","sell"
"0.52510000","161.81000000","2024-06-13T02:58:23.876Z","sell"
"0.52510000","189.68000000","2024-06-13T02:58:23.286Z","sell"
"0.52510000","105.80000000","2024-06-13T02:58:23.280Z","sell"
"0.52510000","104.17000000","2024-06-13T02:58:23.276Z","sell"
"0.52510000","198.06000000","2024-06-13T02:58:23.273Z","sell"
"0.52510000","208.06000000","2024-06-13T02:58:23.269Z","sell"
"0.52510000","731.97000000","2024-06-13T02:58:23.262Z","sell"
"0.52500000","11.03000000","2024-06-13T02:57:09.099Z","buy"
"0.52560000","81.91000000","2024-06-13T02:54:57.352Z","buy"
"0.52570000","156.04000000","2024-06-13T02:54:57.352Z","buy"
"0.52630000","726.32000000","2024-06-13T02:53:06.747Z","buy"
"0.52660000","18.92000000","2024-06-13T02:53:06.747Z","buy"
"0.52660000","1249.30000000","2024-06-13T02:53:06.747Z","buy"
"0.52680000","5.00000000","2024-06-13T02:51:47.147Z","buy"
"0.52760000","1564.10000000","2024-06-13T02:50:53.670Z","buy"
"0.52880000","1746.79000000","2024-06-13T02:49:33.350Z","buy"
"0.52880000","202.40000000","2024-06-13T02:49:23.174Z","buy"
"0.52880000","2.87000000","2024-06-13T02:49:22.068Z","buy"
"0.52880000","407.58000000","2024-06-13T02:49:16.841Z","buy"
"0.52980000","36.80000000","2024-06-13T02:46:58.884Z","sell"
"0.52970000","172.34000000","2024-06-13T02:45:19.010Z","buy"
"0.53000000","10.41000000","2024-06-13T02:45:19.010Z","buy"
"0.53160000","553.53000000","2024-06-13T02:43:18.042Z","sell"
"0.53380000","360.18000000","2024-06-13T02:35:44.640Z","buy"
"0.53360000","18.10000000","2024-06-13T02:34:52.805Z","buy"
"0.53470000","360.18000000","2024-06-13T02:34:05.035Z","sell"
"0.53730000","0.56000000","2024-06-13T02:31:08.836Z","buy"
"0.53490000","3.14000000","2024-06-13T02:27:52.243Z","sell"
"0.53660000","1452.11000000","2024-06-13T02:21:26.664Z","sell"
"0.53620000","48.63000000","2024-06-13T02:21:26.664Z","sell"
"0.53320000","283.31000000","2024-06-13T02:18:24.822Z","buy"
"0.53340000","373.53000000","2024-06-13T02:18:24.822Z","buy"
"0.53380000","340.00000000","2024-06-13T02:18:24.822Z","buy"
"0.53390000","18.67000000","2024-06-13T02:18:24.822Z","buy"
"0.53390000","1382.28000000","2024-06-13T02:18:24.822Z","buy"
"0.53400000","48.34000000","2024-06-13T02:18:24.822Z","buy"
"0.53410000","143.07000000","2024-06-13T02:18:24.822Z","buy"
"0.53540000","1190.83000000","2024-06-13T02:15:04.735Z","buy"
"0.53610000","1190.83000000","2024-06-13T02:13:59.222Z","sell"
"0.53580000","340.32000000","2024-06-13T02:11:15.607Z","buy"
"0.53640000","5.42000000","2024-06-13T02:10:54.300Z","buy"
"0.53750000","340.32000000","2024-06-13T02:10:39.533Z","sell"
"0.54090000","5.00000000","2024-06-13T02:06:18.194Z","buy"
"0.54800000","5.00000000","2024-06-13T01:49:55.941Z","buy"
"0.55030000","199.35000000","2024-06-13T01:46:26.198Z","sell"
"0.55020000","1021.69000000","2024-06-13T01:46:26.198Z","sell"
"0.55020000","30.00000000","2024-06-13T01:46:26.192Z","sell"
"0.54890000","599.80000000","2024-06-13T01:46:23.039Z","buy"
"0.54900000","129.48000000","2024-06-13T01:46:23.039Z","buy"
"0.54890000","313.25000000","2024-06-13T01:44:47.811Z","buy"
"0.54890000","576.37000000","2024-06-13T01:44:47.811Z","buy"
"0.54900000","184.38000000","2024-06-13T01:42:16.051Z","sell"
"0.54920000","544.90000000","2024-06-13T01:42:08.316Z","sell"
"0.54840000","1314.30000000","2024-06-13T01:41:58.909Z","buy"
"0.54900000","185.70000000","2024-06-13T01:41:58.909Z","buy"
"0.54950000","369.03000000","2024-06-13T01:41:58.852Z","buy"
"0.54950000","18.13000000","2024-06-13T01:41:58.852Z","buy"
"0.55200000","101.04000000","2024-06-13T01:38:10.100Z","buy"
"0.55210000","266.10000000","2024-06-13T01:38:10.100Z","buy"
"0.55430000","1419.03000000","2024-06-13T01:35:39.408Z","buy"
"0.55570000","1018.05000000","2024-06-13T01:27:51.519Z","sell"
"0.55570000","361.95000000","2024-06-13T01:27:51.519Z","sell"
"0.55780000","7.15000000","2024-06-13T01:25:36.704Z","sell"
"0.55790000","9647.70000000","2024-06-13T01:25:36.675Z","sell"
"0.55720000","1794.60000000","2024-06-13T01:25:36.675Z","sell"
"0.55720000","381.00000000","2024-06-13T01:25:36.675Z","sell"
"0.55670000","3000.00000000","2024-06-13T01:25:36.675Z","sell"
"0.55640000","361.50000000","2024-06-13T01:25:36.675Z","sell"
"0.55630000","1324.83000000","2024-06-13T01:25:36.675Z","sell"
"0.55570000","1382.28000000","2024-06-13T01:25:36.675Z","sell"
"0.55400000","224.78000000","2024-06-13T01:21:14.408Z","sell"
"0.55400000","692.82000000","2024-06-13T01:21:14.405Z","sell"
"0.55340000","0.36000000","2024-06-13T01:20:38.406Z","buy"
"0.55410000","172.26000000","2024-06-13T01:19:55.193Z","sell"
"0.55410000","272.07000000","2024-06-13T01:19:55.190Z","sell"
"0.55410000","444.26000000","2024-06-13T01:19:55.187Z","sell"
"0.55340000","115.90000000","2024-06-13T01:19:11.878Z","buy"
"0.55340000","36.77000000","2024-06-13T01:19:11.873Z","sell"
"0.55340000","1382.28000000","2024-06-13T01:19:11.873Z","sell"
"0.55640000","374.00000000","2024-06-13T01:16:39.533Z","buy"
"0.55760000","17.87000000","2024-06-13T01:16:18.841Z","buy"
"0.55760000","1407.12000000","2024-06-13T01:16:18.841Z","buy"
"0.55720000","1194.40000000","2024-06-13T01:15:31.892Z","buy"
"0.55730000","1286.11000000","2024-06-13T01:15:31.892Z","buy"
"0.55420000","1.80000000","2024-06-13T01:14:21.036Z","buy"
"0.55650000","1284.60000000","2024-06-13T01:13:05.914Z","sell"
"0.55540000","62.54000000","2024-06-13T01:13:05.865Z","sell"
"0.55540000","299.60000000","2024-06-13T01:13:05.863Z","sell"
"0.55530000","489.08000000","2024-06-13T01:09:20.220Z","buy"
"0.55660000","17.42000000","2024-06-13T01:04:51.829Z","sell"
"0.55840000","22.83000000","2024-06-13T01:03:06.616Z","sell"
"0.55840000","56.34000000","2024-06-13T01:03:06.536Z","sell"
"0.55610000","236.49000000","2024-06-13T01:00:42.236Z","buy"
"0.55620000","1048.42000000","2024-06-13T01:00:32.145Z","sell"
"0.55630000","1382.28000000","2024-06-13T01:00:32.140Z","buy"
"0.55620000","105.10000000","2024-06-13T00:59:58.944Z","sell"
"0.55600000","78.82000000","2024-06-13T00:59:58.453Z","buy"
"0.55610000","80.15000000","2024-06-13T00:59:29.991Z","buy"
"0.55520000","140.13000000","2024-06-13T00:59:16.112Z","buy"
"0.55620000","1.26000000","2024-06-13T00:58:21.117Z","buy"
"0.55710000","90.16000000","2024-06-13T00:57:24.811Z","sell"
"0.55610000","27.75000000","2024-06-13T00:56:40.961Z","sell"
"0.55610000","240.50000000","2024-06-13T00:56:40.660Z","sell"
"0.55740000","320.04000000","2024-06-13T00:55:56.880Z","sell"
"0.55740000","1375.92000000","2024-06-13T00:55:08.195Z","buy"
"0.55650000","1019.96000000","2024-06-13T00:50:52.898Z","sell"
"0.55610000","360.04000000","2024-06-13T00:50:52.898Z","sell"
"0.55420000","7.17000000","2024-06-13T00:48:16.531Z","sell"
"0.55120000","2846.72000000","2024-06-13T00:46:02.611Z","sell"
"0.55120000","38.63000000","2024-06-13T00:45:32.068Z","sell"
"0.55160000","9.04000000","2024-06-13T00:45:23.933Z","sell"
"0.55080000","9.07000000","2024-06-13T00:45:21.575Z","buy"
"0.55150000","18.08000000","2024-06-13T00:45:02.239Z","buy"
"0.55120000","20.00000000","2024-06-13T00:44:27.153Z","buy"
"0.55200000","0.82000000","2024-06-13T00:43:41.359Z","buy"
"0.55500000","171.47000000","2024-06-13T00:41:02.524Z","sell"
"0.55470000","1099.43000000","2024-06-13T00:41:02.524Z","sell"
"0.55410000","361.40000000","2024-06-13T00:41:02.524Z","sell"
"0.55390000","7.70000000","2024-06-13T00:41:02.524Z","sell"
"0.55610000","360.09000000","2024-06-13T00:38:55.225Z","sell"
"0.55390000","6.70000000","2024-06-13T00:36:10.979Z","buy"
"0.55530000","1358.60000000","2024-06-13T00:34:11.347Z","sell"
"0.55510000","5.00000000","2024-06-13T00:34:11.347Z","sell"
"0.55500000","176.40000000","2024-06-13T00:34:11.347Z","sell"
"0.55310000","9.01000000","2024-06-13T00:32:01.224Z","sell"
"0.55200000","9.05000000","2024-06-13T00:31:58.821Z","buy"
"0.54900000","529.89000000","2024-06-13T00:24:04.917Z","sell"
"0.54900000","820.00000000","2024-06-13T00:24:04.915Z","sell"
"0.54900000","69.61000000","2024-06-13T00:24:04.276Z","sell"
"0.54900000","113.46000000","2024-06-13T00:24:04.273Z","sell"
"0.54900000","169.43000000","2024-06-13T00:24:04.270Z","sell"
"0.54900000","366.50000000","2024-06-13T00:24:04.266Z","sell"
"0.54900000","96.62000000","2024-06-13T00:24:01.620Z","sell"
"0.54900000","150.43000000","2024-06-13T00:24:01.618Z","sell"
"0.54900000","169.86000000","2024-06-13T00:24:01.614Z","sell"
"0.54900000","9.08000000","2024-06-13T00:11:44.796Z","sell"
"0.54830000","97.07000000","2024-06-13T00:11:38.110Z","sell"
"0.54860000","9.09000000","2024-06-13T00:10:46.668Z","sell"
"0.54790000","179.53000000","2024-06-13T00:09:15.231Z","buy"
"0.54830000","7.70000000","2024-06-13T00:07:24.550Z","buy"
"0.55020000","179.45000000","2024-06-13T00:05:55.898Z","sell"
"0.54880000","17.96000000","2024-06-13T00:05:31.215Z","sell"
"0.54880000","2695.00000000","2024-06-13T00:05:31.208Z","sell"
"0.54800000","5.00000000","2024-06-13T00:05:31.208Z","sell"
"0.54730000","180.89000000","2024-06-13T00:01:08.060Z","sell"
"0.54790000","1022.79000000","2024-06-12T23:58:30.146Z","sell"
"0.54740000","296.00000000","2024-06-12T23:58:30.146Z","sell"
"0.54720000","1827.40000000","2024-06-12T23:58:30.146Z","sell"
"0.54630000","3000.00000000","2024-06-12T23:58:30.146Z","sell"
"0.54590000","176.39000000","2024-06-12T23:58:30.146Z","sell"
"0.54570000","18.50000000","2024-06-12T23:58:30.146Z","sell"
"0.54570000","1445.29000000","2024-06-12T23:58:30.146Z","sell"
"0.54520000","1382.28000000","2024-06-12T23:58:30.146Z","sell"
"0.54670000","79.17000000","2024-06-12T23:54:26.359Z","sell"
"0.54330000","234.14000000","2024-06-12T23:51:17.385Z","buy"
"0.54230000","358.27000000","2024-06-12T23:47:40.286Z","sell"
"0.54050000","1.07000000","2024-06-12T23:40:39.348Z","buy"
"0.53960000","245.47000000","2024-06-12T23:34:49.102Z","sell"
"0.53880000","154.33000000","2024-06-12T23:34:25.991Z","buy"
"0.53630000","205.75000000","2024-06-12T23:26:29.892Z","buy"
"0.53690000","352.10000000","2024-06-12T23:24:42.216Z","sell"