"price","volume","time","side","orderType"
"203.30000000","0.24900000","2023-07-14T02:59:52.518Z","sell","maker"
"200.80000000","0.06500000","2023-07-14T02:59:52.518Z","sell","maker"
"200.30000000","0.98900000","2023-07-14T02:59:52.518Z","sell","maker"
"203.20000000","1.30300000","2023-07-14T02:59:51.518Z","sell","maker"
"203.10000000","1.30200000","2023-07-14T02:59:49.518Z","sell","maker"
"202.50000000","0.05700000","2023-07-14T02:59:41.324Z","sell","maker"
"204.70000000","0.20000000","2023-07-14T02:59:15.188Z","buy","taker"
"201.80000000","0.09500000","2023-07-14T02:59:01.116Z","sell","maker"
"204.70000000","0.01600000","2023-07-14T02:58:37.252Z","buy","taker"
"201.40000000","0.03000000","2023-07-14T02:58:26.180Z","sell","maker"
"201.40000000","0.09000000","2023-07-14T02:58:22.854Z","sell","maker"
"201.30000000","0.41000000","2023-07-14T02:58:22.854Z","sell","maker"
"203.80000000","0.30000000","2023-07-14T02:58:14.580Z","buy","taker"
"203.90000000","2.00000000","2023-07-14T02:58:14.580Z","buy","taker"
"204.70000000","0.53900000","2023-07-14T02:58:14.580Z","buy","taker"
"205.70000000","0.73500000","2023-07-14T02:58:14.580Z","buy","taker"
"201.50000000","0.99900000","2023-07-14T02:58:11.054Z","sell","maker"
"204.40000000","0.27000000","2023-07-14T02:57:49.766Z","buy","taker"
"204.70000000","0.00300000","2023-07-14T02:57:49.766Z","buy","taker"
"202.20000000","0.27300000","2023-07-14T02:57:45.901Z","sell","maker"
"202.10000000","3.02700000","2023-07-14T02:57:45.901Z","sell","maker"
"202.20000000","0.56300000","2023-07-14T02:57:45.054Z","sell","maker"
"202.10000000","1.18900000","2023-07-14T02:57:45.054Z","sell","maker"
"202.10000000","1.75200000","2023-07-14T02:57:44.054Z","sell","maker"
"204.70000000","0.09400000","2023-07-14T02:57:43.102Z","buy","taker"
"202.90000000","0.24500000","2023-07-14T02:57:42.879Z","buy","taker"
"203.00000000","0.14700000","2023-07-14T02:57:42.054Z","sell","maker"
"201.70000000","0.37600000","2023-07-14T02:57:42.054Z","sell","maker"
"200.80000000","1.06900000","2023-07-14T02:57:42.054Z","sell","maker"
"200.80000000","0.16000000","2023-07-14T02:57:42.054Z","sell","maker"
"204.70000000","0.12000000","2023-07-14T02:57:36.627Z","buy","taker"
"202.70000000","0.50900000","2023-07-14T02:56:51.375Z","sell","maker"
"203.00000000","0.00200000","2023-07-14T02:56:25.269Z","buy","taker"
"203.00000000","0.04500000","2023-07-14T02:56:25.269Z","buy","taker"
"203.00000000","2.15000000","2023-07-14T02:56:24.855Z","buy","taker"
"203.00000000","1.30700000","2023-07-14T02:56:24.358Z","buy","taker"
"203.00000000","4.80100000","2023-07-14T02:56:24.248Z","buy","taker"
"203.00000000","0.51800000","2023-07-14T02:56:24.245Z","buy","taker"
"203.00000000","0.04700000","2023-07-14T02:56:24.193Z","buy","taker"
"203.00000000","0.83500000","2023-07-14T02:56:24.183Z","buy","taker"
"203.00000000","0.10900000","2023-07-14T02:56:24.138Z","buy","taker"
"202.40000000","1.00000000","2023-07-14T02:56:23.395Z","sell","maker"
"201.90000000","0.34800000","2023-07-14T02:56:08.654Z","sell","maker"
"202.00000000","0.46800000","2023-07-14T02:56:00.681Z","sell","maker"
"201.40000000","0.35700000","2023-07-14T02:55:44.754Z","sell","maker"
"201.10000000","0.14200000","2023-07-14T02:55:19.824Z","sell","maker"
"201.50000000","4.68900000","2023-07-14T02:55:13.318Z","sell","maker"
"201.40000000","9.48000000","2023-07-14T02:55:13.318Z","sell","maker"
"201.50000000","14.16900000","2023-07-14T02:55:12.318Z","sell","maker"
"201.00000000","0.56600000","2023-07-14T02:55:10.397Z","sell","maker"
"201.00000000","0.37700000","2023-07-14T02:55:10.397Z","sell","maker"
"200.90000000","2.79400000","2023-07-14T02:55:10.397Z","sell","maker"
"201.00000000","0.08800000","2023-07-14T02:55:10.348Z","sell","maker"
"200.90000000","0.66100000","2023-07-14T02:55:10.348Z","sell","maker"
"203.90000000","3.73000000","2023-07-14T02:55:10.318Z","sell","maker"
"201.30000000","3.25500000","2023-07-14T02:55:10.318Z","sell","maker"
"201.00000000","7.18400000","2023-07-14T02:55:10.318Z","sell","maker"
"203.90000000","0.95000000","2023-07-14T02:55:06.757Z","sell","maker"
"203.80000000","0.94200000","2023-07-14T02:55:06.751Z","buy","taker"
"203.90000000","11.09200000","2023-07-14T02:55:06.751Z","buy","taker"
"203.90000000","3.73400000","2023-07-14T02:55:06.751Z","buy","taker"
"201.80000000","0.11100000","2023-07-14T02:54:53.540Z","sell","maker"
"201.10000000","18.89600000","2023-07-14T02:54:53.540Z","sell","maker"
"201.00000000","17.99300000","2023-07-14T02:54:53.540Z","sell","maker"
"203.70000000","0.04000000","2023-07-14T02:54:30.618Z","buy","taker"
"201.00000000","5.91700000","2023-07-14T02:54:12.124Z","sell","maker"
"201.10000000","0.07400000","2023-07-14T02:54:11.125Z","sell","maker"
"201.00000000","5.84300000","2023-07-14T02:54:11.125Z","sell","maker"
"201.00000000","5.91600000","2023-07-14T02:54:09.124Z","sell","maker"
"201.30000000","0.33900000","2023-07-14T02:54:05.854Z","sell","maker"
"201.10000000","0.51500000","2023-07-14T02:53:56.654Z","sell","maker"
"201.10000000","0.96000000","2023-07-14T02:53:56.654Z","sell","maker"
"201.00000000","2.24700000","2023-07-14T02:53:56.654Z","sell","maker"
"201.10000000","3.72200000","2023-07-14T02:53:55.654Z","sell","maker"
"202.20000000","0.83700000","2023-07-14T02:53:53.654Z","sell","maker"
"201.70000000","0.56400000","2023-07-14T02:53:53.654Z","sell","maker"
"201.10000000","0.75800000","2023-07-14T02:53:53.654Z","sell","maker"
"201.00000000","1.56300000","2023-07-14T02:53:53.654Z","sell","maker"
"202.90000000","0.15900000","2023-07-14T02:52:57.417Z","sell","maker"
"202.30000000","0.07400000","2023-07-14T02:52:57.417Z","sell","maker"
"201.10000000","0.11100000","2023-07-14T02:52:57.417Z","sell","maker"
"201.00000000","0.12600000","2023-07-14T02:52:57.417Z","sell","maker"
"203.40000000","0.00900000","2023-07-14T02:52:25.618Z","sell","maker"
"203.90000000","0.13900000","2023-07-14T02:52:24.554Z","buy","taker"
"203.90000000","0.00600000","2023-07-14T02:52:24.155Z","buy","taker"
"203.90000000","0.58300000","2023-07-14T02:52:24.114Z","buy","taker"
"203.90000000","0.01900000","2023-07-14T02:52:22.633Z","buy","taker"
"203.90000000","3.78500000","2023-07-14T02:52:22.127Z","buy","taker"
"203.90000000","0.21600000","2023-07-14T02:52:21.981Z","buy","taker"
"203.90000000","11.32800000","2023-07-14T02:52:21.968Z","buy","taker"
"203.90000000","18.62500000","2023-07-14T02:52:21.965Z","buy","taker"
"204.80000000","0.04800000","2023-07-14T02:52:19.241Z","buy","taker"
"203.90000000","0.24100000","2023-07-14T02:52:01.412Z","sell","maker"
"203.20000000","0.42800000","2023-07-14T02:51:41.018Z","sell","maker"
"203.20000000","3.46900000","2023-07-14T02:51:38.154Z","sell","maker"
"203.10000000","0.20300000","2023-07-14T02:51:37.154Z","sell","maker"
"203.00000000","3.26600000","2023-07-14T02:51:37.154Z","sell","maker"
"203.20000000","1.44700000","2023-07-14T02:51:35.154Z","sell","maker"
"203.10000000","1.37000000","2023-07-14T02:51:35.154Z","sell","maker"
"203.00000000","0.56100000","2023-07-14T02:51:35.154Z","sell","maker"
"202.90000000","0.09000000","2023-07-14T02:51:35.154Z","sell","maker"
"204.20000000","0.22200000","2023-07-14T02:51:25.450Z","buy","taker"
"203.00000000","0.56100000","2023-07-14T02:51:22.624Z","sell","maker"
"203.00000000","1.38800000","2023-07-14T02:51:22.624Z","sell","maker"
"204.80000000","0.07100000","2023-07-14T02:50:52.679Z","buy","taker"
"201.00000000","0.49900000","2023-07-14T02:50:26.024Z","sell","maker"
"201.00000000","1.48900000","2023-07-14T02:50:10.724Z","sell","maker"
"201.00000000","3.14800000","2023-07-14T02:50:08.917Z","sell","maker"
"201.00000000","0.11100000","2023-07-14T02:50:08.154Z","sell","maker"
"201.00000000","0.42400000","2023-07-14T02:50:01.471Z","sell","maker"
"201.00000000","0.51100000","2023-07-14T02:49:58.824Z","sell","maker"
"201.00000000","1.55600000","2023-07-14T02:49:46.279Z","sell","maker"
"201.00000000","0.10100000","2023-07-14T02:49:45.454Z","sell","maker"
"202.50000000","0.90100000","2023-07-14T02:49:38.980Z","buy","taker"
"202.60000000","0.46500000","2023-07-14T02:49:38.980Z","buy","taker"
"205.70000000","0.15100000","2023-07-14T02:49:38.980Z","buy","taker"
"201.00000000","1.00600000","2023-07-14T02:48:55.917Z","sell","maker"
"202.60000000","0.03300000","2023-07-14T02:48:55.454Z","buy","taker"
"202.60000000","0.26000000","2023-07-14T02:48:55.454Z","buy","taker"
"201.10000000","0.64400000","2023-07-14T02:48:37.254Z","sell","maker"
"201.10000000","0.00600000","2023-07-14T02:48:04.824Z","sell","maker"
"201.10000000","0.07400000","2023-07-14T02:48:03.280Z","sell","maker"
"201.10000000","0.33200000","2023-07-14T02:48:03.280Z","sell","maker"
"201.10000000","0.50800000","2023-07-14T02:48:03.280Z","sell","maker"
"202.80000000","0.84200000","2023-07-14T02:48:02.280Z","sell","maker"
"202.70000000","0.07200000","2023-07-14T02:48:02.280Z","sell","maker"
"203.00000000","0.91400000","2023-07-14T02:48:00.279Z","sell","maker"
"202.60000000","1.09900000","2023-07-14T02:47:38.630Z","sell","maker"
"205.70000000","0.09800000","2023-07-14T02:47:33.040Z","buy","taker"
"202.00000000","0.36600000","2023-07-14T02:47:28.654Z","sell","maker"
"202.20000000","0.50000000","2023-07-14T02:47:07.480Z","sell","maker"
"202.00000000","0.03900000","2023-07-14T02:47:01.160Z","sell","maker"
"201.00000000","5.11500000","2023-07-14T02:46:51.780Z","sell","maker"
"202.50000000","0.84300000","2023-07-14T02:46:50.779Z","sell","maker"
"202.20000000","0.07400000","2023-07-14T02:46:50.779Z","sell","maker"
"201.60000000","0.18500000","2023-07-14T02:46:50.779Z","sell","maker"
"201.60000000","4.00600000","2023-07-14T02:46:50.779Z","sell","maker"
"201.00000000","0.00700000","2023-07-14T02:46:50.779Z","sell","maker"
"202.60000000","5.11600000","2023-07-14T02:46:48.779Z","sell","maker"
"201.50000000","0.04300000","2023-07-14T02:46:39.324Z","sell","maker"
"201.10000000","0.11000000","2023-07-14T02:45:58.924Z","sell","maker"
"201.10000000","2.88700000","2023-07-14T02:45:58.924Z","sell","maker"
"201.10000000","0.84200000","2023-07-14T02:45:57.924Z","sell","maker"
"201.00000000","2.15500000","2023-07-14T02:45:57.924Z","sell","maker"
"201.00000000","2.99800000","2023-07-14T02:45:55.924Z","sell","maker"
"202.10000000","0.13500000","2023-07-14T02:45:48.224Z","sell","maker"
"202.40000000","0.47300000","2023-07-14T02:45:44.554Z","sell","maker"
"202.40000000","0.04600000","2023-07-14T02:45:44.554Z","sell","maker"
"202.10000000","0.48800000","2023-07-14T02:45:33.554Z","sell","maker"
"202.10000000","0.44000000","2023-07-14T02:45:31.479Z","sell","maker"
"201.70000000","0.08700000","2023-07-14T02:45:25.879Z","sell","maker"
"202.60000000","5.51700000","2023-07-14T02:45:10.522Z","sell","maker"
"202.50000000","0.11100000","2023-07-14T02:45:10.522Z","sell","maker"
"202.50000000","0.68000000","2023-07-14T02:45:10.522Z","sell","maker"
"202.00000000","0.58000000","2023-07-14T02:45:10.522Z","sell","maker"
"201.00000000","2.19900000","2023-07-14T02:45:10.522Z","sell","maker"
"205.70000000","0.20700000","2023-07-14T02:45:03.263Z","buy","taker"
"204.00000000","0.20700000","2023-07-14T02:45:03.237Z","buy","taker"
"205.70000000","0.37000000","2023-07-14T02:45:03.237Z","buy","taker"
"202.30000000","0.87500000","2023-07-14T02:45:02.554Z","sell","maker"
"202.30000000","0.75800000","2023-07-14T02:45:02.554Z","sell","maker"
"202.30000000","0.56300000","2023-07-14T02:44:59.554Z","sell","maker"
"202.30000000","0.46600000","2023-07-14T02:44:59.554Z","sell","maker"
"204.40000000","0.18100000","2023-07-14T02:44:58.551Z","buy","taker"
"204.40000000","0.05300000","2023-07-14T02:44:58.526Z","buy","taker"
"204.40000000","0.24400000","2023-07-14T02:44:58.526Z","buy","taker"
"204.40000000","0.23900000","2023-07-14T02:44:48.617Z","buy","taker"
"204.40000000","0.55700000","2023-07-14T02:44:43.353Z","sell","maker"
"203.80000000","0.22200000","2023-07-14T02:44:43.353Z","sell","maker"
"203.50000000","0.16500000","2023-07-14T02:44:43.353Z","sell","maker"
"203.50000000","0.24800000","2023-07-14T02:44:43.353Z","sell","maker"
"202.80000000","0.16900000","2023-07-14T02:44:43.353Z","sell","maker"
"202.60000000","0.61200000","2023-07-14T02:44:43.353Z","sell","maker"
"201.00000000","0.03900000","2023-07-14T02:44:43.353Z","sell","maker"
"205.70000000","0.18500000","2023-07-14T02:44:19.065Z","buy","taker"
"205.10000000","0.11300000","2023-07-14T02:44:18.719Z","sell","maker"
"204.30000000","0.92800000","2023-07-14T02:44:06.280Z","sell","maker"
"208.80000000","0.06700000","2023-07-14T02:44:04.971Z","buy","taker"
"208.70000000","8.78200000","2023-07-14T02:43:45.717Z","buy","taker"
"208.70000000","8.78200000","2023-07-14T02:43:44.717Z","buy","taker"
"205.70000000","1.37300000","2023-07-14T02:43:42.717Z","buy","taker"
"206.20000000","0.16900000","2023-07-14T02:43:42.717Z","buy","taker"
"207.20000000","0.22200000","2023-07-14T02:43:42.717Z","buy","taker"
"207.70000000","0.31300000","2023-07-14T02:43:42.717Z","buy","taker"
"207.70000000","0.26500000","2023-07-14T02:43:42.717Z","buy","taker"
"208.80000000","6.43900000","2023-07-14T02:43:42.717Z","buy","taker"
"205.70000000","0.27000000","2023-07-14T02:43:35.893Z","buy","taker"
"205.70000000","0.01000000","2023-07-14T02:43:30.910Z","buy","taker"
"205.70000000","0.01000000","2023-07-14T02:43:30.548Z","buy","taker"
"205.70000000","0.16700000","2023-07-14T02:43:30.261Z","buy","taker"
"205.70000000","0.16700000","2023-07-14T02:43:30.099Z","buy","taker"
"205.70000000","0.11300000","2023-07-14T02:43:29.998Z","buy","taker"
"205.70000000","0.11500000","2023-07-14T02:43:29.566Z","buy","taker"
"205.70000000","0.01900000","2023-07-14T02:43:29.503Z","buy","taker"
"205.70000000","0.12100000","2023-07-14T02:43:29.414Z","buy","taker"
"205.70000000","0.16400000","2023-07-14T02:43:29.323Z","buy","taker"
"205.70000000","0.01900000","2023-07-14T02:43:29.294Z","buy","taker"
"205.70000000","0.11600000","2023-07-14T02:43:29.270Z","buy","taker"
"205.70000000","0.00600000","2023-07-14T02:43:29.230Z","buy","taker"
"205.70000000","0.00700000","2023-07-14T02:43:29.208Z","buy","taker"
"205.70000000","0.11600000","2023-07-14T02:43:29.118Z","buy","taker"
"205.70000000","0.01200000","2023-07-14T02:43:29.083Z","buy","taker"
"205.70000000","0.01900000","2023-07-14T02:43:29.052Z","buy","taker"
"205.70000000","0.16400000","2023-07-14T02:43:29.021Z","buy","taker"
"205.70000000","0.11600000","2023-07-14T02:43:28.975Z","buy","taker"
"205.70000000","0.00700000","2023-07-14T02:43:28.939Z","buy","taker"
"205.70000000","0.01900000","2023-07-14T02:43:28.906Z","buy","taker"
"205.70000000","0.01200000","2023-07-14T02:43:28.778Z","buy","taker"
"205.70000000","0.02600000","2023-07-14T02:43:28.758Z","buy","taker"
"205.70000000","0.11700000","2023-07-14T02:43:28.729Z","buy","taker"
"205.70000000","0.16400000","2023-07-14T02:43:28.694Z","buy","taker"
"205.70000000","0.02800000","2023-07-14T02:43:28.613Z","buy","taker"
"205.70000000","0.11700000","2023-07-14T02:43:28.581Z","buy","taker"
"205.70000000","0.00900000","2023-07-14T02:43:28.471Z","buy","taker"
"205.70000000","0.11700000","2023-07-14T02:43:28.379Z","buy","taker"
"205.70000000","0.19100000","2023-07-14T02:43:28.330Z","buy","taker"
"205.70000000","0.11800000","2023-07-14T02:43:28.238Z","buy","taker"
"205.70000000","0.00900000","2023-07-14T02:43:28.192Z","buy","taker"
"205.70000000","0.11800000","2023-07-14T02:43:28.091Z","buy","taker"
"205.70000000","0.00900000","2023-07-14T02:43:28.047Z","buy","taker"
"205.70000000","0.02000000","2023-07-14T02:43:28.024Z","buy","taker"
"205.70000000","0.16500000","2023-07-14T02:43:28.001Z","buy","taker"
"205.70000000","0.00600000","2023-07-14T02:43:27.988Z","buy","taker"
"205.70000000","0.00900000","2023-07-14T02:43:27.864Z","buy","taker"
"205.70000000","0.16700000","2023-07-14T02:43:27.798Z","buy","taker"
"205.70000000","0.00600000","2023-07-14T02:43:27.785Z","buy","taker"
"205.70000000","0.09500000","2023-07-14T02:43:27.483Z","buy","taker"
"205.70000000","0.00200000","2023-07-14T02:43:27.305Z","buy","taker"
"205.70000000","0.01800000","2023-07-14T02:43:27.305Z","buy","taker"
"205.70000000","0.23300000","2023-07-14T02:43:24.464Z","buy","taker"
"205.70000000","0.26600000","2023-07-14T02:43:24.464Z","buy","taker"
"205.70000000","0.03800000","2023-07-14T02:43:06.817Z","buy","taker"
"203.90000000","0.07500000","2023-07-14T02:43:00.937Z","sell","maker"
"203.80000000","0.55800000","2023-07-14T02:42:49.794Z","sell","maker"
"203.80000000","0.37200000","2023-07-14T02:42:49.794Z","sell","maker"
"203.70000000","0.20900000","2023-07-14T02:42:49.794Z","sell","maker"
"203.30000000","0.79400000","2023-07-14T02:42:49.794Z","sell","maker"
"202.70000000","0.00600000","2023-07-14T02:42:38.417Z","sell","maker"
"202.70000000","0.01800000","2023-07-14T02:42:37.780Z","sell","maker"
"202.40000000","0.40300000","2023-07-14T02:42:31.691Z","sell","maker"
"202.30000000","0.25000000","2023-07-14T02:42:31.691Z","sell","maker"
"202.20000000","0.02300000","2023-07-14T02:42:31.691Z","sell","maker"
"202.60000000","0.10500000","2023-07-14T02:42:28.124Z","sell","maker"
"202.60000000","0.89400000","2023-07-14T02:42:28.124Z","sell","maker"
"201.60000000","0.49800000","2023-07-14T02:41:29.980Z","sell","maker"
"201.60000000","1.85700000","2023-07-14T02:41:29.980Z","sell","maker"
"200.00000000","0.33000000","2023-07-14T02:41:29.980Z","sell","maker"
"200.00000000","0.37900000","2023-07-14T02:41:29.980Z","sell","maker"
"200.00000000","0.16800000","2023-07-14T02:41:29.980Z","sell","maker"
"199.90000000","0.06500000","2023-07-14T02:41:29.980Z","sell","maker"
"201.60000000","3.29700000","2023-07-14T02:41:28.980Z","sell","maker"
"202.90000000","0.14900000","2023-07-14T02:41:26.980Z","sell","maker"
"202.80000000","0.02100000","2023-07-14T02:41:26.980Z","sell","maker"
"201.60000000","0.16700000","2023-07-14T02:41:26.980Z","sell","maker"
"200.10000000","2.96100000","2023-07-14T02:41:26.980Z","sell","maker"
"201.90000000","0.14900000","2023-07-14T02:41:09.142Z","sell","maker"
"203.70000000","0.27100000","2023-07-14T02:40:59.714Z","buy","taker"
"202.20000000","0.01400000","2023-07-14T02:40:54.386Z","buy","taker"
"202.20000000","0.00100000","2023-07-14T02:40:54.259Z","buy","taker"
"202.20000000","0.19900000","2023-07-14T02:40:54.259Z","buy","taker"
"202.20000000","0.00400000","2023-07-14T02:40:53.927Z","buy","taker"
"202.20000000","0.30900000","2023-07-14T02:40:53.927Z","buy","taker"
"202.20000000","0.24000000","2023-07-14T02:40:48.696Z","buy","taker"
"203.80000000","0.22200000","2023-07-14T02:40:47.954Z","sell","maker"
"200.10000000","0.25000000","2023-07-14T02:40:47.954Z","sell","maker"
"200.10000000","0.07700000","2023-07-14T02:40:47.954Z","sell","maker"
"202.80000000","0.02400000","2023-07-14T02:40:35.318Z","sell","maker"
"200.20000000","0.04100000","2023-07-14T02:40:35.318Z","sell","maker"
"202.80000000","0.17000000","2023-07-14T02:40:31.054Z","sell","maker"
"202.80000000","0.17300000","2023-07-14T02:40:24.499Z","sell","maker"
"205.70000000","0.01600000","2023-07-14T02:40:21.818Z","buy","taker"
"203.20000000","0.14800000","2023-07-14T02:40:12.233Z","buy","taker"
"205.70000000","0.02900000","2023-07-14T02:40:12.233Z","buy","taker"
"203.20000000","0.02400000","2023-07-14T02:40:12.070Z","buy","taker"
"202.70000000","0.08300000","2023-07-14T02:40:10.155Z","sell","maker"
"202.70000000","4.88300000","2023-07-14T02:40:10.155Z","sell","maker"
"204.00000000","0.12700000","2023-07-14T02:40:07.347Z","buy","taker"
"204.00000000","0.01100000","2023-07-14T02:40:07.347Z","buy","taker"
"204.20000000","0.29400000","2023-07-14T02:40:07.347Z","buy","taker"
"204.20000000","0.24500000","2023-07-14T02:40:07.347Z","buy","taker"
"204.60000000","0.01700000","2023-07-14T02:40:07.347Z","buy","taker"
"207.20000000","0.22200000","2023-07-14T02:40:07.347Z","buy","taker"
"208.80000000","0.67800000","2023-07-14T02:40:07.347Z","buy","taker"
"204.00000000","1.72200000","2023-07-14T02:40:07.335Z","buy","taker"
"202.70000000","0.23200000","2023-07-14T02:40:04.005Z","sell","maker"
"202.60000000","0.22900000","2023-07-14T02:39:59.444Z","sell","maker"
"201.70000000","5.74500000","2023-07-14T02:39:49.480Z","sell","maker"
"201.70000000","4.57600000","2023-07-14T02:39:49.480Z","sell","maker"
"203.30000000","5.84300000","2023-07-14T02:39:48.480Z","sell","maker"
"203.20000000","4.47800000","2023-07-14T02:39:48.480Z","sell","maker"
"202.90000000","0.20600000","2023-07-14T02:39:46.844Z","sell","maker"
"204.20000000","1.24800000","2023-07-14T02:39:46.480Z","sell","maker"
"204.20000000","1.59100000","2023-07-14T02:39:46.480Z","sell","maker"
"203.80000000","0.55800000","2023-07-14T02:39:46.480Z","sell","maker"
"202.80000000","0.16900000","2023-07-14T02:39:46.480Z","sell","maker"
"201.90000000","0.39700000","2023-07-14T02:39:46.480Z","sell","maker"
"201.30000000","0.29400000","2023-07-14T02:39:46.480Z","sell","maker"
"199.90000000","0.17200000","2023-07-14T02:39:46.480Z","sell","maker"
"198.10000000","0.20600000","2023-07-14T02:39:46.480Z","sell","maker"
"197.90000000","0.22900000","2023-07-14T02:39:46.480Z","sell","maker"
"197.10000000","1.26700000","2023-07-14T02:39:46.480Z","sell","maker"
"196.90000000","0.17400000","2023-07-14T02:39:46.480Z","sell","maker"
"195.00000000","0.23200000","2023-07-14T02:39:46.480Z","sell","maker"
"194.10000000","0.17300000","2023-07-14T02:39:46.480Z","sell","maker"
"194.00000000","3.61000000","2023-07-14T02:39:46.480Z","sell","maker"
"204.60000000","0.10100000","2023-07-14T02:39:29.998Z","buy","taker"
"204.10000000","0.19500000","2023-07-14T02:39:26.717Z","sell","maker"
"205.20000000","1.01400000","2023-07-14T02:39:01.718Z","sell","maker"
"205.20000000","0.69800000","2023-07-14T02:39:00.467Z","sell","maker"
"204.60000000","0.09000000","2023-07-14T02:38:33.354Z","sell","maker"
"204.60000000","0.08900000","2023-07-14T02:38:30.379Z","sell","maker"
"204.50000000","0.00200000","2023-07-14T02:38:30.379Z","sell","maker"
"204.60000000","0.08800000","2023-07-14T02:38:09.954Z","sell","maker"
"207.00000000","0.14900000","2023-07-14T02:37:58.157Z","buy","taker"
"204.50000000","0.04300000","2023-07-14T02:37:50.517Z","sell","maker"
"206.70000000","0.09500000","2023-07-14T02:37:33.044Z","buy","taker"
"204.10000000","0.10600000","2023-07-14T02:37:30.979Z","sell","maker"
"203.70000000","0.03000000","2023-07-14T02:37:04.380Z","sell","maker"
"206.20000000","0.16900000","2023-07-14T02:36:55.299Z","buy","taker"
"206.90000000","1.29100000","2023-07-14T02:36:55.299Z","buy","taker"
"204.80000000","0.53500000","2023-07-14T02:36:49.253Z","buy","taker"
"204.80000000","0.05200000","2023-07-14T02:35:53.724Z","buy","taker"
"203.30000000","0.08600000","2023-07-14T02:35:47.180Z","sell","maker"
"203.20000000","0.10600000","2023-07-14T02:35:47.180Z","sell","maker"
"203.20000000","0.07000000","2023-07-14T02:35:37.224Z","sell","maker"
"203.20000000","0.56600000","2023-07-14T02:35:37.224Z","sell","maker"
"203.00000000","0.07000000","2023-07-14T02:35:15.818Z","buy","taker"
"203.00000000","0.01100000","2023-07-14T02:35:15.367Z","buy","taker"
"203.00000000","0.12200000","2023-07-14T02:35:08.356Z","buy","taker"
"203.00000000","0.10000000","2023-07-14T02:34:57.352Z","buy","taker"
"203.00000000","0.02600000","2023-07-14T02:34:44.324Z","buy","taker"
"203.00000000","0.00600000","2023-07-14T02:34:40.102Z","buy","taker"
"203.00000000","2.16500000","2023-07-14T02:34:38.472Z","buy","taker"
"202.30000000","0.22900000","2023-07-14T02:34:36.831Z","sell","maker"
"203.00000000","0.00600000","2023-07-14T02:34:30.454Z","sell","maker"
"204.80000000","0.15500000","2023-07-14T02:34:30.290Z","buy","taker"
"203.20000000","0.17000000","2023-07-14T02:34:28.880Z","buy","taker"
"203.20000000","0.00100000","2023-07-14T02:34:28.880Z","buy","taker"
"203.00000000","0.01200000","2023-07-14T02:34:26.310Z","sell","maker"
"202.90000000","0.16500000","2023-07-14T02:34:26.310Z","sell","maker"
"203.00000000","0.23200000","2023-07-14T02:34:20.675Z","sell","maker"
"202.90000000","0.62100000","2023-07-14T02:34:18.354Z","sell","maker"
"202.70000000","0.17400000","2023-07-14T02:34:11.527Z","sell","maker"
"205.90000000","0.37300000","2023-07-14T02:34:09.388Z","buy","taker"
"203.00000000","2.43900000","2023-07-14T02:34:08.233Z","buy","taker"
"203.00000000","0.55700000","2023-07-14T02:34:08.231Z","buy","taker"
"202.60000000","0.16400000","2023-07-14T02:34:08.224Z","sell","maker"
"205.50000000","0.04200000","2023-07-14T02:34:07.941Z","buy","taker"
"205.50000000","0.55200000","2023-07-14T02:34:07.941Z","buy","taker"
"205.50000000","0.24000000","2023-07-14T02:33:59.301Z","buy","taker"
"205.50000000","0.28800000","2023-07-14T02:33:57.596Z","buy","taker"
"202.10000000","0.12100000","2023-07-14T02:33:56.961Z","sell","maker"
"202.10000000","0.20600000","2023-07-14T02:33:56.583Z","sell","maker"
"203.00000000","1.44700000","2023-07-14T02:33:55.917Z","sell","maker"
"202.80000000","0.16900000","2023-07-14T02:33:55.917Z","sell","maker"
"202.80000000","1.19200000","2023-07-14T02:33:55.917Z","sell","maker"
"199.00000000","0.71700000","2023-07-14T02:33:55.917Z","sell","maker"
"199.00000000","1.14400000","2023-07-14T02:33:55.917Z","sell","maker"
"198.10000000","0.13000000","2023-07-14T02:33:55.917Z","sell","maker"
"197.93370000","0.22900000","2023-07-14T02:33:55.917Z","sell","maker"
"197.93370000","0.22900000","2023-07-14T02:33:55.917Z","sell","maker"
"197.50000000","0.20000000","2023-07-14T02:33:55.917Z","sell","maker"
"197.23290000","4.00900000","2023-07-14T02:33:55.917Z","sell","maker"
"196.97290000","0.17400000","2023-07-14T02:33:55.917Z","sell","maker"
"196.97290000","0.17400000","2023-07-14T02:33:55.917Z","sell","maker"
"196.02000000","0.44000000","2023-07-14T02:33:55.917Z","sell","maker"
"195.03310000","0.23200000","2023-07-14T02:33:55.917Z","sell","maker"
"195.03310000","0.23200000","2023-07-14T02:33:55.917Z","sell","maker"
"195.00000000","1.02000000","2023-07-14T02:33:55.917Z","sell","maker"
"195.00000000","0.35000000","2023-07-14T02:33:55.917Z","sell","maker"
"195.00000000","0.06000000","2023-07-14T02:33:55.917Z","sell","maker"
"195.00000000","0.13000000","2023-07-14T02:33:55.917Z","sell","maker"
"194.10000000","0.50000000","2023-07-14T02:33:55.917Z","sell","maker"
"194.10000000","0.17300000","2023-07-14T02:33:55.917Z","sell","maker"
"194.07950000","0.17700000","2023-07-14T02:33:55.917Z","sell","maker"
"194.07950000","0.17700000","2023-07-14T02:33:55.917Z","sell","maker"
"194.00000000","4.36200000","2023-07-14T02:33:55.917Z","sell","maker"
"204.10000000","3.46000000","2023-07-14T02:33:54.918Z","sell","maker"
"204.00000000","3.53100000","2023-07-14T02:33:54.918Z","sell","maker"
"203.80000000","0.22200000","2023-07-14T02:33:54.918Z","sell","maker"
"203.80000000","5.13700000","2023-07-14T02:33:54.918Z","sell","maker"
"201.90000000","0.61900000","2023-07-14T02:33:54.918Z","sell","maker"
"201.60000000","0.52200000","2023-07-14T02:33:54.918Z","sell","maker"
"199.90000000","0.17200000","2023-07-14T02:33:54.918Z","sell","maker"
"199.00000000","2.72100000","2023-07-14T02:33:54.918Z","sell","maker"
"199.00000000","1.28300000","2023-07-14T02:33:54.918Z","sell","maker"
"205.60000000","9.25900000","2023-07-14T02:33:52.917Z","sell","maker"
"205.10000000","8.40700000","2023-07-14T02:33:52.917Z","sell","maker"
"206.70000000","0.00300000","2023-07-14T02:33:39.799Z","buy","taker"
"208.60000000","0.26400000","2023-07-14T02:33:39.799Z","buy","taker"
"206.70000000","0.26400000","2023-07-14T02:33:39.780Z","buy","taker"
"205.20000000","0.06800000","2023-07-14T02:33:20.716Z","buy","taker"
"205.70000000","0.04900000","2023-07-14T02:33:20.716Z","buy","taker"
"206.20000000","0.16800000","2023-07-14T02:33:20.716Z","buy","taker"
"206.70000000","0.31500000","2023-07-14T02:33:20.716Z","buy","taker"
"207.20000000","0.22200000","2023-07-14T02:33:20.716Z","buy","taker"
"208.70000000","0.22600000","2023-07-14T02:33:20.716Z","buy","taker"
"208.80000000","0.67300000","2023-07-14T02:33:20.716Z","buy","taker"
"205.20000000","0.29200000","2023-07-14T02:33:18.833Z","buy","taker"
"205.20000000","0.17600000","2023-07-14T02:33:18.833Z","buy","taker"
"203.20000000","0.00600000","2023-07-14T02:32:56.615Z","buy","taker"
"203.20000000","0.16600000","2023-07-14T02:32:56.609Z","sell","maker"
"199.10000000","1.67200000","2023-07-14T02:32:46.754Z","sell","maker"
"205.20000000","0.47600000","2023-07-14T02:32:45.754Z","sell","maker"
"202.80000000","0.16900000","2023-07-14T02:32:45.754Z","sell","maker"
"202.20000000","0.29400000","2023-07-14T02:32:45.754Z","sell","maker"
"202.20000000","0.24500000","2023-07-14T02:32:45.754Z","sell","maker"
"199.90000000","0.17200000","2023-07-14T02:32:45.754Z","sell","maker"
"199.10000000","0.16900000","2023-07-14T02:32:45.754Z","sell","maker"
"199.00000000","0.14700000","2023-07-14T02:32:45.754Z","sell","maker"
"205.50000000","0.79200000","2023-07-14T02:32:43.754Z","sell","maker"
"205.40000000","0.80000000","2023-07-14T02:32:43.754Z","sell","maker"
"205.20000000","0.08000000","2023-07-14T02:32:43.754Z","sell","maker"
"205.70000000","0.00800000","2023-07-14T02:32:39.006Z","buy","taker"
"205.70000000","0.00800000","2023-07-14T02:32:38.967Z","buy","taker"
"205.70000000","0.00800000","2023-07-14T02:32:38.935Z","buy","taker"
"205.70000000","2.81100000","2023-07-14T02:32:37.984Z","buy","taker"
"205.70000000","0.02400000","2023-07-14T02:32:37.341Z","buy","taker"
"205.70000000","3.53400000","2023-07-14T02:32:37.027Z","buy","taker"
"205.70000000","1.35800000","2023-07-14T02:32:29.942Z","buy","taker"
"205.20000000","0.18700000","2023-07-14T02:32:20.879Z","sell","maker"
"206.60000000","0.11300000","2023-07-14T02:32:08.882Z","buy","taker"
"203.10000000","0.29900000","2023-07-14T02:32:03.117Z","sell","maker"
"203.20000000","0.12900000","2023-07-14T02:32:02.892Z","buy","taker"
"206.30000000","0.04300000","2023-07-14T02:32:02.886Z","sell","maker"
"206.30000000","0.17000000","2023-07-14T02:31:55.907Z","sell","maker"
"206.20000000","0.16800000","2023-07-14T02:31:55.362Z","buy","taker"
"204.80000000","1.30800000","2023-07-14T02:31:33.124Z","sell","maker"
"204.70000000","0.44900000","2023-07-14T02:31:33.124Z","sell","maker"
"204.50000000","14.31900000","2023-07-14T02:31:33.124Z","sell","maker"
"199.00000000","0.59100000","2023-07-14T02:31:33.124Z","sell","maker"
"206.50000000","0.01400000","2023-07-14T02:31:32.956Z","buy","taker"
"208.70000000","0.19300000","2023-07-14T02:31:32.956Z","buy","taker"
"206.50000000","0.27400000","2023-07-14T02:31:32.955Z","buy","taker"
"206.50000000","0.24000000","2023-07-14T02:31:32.919Z","buy","taker"
"206.80000000","0.44900000","2023-07-14T02:31:32.124Z","sell","maker"
"206.70000000","0.44400000","2023-07-14T02:31:32.124Z","sell","maker"
"205.20000000","0.55500000","2023-07-14T02:31:32.124Z","sell","maker"
"205.20000000","0.37000000","2023-07-14T02:31:32.124Z","sell","maker"
"203.80000000","0.22200000","2023-07-14T02:31:32.124Z","sell","maker"
"203.00000000","0.61300000","2023-07-14T02:31:32.124Z","sell","maker"
"203.00000000","0.51500000","2023-07-14T02:31:32.124Z","sell","maker"
"202.80000000","0.16900000","2023-07-14T02:31:32.124Z","sell","maker"
"200.80000000","0.22500000","2023-07-14T02:31:32.124Z","sell","maker"
"200.00000000","4.15400000","2023-07-14T02:31:32.124Z","sell","maker"
"200.00000000","2.00000000","2023-07-14T02:31:32.124Z","sell","maker"
"200.00000000","0.15200000","2023-07-14T02:31:32.124Z","sell","maker"
"200.00000000","0.01400000","2023-07-14T02:31:32.124Z","sell","maker"
"200.00000000","0.50000000","2023-07-14T02:31:32.124Z","sell","maker"
"200.00000000","2.25000000","2023-07-14T02:31:32.124Z","sell","maker"
"200.00000000","0.05000000","2023-07-14T02:31:32.124Z","sell","maker"
"200.00000000","1.50000000","2023-07-14T02:31:32.124Z","sell","maker"
"200.00000000","1.00000000","2023-07-14T02:31:32.124Z","sell","maker"
"199.90930000","0.17200000","2023-07-14T02:31:32.124Z","sell","maker"
"199.90930000","0.17200000","2023-07-14T02:31:32.124Z","sell","maker"
"199.25000000","0.06000000","2023-07-14T02:31:32.124Z","sell","maker"
"199.00000000","1.08100000","2023-07-14T02:31:32.124Z","sell","maker"
"199.00000000","5.00000000","2023-07-14T02:31:32.124Z","sell","maker"
"206.70000000","16.66600000","2023-07-14T02:31:30.124Z","sell","maker"
"206.50000000","0.28900000","2023-07-14T02:31:21.379Z","sell","maker"
"206.40000000","0.22400000","2023-07-14T02:31:21.379Z","sell","maker"
"205.70000000","0.10000000","2023-07-14T02:31:08.980Z","sell","maker"
"206.00000000","0.75100000","2023-07-14T02:31:06.654Z","sell","maker"
"205.80000000","0.97900000","2023-07-14T02:31:06.654Z","sell","maker"
"205.30000000","0.26800000","2023-07-14T02:31:06.654Z","sell","maker"
"205.50000000","0.03300000","2023-07-14T02:30:53.562Z","buy","taker"
"205.50000000","1.32900000","2023-07-14T02:30:28.254Z","sell","maker"
"205.50000000","0.29900000","2023-07-14T02:30:28.154Z","sell","maker"
"204.30000000","0.55700000","2023-07-14T02:30:07.224Z","sell","maker"
"204.00000000","0.52200000","2023-07-14T02:30:07.224Z","sell","maker"
"204.80000000","1.07900000","2023-07-14T02:30:06.224Z","sell","maker"
"204.70000000","1.07800000","2023-07-14T02:30:04.224Z","sell","maker"
"204.50000000","0.75000000","2023-07-14T02:30:01.180Z","sell","maker"
"208.70000000","0.97100000","2023-07-14T02:29:39.125Z","buy","taker"
"208.70000000","0.05800000","2023-07-14T02:29:38.872Z","buy","taker"
"208.70000000","1.33600000","2023-07-14T02:29:38.793Z","buy","taker"
"206.00000000","0.10700000","2023-07-14T02:29:24.854Z","sell","maker"
"207.80000000","0.00800000","2023-07-14T02:29:24.057Z","buy","taker"
"206.00000000","1.28000000","2023-07-14T02:29:23.854Z","sell","maker"
"207.80000000","0.64500000","2023-07-14T02:29:22.104Z","buy","taker"
"207.80000000","0.00400000","2023-07-14T02:29:22.064Z","buy","taker"
"207.80000000","0.52000000","2023-07-14T02:29:22.064Z","buy","taker"
"206.00000000","1.27900000","2023-07-14T02:29:21.854Z","sell","maker"
"207.60000000","0.09600000","2023-07-14T02:29:18.702Z","sell","maker"
"205.30000000","0.97300000","2023-07-14T02:29:18.702Z","sell","maker"
"207.80000000","0.15900000","2023-07-14T02:29:02.344Z","buy","taker"
"207.80000000","0.31300000","2023-07-14T02:28:51.702Z","buy","taker"
"207.80000000","0.10200000","2023-07-14T02:28:51.702Z","buy","taker"
"207.60000000","1.26400000","2023-07-14T02:28:44.807Z","buy","taker"
"207.60000000","0.40200000","2023-07-14T02:28:43.045Z","buy","taker"
"207.60000000","0.49300000","2023-07-14T02:28:41.269Z","buy","taker"
"207.60000000","1.18700000","2023-07-14T02:28:39.557Z","buy","taker"
"207.20000000","0.22200000","2023-07-14T02:28:37.879Z","buy","taker"
"207.60000000","0.42100000","2023-07-14T02:28:37.879Z","buy","taker"
"206.30000000","0.02400000","2023-07-14T02:28:29.436Z","buy","taker"
"204.20000000","0.00200000","2023-07-14T02:28:28.161Z","buy","taker"
"204.20000000","0.19400000","2023-07-14T02:28:28.048Z","buy","taker"
"204.20000000","0.02800000","2023-07-14T02:28:28.032Z","buy","taker"
"206.30000000","0.01300000","2023-07-14T02:28:17.387Z","buy","taker"
"206.20000000","0.16900000","2023-07-14T02:28:15.502Z","buy","taker"