"price","volume","time","side","orderType"
"0.83530000","58.38581900","2024-05-27T20:33:31.984Z","buy","maker"
"0.83470000","11.96029200","2024-05-27T20:32:31.613Z","buy","maker"
"0.83420000","2.44284000","2024-05-27T20:29:25.436Z","buy","maker"
"0.83410000","182.95149900","2024-05-27T20:24:14.573Z","buy","maker"
"0.83520000","2.34858800","2024-05-27T20:23:43.506Z","sell","maker"
"0.83470000","0.00539000","2024-05-27T20:21:26.326Z","sell","maker"
"0.83470000","0.00539000","2024-05-27T20:21:26.257Z","sell","maker"
"0.83470000","0.00539000","2024-05-27T20:21:26.196Z","sell","maker"
"0.83470000","0.00539000","2024-05-27T20:21:26.140Z","sell","maker"
"0.83470000","0.00539000","2024-05-27T20:21:26.082Z","sell","maker"
"0.83470000","0.00539000","2024-05-27T20:21:26.022Z","sell","maker"
"0.83470000","0.00539000","2024-05-27T20:21:25.964Z","sell","maker"
"0.83470000","0.00539000","2024-05-27T20:21:25.906Z","sell","maker"
"0.83470000","0.00539000","2024-05-27T20:21:25.851Z","sell","maker"
"0.83470000","0.00539000","2024-05-27T20:21:25.790Z","sell","maker"
"0.83470000","0.00539000","2024-05-27T20:21:25.722Z","sell","maker"
"0.83470000","0.00539000","2024-05-27T20:21:25.665Z","sell","maker"
"0.83470000","0.00539000","2024-05-27T20:21:25.600Z","sell","maker"
"0.83470000","0.00539000","2024-05-27T20:21:25.533Z","sell","maker"
"0.83470000","0.00539000","2024-05-27T20:21:25.470Z","sell","maker"
"0.83470000","0.00539000","2024-05-27T20:21:25.408Z","sell","maker"
"0.83470000","0.00539000","2024-05-27T20:21:25.349Z","sell","maker"
"0.83480000","0.00539000","2024-05-27T20:21:25.295Z","sell","maker"
"0.83480000","0.00539000","2024-05-27T20:21:25.217Z","sell","maker"
"0.83480000","0.00539000","2024-05-27T20:21:25.156Z","sell","maker"
"0.83480000","0.01736800","2024-05-27T20:21:25.134Z","sell","maker"
"0.83480000","182.92217600","2024-05-27T20:21:25.110Z","sell","maker"
"0.83090000","2.35181200","2024-05-27T20:11:30.031Z","buy","maker"
"0.83260000","753.32932000","2024-05-27T20:11:09.873Z","buy","maker"
"0.83260000","0.86301800","2024-05-27T20:10:34.547Z","buy","maker"
"0.83280000","1.80000000","2024-05-27T20:08:27.716Z","buy","maker"
"0.83280000","1.70000000","2024-05-27T20:08:23.714Z","buy","maker"
"0.83290000","0.00468000","2024-05-27T20:04:20.708Z","sell","maker"
"0.83290000","11.93579400","2024-05-27T20:04:20.685Z","sell","maker"
"0.82830000","1.20853200","2024-05-27T19:59:30.942Z","sell","maker"
"0.82950000","1.80000000","2024-05-27T19:55:36.265Z","buy","maker"
"0.82400000","12.75000000","2024-05-27T19:51:24.124Z","sell","maker"
"0.82360000","1.80000000","2024-05-27T19:51:18.119Z","sell","maker"
"0.82620000","1.70000000","2024-05-27T19:50:18.085Z","sell","maker"
"0.82700000","1.37122200","2024-05-27T19:50:16.700Z","buy","maker"
"0.82740000","1.80000000","2024-05-27T19:49:52.074Z","sell","maker"
"0.82830000","5.00000000","2024-05-27T19:49:48.366Z","buy","maker"
"0.83090000","1.70000000","2024-05-27T19:49:06.044Z","sell","maker"
"0.83100000","1.80000000","2024-05-27T19:49:00.041Z","sell","maker"
"0.83300000","12.00486000","2024-05-27T19:47:54.243Z","buy","maker"
"0.83440000","1.80000000","2024-05-27T19:46:21.951Z","sell","maker"
"0.83500000","1.70000000","2024-05-27T19:46:15.950Z","sell","maker"
"0.83530000","0.00000200","2024-05-27T19:44:26.932Z","sell","maker"
"0.83530000","1498.01377000","2024-05-27T19:44:26.928Z","sell","maker"
"0.83530000","1795.18739500","2024-05-27T19:44:26.924Z","sell","maker"
"0.83530000","564.54195000","2024-05-27T19:44:26.921Z","sell","maker"
"0.83540000","1.25688300","2024-05-27T19:44:26.917Z","buy","maker"
"0.84120000","1.19012100","2024-05-27T19:30:18.602Z","sell","maker"
"0.84110000","0.00000700","2024-05-27T19:30:10.944Z","buy","maker"
"0.84110000","1175.73909000","2024-05-27T19:30:10.942Z","buy","maker"
"0.84110000","62.95079800","2024-05-27T19:30:10.936Z","buy","maker"
"0.84120000","1187.04920100","2024-05-27T19:30:10.936Z","buy","maker"
"0.84140000","0.00000100","2024-05-27T19:30:10.936Z","buy","maker"
"0.84140000","645.43653000","2024-05-27T19:30:10.904Z","buy","maker"
"0.84000000","996.07291700","2024-05-27T19:22:38.505Z","sell","maker"
"0.84000000","323.92708300","2024-05-27T19:22:38.505Z","sell","maker"
"0.83910000","14.77456000","2024-05-27T19:21:52.776Z","buy","maker"
"0.84010000","0.45119900","2024-05-27T19:08:38.991Z","buy","maker"
"0.84170000","821.81683800","2024-05-27T19:08:33.448Z","sell","maker"
"0.84170000","378.18316200","2024-05-27T19:08:33.448Z","sell","maker"
"0.84000000","0.66555700","2024-05-27T19:08:08.879Z","buy","maker"
"0.84070000","1.43782300","2024-05-27T18:55:28.291Z","buy","maker"
"0.84180000","0.11722900","2024-05-27T18:54:17.899Z","sell","maker"
"0.84050000","8.87481800","2024-05-27T18:40:13.466Z","buy","maker"
"0.84110000","1.70000000","2024-05-27T18:39:17.676Z","buy","maker"
"0.84000000","679.52055400","2024-05-27T18:31:53.376Z","sell","maker"
"0.84000000","404.67944600","2024-05-27T18:31:53.376Z","sell","maker"
"0.83870000","1.44159100","2024-05-27T18:31:45.046Z","buy","maker"
"0.83900000","71.11390000","2024-05-27T18:30:41.303Z","sell","maker"
"0.83820000","9.44497100","2024-05-27T18:26:58.877Z","buy","maker"
"0.83780000","20.00000000","2024-05-27T18:15:15.243Z","buy","maker"
"0.83640000","17.89549000","2024-05-27T18:01:38.044Z","buy","maker"
"0.83780000","0.11991400","2024-05-27T18:00:09.509Z","sell","maker"
"0.83800000","0.11923400","2024-05-27T17:59:54.843Z","sell","maker"
"0.83590000","135.53151200","2024-05-27T17:51:57.873Z","buy","maker"
"0.83600000","258.00644300","2024-05-27T17:51:57.873Z","buy","maker"
"0.83630000","125.96690900","2024-05-27T17:46:24.450Z","buy","maker"
"0.83650000","1235.64241500","2024-05-27T17:46:24.450Z","buy","maker"
"0.83660000","111.22435700","2024-05-27T17:46:24.450Z","buy","maker"
"0.83660000","2500.00000000","2024-05-27T17:46:24.450Z","buy","maker"
"0.83670000","100.00000000","2024-05-27T17:46:24.450Z","buy","maker"
"0.83670000","400.00000000","2024-05-27T17:46:24.450Z","buy","maker"
"0.83680000","70.81531500","2024-05-27T17:46:24.450Z","buy","maker"
"0.83690000","1374.72791800","2024-05-27T17:46:24.450Z","buy","maker"
"0.83700000","356.75618600","2024-05-27T17:46:24.450Z","buy","maker"
"0.83560000","19.58591500","2024-05-27T17:23:39.141Z","buy","maker"
"0.83600000","206.27894700","2024-05-27T17:21:47.172Z","buy","maker"
"0.83630000","71.06235100","2024-05-27T17:21:47.172Z","buy","maker"
"0.83660000","262.16111100","2024-05-27T17:18:09.433Z","buy","maker"
"0.83810000","0.59701500","2024-05-27T17:17:29.175Z","sell","maker"
"0.83660000","1.41954000","2024-05-27T17:14:10.519Z","buy","maker"
"0.83930000","59.57345500","2024-05-27T17:08:25.514Z","sell","maker"
"0.83970000","1.19203700","2024-05-27T17:07:05.787Z","sell","maker"
"0.83850000","63.80564600","2024-05-27T17:03:15.474Z","buy","maker"
"0.84080000","1240.27622600","2024-05-27T17:00:51.175Z","sell","maker"
"0.84080000","66.00000000","2024-05-27T17:00:51.175Z","sell","maker"
"0.84070000","100.00000000","2024-05-27T17:00:51.175Z","sell","maker"
"0.84070000","40.00000000","2024-05-27T17:00:51.175Z","sell","maker"
"0.84060000","335.44883500","2024-05-27T17:00:51.175Z","sell","maker"
"0.83950000","1.80000000","2024-05-27T17:00:46.283Z","buy","maker"
"0.83950000","1.24579900","2024-05-27T17:00:32.306Z","sell","maker"
"0.83790000","2.44439100","2024-05-27T17:00:32.306Z","sell","maker"
"0.83760000","897.46937200","2024-05-27T16:50:41.426Z","buy","maker"
"0.83760000","81.00000000","2024-05-27T16:50:41.426Z","buy","maker"
"0.83740000","7.53062800","2024-05-27T16:50:41.420Z","sell","maker"
"0.83430000","2.77117000","2024-05-27T16:46:21.863Z","buy","maker"
"0.83200000","104.61706300","2024-05-27T16:21:42.957Z","buy","maker"
"0.83200000","62.46300700","2024-05-27T16:21:42.614Z","buy","maker"
"0.83620000","1354.32184700","2024-05-27T16:15:33.478Z","sell","maker"
"0.83610000","500.78907200","2024-05-27T16:15:33.478Z","sell","maker"
"0.83660000","105.00000000","2024-05-27T16:11:56.935Z","sell","maker"
"0.83640000","5.00000000","2024-05-27T16:11:56.935Z","sell","maker"
"0.83630000","12.56269700","2024-05-27T16:11:41.603Z","sell","maker"
"0.83630000","1.19645800","2024-05-27T16:11:39.570Z","sell","maker"
"0.83620000","3.30000000","2024-05-27T16:11:27.586Z","sell","maker"
"0.83620000","5.10000000","2024-05-27T16:11:26.584Z","sell","maker"
"0.83620000","11.90000000","2024-05-27T16:11:25.584Z","sell","maker"
"0.83620000","6.85000000","2024-05-27T16:11:24.586Z","sell","maker"
"0.83630000","1.80000000","2024-05-27T16:06:12.414Z","buy","maker"
"0.83630000","148.66041800","2024-05-27T16:05:56.793Z","buy","maker"
"0.83500000","25.00000000","2024-05-27T16:05:13.460Z","sell","maker"
"0.83320000","0.23966400","2024-05-27T15:59:53.932Z","buy","maker"
"0.83300000","12.49696200","2024-05-27T15:59:16.474Z","sell","maker"
"0.83290000","1.80000000","2024-05-27T15:56:24.076Z","buy","maker"
"0.83270000","2.47402300","2024-05-27T15:56:18.119Z","sell","maker"
"0.83220000","0.50438300","2024-05-27T15:51:35.546Z","buy","maker"
"0.83170000","0.67251100","2024-05-27T15:51:10.307Z","buy","maker"
"0.83140000","0.32424600","2024-05-27T15:50:13.871Z","buy","maker"
"0.83160000","13.22751300","2024-05-27T15:46:25.825Z","buy","maker"
"0.83110000","123.66041800","2024-05-27T15:42:58.913Z","sell","maker"
"0.82970000","800.74248600","2024-05-27T15:40:27.313Z","buy","maker"
"0.82990000","363.64288400","2024-05-27T15:40:27.313Z","buy","maker"
"0.82990000","93.01463000","2024-05-27T15:40:27.313Z","buy","maker"
"0.82930000","1.80000000","2024-05-27T15:39:00.458Z","buy","maker"
"0.82830000","5.00000000","2024-05-27T15:37:01.029Z","sell","maker"
"0.82690000","11.96953200","2024-05-27T15:36:00.423Z","sell","maker"
"0.82620000","10.86021100","2024-05-27T15:30:47.180Z","sell","maker"
"0.82560000","25.40000000","2024-05-27T15:26:22.034Z","buy","maker"
"0.82590000","6.00552000","2024-05-27T15:25:33.575Z","sell","maker"
"0.82500000","66.23893400","2024-05-27T15:23:34.589Z","sell","maker"
"0.82440000","0.12198900","2024-05-27T15:10:29.004Z","sell","maker"
"0.82440000","0.12158600","2024-05-27T15:10:24.318Z","sell","maker"
"0.82440000","0.12155900","2024-05-27T15:10:19.464Z","sell","maker"
"0.82460000","0.12126500","2024-05-27T15:10:13.926Z","sell","maker"
"0.82360000","432.65079000","2024-05-27T15:09:53.254Z","buy","maker"
"0.82360000","317.34921000","2024-05-27T15:09:53.254Z","buy","maker"
"0.82410000","1.21403400","2024-05-27T15:06:22.514Z","sell","maker"
"0.82420000","0.00946300","2024-05-27T15:02:56.317Z","sell","maker"
"0.82420000","0.00946300","2024-05-27T15:02:56.259Z","sell","maker"
"0.82420000","0.00946300","2024-05-27T15:02:56.194Z","sell","maker"
"0.82420000","0.00946300","2024-05-27T15:02:56.139Z","sell","maker"
"0.82420000","0.00946300","2024-05-27T15:02:56.078Z","sell","maker"
"0.82420000","0.00946300","2024-05-27T15:02:56.013Z","sell","maker"
"0.82420000","0.00946300","2024-05-27T15:02:55.952Z","sell","maker"
"0.82420000","0.00946300","2024-05-27T15:02:55.885Z","sell","maker"
"0.82420000","0.00946300","2024-05-27T15:02:55.824Z","sell","maker"
"0.82420000","0.00946300","2024-05-27T15:02:55.758Z","sell","maker"
"0.82420000","0.00946300","2024-05-27T15:02:55.699Z","sell","maker"
"0.82420000","0.00946300","2024-05-27T15:02:55.639Z","sell","maker"
"0.82420000","0.00946300","2024-05-27T15:02:55.581Z","sell","maker"
"0.82420000","0.00946300","2024-05-27T15:02:55.522Z","sell","maker"
"0.82420000","0.00946300","2024-05-27T15:02:55.464Z","sell","maker"
"0.82420000","0.00946300","2024-05-27T15:02:55.405Z","sell","maker"
"0.82420000","0.00946300","2024-05-27T15:02:55.343Z","sell","maker"
"0.82420000","0.00946300","2024-05-27T15:02:55.287Z","sell","maker"
"0.82420000","0.00946300","2024-05-27T15:02:55.224Z","sell","maker"
"0.82420000","0.00946300","2024-05-27T15:02:55.162Z","sell","maker"
"0.82420000","1.31973000","2024-05-27T15:02:55.134Z","sell","maker"
"0.82200000","1.47023000","2024-05-27T15:00:37.471Z","buy","maker"
"0.82230000","1.80000000","2024-05-27T14:58:00.075Z","buy","maker"
"0.81830000","1.22294200","2024-05-27T14:52:24.527Z","sell","maker"
"0.81490000","408.82733900","2024-05-27T14:49:38.809Z","buy","maker"
"0.81500000","112.34783600","2024-05-27T14:49:38.809Z","buy","maker"
"0.81510000","400.00000000","2024-05-27T14:49:38.809Z","buy","maker"
"0.81540000","1264.51702700","2024-05-27T14:49:38.809Z","buy","maker"
"0.81540000","129.81283400","2024-05-27T14:49:38.809Z","buy","maker"
"0.81550000","278.46249800","2024-05-27T14:49:38.809Z","buy","maker"
"0.81550000","95.97336200","2024-05-27T14:49:38.809Z","buy","maker"
"0.81560000","100.00000000","2024-05-27T14:49:38.809Z","buy","maker"
"0.81560000","1374.72791800","2024-05-27T14:49:38.809Z","buy","maker"
"0.81560000","335.33118600","2024-05-27T14:49:38.809Z","buy","maker"
"0.81730000","1.80000000","2024-05-27T14:48:27.737Z","sell","maker"
"0.81890000","162.70176000","2024-05-27T14:37:37.879Z","buy","maker"
"0.81890000","500.00000000","2024-05-27T14:37:37.877Z","buy","maker"
"0.82120000","236.54419300","2024-05-27T14:22:09.814Z","sell","maker"
"0.82120000","10.86203100","2024-05-27T14:21:54.763Z","sell","maker"
"0.82010000","0.46200600","2024-05-27T14:00:15.227Z","buy","maker"
"0.82080000","1.47228600","2024-05-27T13:58:41.970Z","buy","maker"
"0.82100000","0.00000200","2024-05-27T13:58:41.970Z","buy","maker"
"0.82100000","35.34484000","2024-05-27T13:58:41.923Z","buy","maker"
"0.82090000","40.00000000","2024-05-27T13:58:41.836Z","buy","maker"
"0.82110000","415.23885000","2024-05-27T13:58:41.831Z","buy","maker"
"0.82370000","1.21573100","2024-05-27T13:56:55.335Z","sell","maker"
"0.82410000","612.47554800","2024-05-27T13:48:02.278Z","buy","maker"
"0.82470000","343.72071000","2024-05-27T13:45:56.747Z","sell","maker"
"0.82460000","2.49969000","2024-05-27T13:45:56.747Z","sell","maker"
"0.82460000","309.27745200","2024-05-27T13:45:56.747Z","sell","maker"
"0.82410000","2.49968800","2024-05-27T13:45:56.747Z","sell","maker"
"0.82280000","1.80000000","2024-05-27T13:43:15.502Z","buy","maker"
"0.82340000","122.32814800","2024-05-27T13:43:12.816Z","sell","maker"
"0.82320000","40.00000000","2024-05-27T13:43:12.760Z","sell","maker"
"0.82320000","416.49490500","2024-05-27T13:43:12.760Z","sell","maker"
"0.82290000","10.12179600","2024-05-27T13:43:12.760Z","sell","maker"
"0.81800000","10.31666000","2024-05-27T13:34:15.457Z","buy","maker"
"0.81900000","1215.57930100","2024-05-27T13:30:47.281Z","buy","maker"
"0.82060000","86.66957500","2024-05-27T13:28:10.217Z","sell","maker"
"0.82040000","1218.62528300","2024-05-27T13:28:10.217Z","sell","maker"
"0.82020000","5.00000000","2024-05-27T13:28:10.217Z","sell","maker"
"0.82000000","59.70514200","2024-05-27T13:28:10.217Z","sell","maker"
"0.81970000","218.29703200","2024-05-27T13:25:20.431Z","sell","maker"
"0.81970000","284.07913100","2024-05-27T13:25:20.431Z","sell","maker"
"0.81910000","1.80000000","2024-05-27T13:24:45.881Z","buy","maker"
"0.81860000","12.52049600","2024-05-27T13:24:41.378Z","sell","maker"
"0.81790000","59.80693000","2024-05-27T13:24:27.069Z","sell","maker"
"0.81510000","682.23473500","2024-05-27T13:13:28.946Z","buy","maker"
"0.81150000","2.10113200","2024-05-27T12:46:12.530Z","buy","maker"
"0.81070000","190.00000000","2024-05-27T12:36:49.384Z","buy","maker"
"0.81600000","320.39278000","2024-05-27T12:03:00.279Z","sell","maker"
"0.81600000","500.00000000","2024-05-27T12:03:00.275Z","sell","maker"
"0.81610000","112.60721200","2024-05-27T12:03:00.101Z","buy","maker"
"0.81630000","1086.68237200","2024-05-27T12:02:59.010Z","sell","maker"
"0.81630000","1222.41073100","2024-05-27T12:02:58.999Z","buy","maker"
"0.81630000","664.24598100","2024-05-27T12:02:58.999Z","buy","maker"
"0.81650000","95.79238500","2024-05-27T12:02:58.999Z","buy","maker"
"0.81670000","116.08990900","2024-05-27T12:02:58.999Z","buy","maker"
"0.81690000","1374.72791800","2024-05-27T12:02:58.999Z","buy","maker"
"0.81700000","40.00000000","2024-05-27T12:02:58.999Z","buy","maker"
"0.81700000","100.00000000","2024-05-27T12:02:58.999Z","buy","maker"
"0.81730000","500.00000000","2024-05-27T12:02:56.918Z","sell","maker"
"0.81680000","1098.45763000","2024-05-27T12:02:50.130Z","sell","maker"
"0.81680000","907.64358700","2024-05-27T12:02:50.045Z","sell","maker"
"0.81680000","928.93914900","2024-05-27T12:02:50.019Z","sell","maker"
"0.81680000","664.26039600","2024-05-27T12:02:50.007Z","buy","maker"
"0.81690000","59.79150100","2024-05-27T12:02:50.007Z","buy","maker"
"0.81690000","232.17981900","2024-05-27T12:02:50.007Z","buy","maker"
"0.81760000","40.00000000","2024-05-27T12:02:50.007Z","buy","maker"
"0.81760000","100.00000000","2024-05-27T12:02:50.007Z","buy","maker"
"0.81760000","1374.72791800","2024-05-27T12:02:50.007Z","buy","maker"
"0.81770000","532.84596000","2024-05-27T12:02:47.929Z","sell","maker"
"0.81710000","1.38158700","2024-05-27T11:54:07.994Z","buy","maker"
"0.81630000","2.33938000","2024-05-27T11:21:08.468Z","buy","maker"
"0.81660000","5.00000000","2024-05-27T11:14:01.884Z","sell","maker"
"0.81650000","9.87292500","2024-05-27T11:14:01.884Z","sell","maker"
"0.81610000","770.00000000","2024-05-27T11:08:30.941Z","sell","maker"
"0.81550000","1.80000000","2024-05-27T10:33:40.011Z","buy","maker"
"0.81300000","3.20956100","2024-05-27T10:28:54.940Z","buy","maker"
"0.81350000","1.29085000","2024-05-27T10:08:24.458Z","buy","maker"
"0.81190000","1.80000000","2024-05-27T10:00:33.870Z","buy","maker"
"0.80970000","475.69045400","2024-05-27T09:05:13.381Z","buy","maker"
"0.80930000","371.56570500","2024-05-27T09:04:37.361Z","buy","maker"
"0.80930000","395.44569600","2024-05-27T09:04:37.361Z","buy","maker"
"0.81060000","100.00000000","2024-05-27T08:41:40.110Z","buy","maker"
"0.81130000","0.00000500","2024-05-27T08:41:40.108Z","buy","maker"
"0.81130000","463.32381000","2024-05-27T08:41:40.107Z","buy","maker"
"0.80970000","24.28172500","2024-05-27T08:38:20.206Z","buy","maker"
"0.80930000","1.23563600","2024-05-27T08:15:11.336Z","sell","maker"
"0.81150000","283.01506200","2024-05-27T08:02:09.650Z","sell","maker"
"0.81090000","265.07266200","2024-05-27T08:02:09.650Z","sell","maker"
"0.81070000","132.53633100","2024-05-27T08:02:09.650Z","sell","maker"
"0.81060000","100.00000000","2024-05-27T08:02:09.650Z","sell","maker"
"0.81020000","40.00000000","2024-05-27T08:02:09.650Z","sell","maker"
"0.81020000","561.17992600","2024-05-27T08:02:09.650Z","sell","maker"
"0.81010000","288.19601900","2024-05-27T08:02:09.650Z","sell","maker"
"0.81020000","154.82519800","2024-05-27T08:02:06.142Z","sell","maker"
"0.81010000","295.17480200","2024-05-27T08:02:06.142Z","sell","maker"
"0.81010000","100.00000000","2024-05-27T08:02:06.142Z","sell","maker"
"0.80890000","130.00000000","2024-05-27T08:02:05.896Z","sell","maker"
"0.80790000","1370.00000000","2024-05-27T07:52:01.367Z","sell","maker"
"0.80740000","164.29548600","2024-05-27T07:42:29.760Z","sell","maker"
"0.80740000","128.69199100","2024-05-27T07:42:29.759Z","sell","maker"
"0.80740000","51.41714400","2024-05-27T07:42:29.757Z","sell","maker"
"0.80740000","102.12351800","2024-05-27T07:42:29.756Z","sell","maker"
"0.80740000","73.40572100","2024-05-27T07:42:29.756Z","sell","maker"
"0.80740000","56.39074000","2024-05-27T07:42:29.754Z","sell","maker"
"0.80740000","62.61536500","2024-05-27T07:42:29.749Z","sell","maker"
"0.80720000","0.00000900","2024-05-27T07:42:29.749Z","sell","maker"
"0.80720000","34.24449000","2024-05-27T07:42:29.747Z","sell","maker"
"0.80720000","100.94371400","2024-05-27T07:42:29.742Z","sell","maker"
"0.80710000","0.00000200","2024-05-27T07:42:29.742Z","sell","maker"
"0.80710000","110.81267000","2024-05-27T07:42:29.725Z","sell","maker"
"0.80710000","338.06554400","2024-05-27T07:42:29.720Z","sell","maker"
"0.80700000","100.00000000","2024-05-27T07:42:29.713Z","sell","maker"
"0.80710000","500.00000000","2024-05-27T07:42:29.707Z","sell","maker"
"0.80680000","412.86705600","2024-05-27T07:42:29.703Z","sell","maker"
"0.80400000","1.82799200","2024-05-27T07:37:16.916Z","buy","maker"
"0.80430000","12.52049600","2024-05-27T07:37:16.916Z","buy","maker"
"0.80550000","3.88522900","2024-05-27T07:37:16.916Z","buy","maker"
"0.80550000","6.72605100","2024-05-27T07:34:37.166Z","buy","maker"
"0.80560000","6.71962900","2024-05-27T07:33:12.816Z","buy","maker"
"0.80660000","1.80000000","2024-05-27T07:28:07.703Z","sell","maker"
"0.80590000","289.14209800","2024-05-27T07:28:06.904Z","buy","maker"
"0.80600000","0.00000600","2024-05-27T07:28:06.904Z","buy","maker"
"0.80600000","39.99999400","2024-05-27T07:28:06.903Z","buy","maker"
"0.80600000","121.16076600","2024-05-27T07:28:06.903Z","buy","maker"
"0.80600000","127.01201500","2024-05-27T07:28:06.899Z","buy","maker"
"0.80620000","1.40659900","2024-05-27T07:28:06.899Z","buy","maker"
"0.80650000","18.33347800","2024-05-27T07:24:06.643Z","buy","maker"
"0.80920000","1.80000000","2024-05-27T07:24:02.559Z","sell","maker"
"0.80740000","246.18232900","2024-05-27T07:24:02.278Z","buy","maker"
"0.80750000","386.07129600","2024-05-27T07:24:02.278Z","buy","maker"
"0.80920000","128.41861400","2024-05-27T07:24:02.159Z","sell","maker"
"0.80920000","77.11661600","2024-05-27T07:24:02.150Z","sell","maker"
"0.80920000","130.24319500","2024-05-27T07:24:02.148Z","sell","maker"
"0.80920000","242.94305900","2024-05-27T07:24:01.993Z","sell","maker"
"0.80910000","670.44795000","2024-05-27T07:23:59.015Z","buy","maker"
"0.80890000","114.39326000","2024-05-27T07:23:58.991Z","buy","maker"
"0.80870000","45.08337000","2024-05-27T07:23:58.985Z","buy","maker"
"0.80850000","1396.44554600","2024-05-27T07:23:58.972Z","buy","maker"
"0.80860000","40.00000000","2024-05-27T07:23:58.972Z","buy","maker"
"0.80860000","431.50874900","2024-05-27T07:23:58.972Z","buy","maker"
"0.80880000","232.04570500","2024-05-27T07:23:58.972Z","buy","maker"
"0.80900000","0.00000400","2024-05-27T07:23:58.966Z","buy","maker"
"0.80900000","92.21281000","2024-05-27T07:23:58.962Z","buy","maker"
"0.80910000","113.23643300","2024-05-27T07:23:58.958Z","buy","maker"
"0.80910000","2.78641900","2024-05-27T07:23:58.956Z","buy","maker"
"0.80860000","46.93600300","2024-05-27T07:23:58.917Z","buy","maker"
"0.80890000","81.12031000","2024-05-27T07:23:58.917Z","buy","maker"
"0.80890000","945.00000000","2024-05-27T07:23:58.912Z","buy","maker"
"0.80890000","260.61748000","2024-05-27T07:23:58.906Z","buy","maker"
"0.80900000","670.16012900","2024-05-27T07:23:58.906Z","buy","maker"
"0.80930000","239.22237600","2024-05-27T07:23:58.906Z","buy","maker"
"0.80940000","0.00001500","2024-05-27T07:23:58.906Z","buy","maker"
"0.80940000","119.61117300","2024-05-27T07:23:58.905Z","buy","maker"
"0.80950000","0.00000700","2024-05-27T07:23:58.905Z","buy","maker"
"0.80950000","174.11273000","2024-05-27T07:23:58.903Z","buy","maker"
"0.80960000","100.00000000","2024-05-27T07:23:58.900Z","buy","maker"
"0.80960000","40.00000000","2024-05-27T07:23:58.900Z","buy","maker"
"0.80960000","986.92862400","2024-05-27T07:23:58.900Z","buy","maker"
"0.80960000","391.78716200","2024-05-27T07:23:58.900Z","buy","maker"
"0.81540000","1.80000000","2024-05-27T07:09:24.069Z","buy","maker"
"0.81030000","1.80000000","2024-05-27T06:52:07.492Z","sell","maker"
"0.81340000","981.48282200","2024-05-27T06:36:18.713Z","sell","maker"
"0.81320000","980.77972200","2024-05-27T06:36:16.956Z","buy","maker"
"0.81340000","269.37947500","2024-05-27T06:31:39.157Z","buy","maker"
"0.81630000","251.97693200","2024-05-27T06:22:06.689Z","sell","maker"
"0.81570000","125.98846600","2024-05-27T06:22:06.689Z","sell","maker"
"0.81550000","5.07075700","2024-05-27T06:22:06.689Z","sell","maker"
"0.81470000","274.84513000","2024-05-27T06:22:06.689Z","sell","maker"
"0.81470000","999.99999800","2024-05-27T06:22:06.688Z","sell","maker"
"0.81460000","0.00000200","2024-05-27T06:22:06.688Z","sell","maker"
"0.81460000","394.54665000","2024-05-27T06:22:06.688Z","sell","maker"
"0.81280000","0.00000100","2024-05-27T06:21:06.049Z","sell","maker"
"0.81280000","344.42434000","2024-05-27T06:21:06.048Z","sell","maker"
"0.81040000","2.27207700","2024-05-27T06:05:36.181Z","buy","maker"
"0.81530000","1.80000000","2024-05-27T05:41:56.080Z","buy","maker"
"0.81370000","0.00049100","2024-05-27T05:34:45.135Z","sell","maker"
"0.81370000","1.22354800","2024-05-27T05:34:45.113Z","sell","maker"
"0.81010000","1.80000000","2024-05-27T05:29:47.670Z","sell","maker"
"0.81020000","246.05346800","2024-05-27T05:29:28.851Z","buy","maker"
"0.81210000","5.00000000","2024-05-27T05:29:13.318Z","buy","maker"
"0.81310000","0.38516900","2024-05-27T05:20:23.252Z","buy","maker"
"0.81440000","1.80000000","2024-05-27T05:18:20.274Z","sell","maker"
"0.81300000","0.00000500","2024-05-27T05:18:18.122Z","sell","maker"
"0.81300000","268.72022000","2024-05-27T05:18:18.120Z","sell","maker"
"0.81300000","651.71427000","2024-05-27T05:18:18.116Z","sell","maker"
"0.81300000","747.31326900","2024-05-27T05:18:18.111Z","sell","maker"
"0.81300000","286.52431800","2024-05-27T05:18:18.065Z","sell","maker"
"0.81360000","1374.72791800","2024-05-27T05:18:18.023Z","buy","maker"
"0.81440000","1.28929300","2024-05-27T05:03:56.677Z","buy","maker"
"0.81450000","7.39376600","2024-05-27T05:03:56.677Z","buy","maker"
"0.81910000","19.22978600","2024-05-27T04:39:09.533Z","buy","maker"
"0.81810000","3.11284600","2024-05-27T04:24:59.229Z","buy","maker"
"0.81820000","61.10975400","2024-05-27T04:01:32.098Z","sell","maker"
"0.81660000","18.44911100","2024-05-27T03:59:00.883Z","buy","maker"
"0.81740000","117.00155000","2024-05-27T03:53:55.756Z","buy","maker"
"0.81770000","0.00000700","2024-05-27T03:53:55.756Z","buy","maker"
"0.81770000","299.08198000","2024-05-27T03:53:55.706Z","buy","maker"
"0.81780000","453.69443700","2024-05-27T03:53:55.704Z","buy","maker"
"0.82020000","7.19214900","2024-05-27T03:37:13.870Z","buy","maker"
"0.82020000","5.00000000","2024-05-27T03:37:13.864Z","sell","maker"
"0.81800000","1.47768200","2024-05-27T03:22:30.060Z","buy","maker"
"0.81650000","192.00000000","2024-05-27T03:05:55.931Z","sell","maker"
"0.81650000","500.00000000","2024-05-27T03:05:55.929Z","sell","maker"
"0.81620000","1.22264300","2024-05-27T02:48:07.762Z","buy","maker"
"0.81810000","0.26845600","2024-05-27T02:35:19.587Z","buy","maker"
"0.81800000","0.41498800","2024-05-27T02:33:55.849Z","buy","maker"
"0.81600000","49.40687300","2024-05-27T02:15:09.329Z","buy","maker"
"0.81530000","14.56972800","2024-05-27T02:14:47.811Z","buy","maker"
"0.81670000","0.00489500","2024-05-27T02:08:02.889Z","sell","maker"
"0.81670000","12.14219800","2024-05-27T02:08:02.863Z","sell","maker"
"0.81600000","22.61040600","2024-05-27T02:07:58.448Z","buy","maker"
"0.81750000","19.32419900","2024-05-27T02:07:08.362Z","sell","maker"
"0.81880000","0.00000400","2024-05-27T02:05:15.947Z","buy","maker"
"0.81880000","41.57443000","2024-05-27T02:03:47.433Z","buy","maker"
"0.81880000","12.52049600","2024-05-27T02:03:47.427Z","buy","maker"
"0.81780000","76.34413200","2024-05-27T01:58:26.350Z","buy","maker"
"0.81900000","1.80000000","2024-05-27T01:52:24.219Z","buy","maker"
"0.81860000","12.52049600","2024-05-27T01:52:18.272Z","sell","maker"
"0.81650000","10.49582600","2024-05-27T01:47:20.452Z","sell","maker"
"0.81550000","1.80000000","2024-05-27T01:45:43.997Z","buy","maker"
"0.80950000","123.22421000","2024-05-27T01:25:19.851Z","buy","maker"
"0.81020000","117.62206900","2024-05-27T01:23:18.342Z","sell","maker"
"0.80870000","8.52310400","2024-05-27T01:11:41.679Z","buy","maker"
"0.80900000","124.62981200","2024-05-27T01:03:26.783Z","buy","maker"
"0.81020000","576.68731000","2024-05-27T01:01:20.812Z","buy","maker"
"0.81030000","442.23134600","2024-05-27T01:01:20.812Z","buy","maker"
"0.80930000","5.08622300","2024-05-27T00:57:11.896Z","buy","maker"
"0.80940000","404.05729400","2024-05-27T00:51:34.311Z","buy","maker"
"0.80950000","521.17975800","2024-05-27T00:51:34.311Z","buy","maker"
"0.80910000","1332.54519700","2024-05-27T00:50:01.160Z","buy","maker"
"0.80920000","607.28909500","2024-05-27T00:50:01.160Z","buy","maker"
"0.81050000","4.89748300","2024-05-27T00:44:16.448Z","sell","maker"
"0.81150000","1.55403700","2024-05-27T00:09:39.587Z","buy","maker"
"0.80940000","321.79202100","2024-05-26T23:57:09.112Z","buy","maker"
"0.81010000","1094.60887400","2024-05-26T23:30:33.210Z","sell","maker"
"0.81000000","100.00000000","2024-05-26T23:30:33.210Z","sell","maker"
"0.80990000","390.64272100","2024-05-26T23:30:33.210Z","sell","maker"
"0.80980000","40.00000000","2024-05-26T23:30:33.210Z","sell","maker"
"0.80970000","365.74981200","2024-05-26T23:30:33.210Z","sell","maker"
"0.81080000","577.58049900","2024-05-26T23:17:43.933Z","buy","maker"
"0.81090000","300.00000000","2024-05-26T23:17:43.933Z","buy","maker"
"0.81090000","100.00000000","2024-05-26T23:17:43.933Z","buy","maker"
"0.81090000","90.51333700","2024-05-26T23:17:43.933Z","buy","maker"
"0.81120000","241.27077600","2024-05-26T23:17:43.933Z","buy","maker"
"0.81140000","120.63538800","2024-05-26T23:17:43.933Z","buy","maker"
"0.81150000","40.00000000","2024-05-26T23:17:43.933Z","buy","maker"
"0.81210000","1370.00000000","2024-05-26T23:17:26.220Z","buy","maker"
"0.81360000","1355.57465900","2024-05-26T23:15:33.323Z","buy","maker"
"0.81360000","500.00000000","2024-05-26T23:15:33.322Z","buy","maker"
"0.81370000","399.81230300","2024-05-26T23:06:55.809Z","buy","maker"
"0.81310000","0.12366300","2024-05-26T23:05:45.114Z","sell","maker"
"0.81300000","0.12367800","2024-05-26T23:05:44.939Z","sell","maker"
"0.81290000","7.56069100","2024-05-26T23:03:36.572Z","buy","maker"
"0.81290000","7.06095400","2024-05-26T23:03:34.070Z","buy","maker"
"0.81290000","37.80233900","2024-05-26T23:03:26.611Z","buy","maker"
"0.81260000","170.00000000","2024-05-26T22:46:48.433Z","buy","maker"
"0.81260000","300.00000000","2024-05-26T22:46:48.433Z","buy","maker"
"0.81280000","10.00989400","2024-05-26T22:42:52.504Z","buy","maker"
"0.81210000","5.00000000","2024-05-26T22:28:45.570Z","sell","maker"
"0.81200000","12.70929400","2024-05-26T22:22:59.573Z","buy","maker"
"0.81200000","12.59796900","2024-05-26T22:22:56.336Z","buy","maker"
"0.81200000","8.22441500","2024-05-26T22:22:51.574Z","buy","maker"
"0.81200000","5.17021200","2024-05-26T22:22:48.341Z","buy","maker"
"0.81200000","10.41638000","2024-05-26T22:22:45.096Z","buy","maker"
"0.81200000","3.08425600","2024-05-26T22:22:42.001Z","buy","maker"
"0.81200000","8.22564600","2024-05-26T22:22:38.738Z","buy","maker"
"0.81200000","5.48770700","2024-05-26T22:22:36.573Z","buy","maker"
"0.81200000","8.39957700","2024-05-26T22:22:33.241Z","buy","maker"
"0.81200000","12.54652400","2024-05-26T22:22:29.897Z","buy","maker"
"0.81200000","11.70968000","2024-05-26T22:22:27.056Z","buy","maker"
"0.81200000","7.70739800","2024-05-26T22:22:24.561Z","buy","maker"
"0.81200000","13.61109800","2024-05-26T22:22:21.726Z","buy","maker"
"0.81200000","10.02434900","2024-05-26T22:22:19.326Z","buy","maker"
"0.81200000","6.37028200","2024-05-26T22:22:15.675Z","buy","maker"
"0.81200000","6.47758600","2024-05-26T22:21:11.773Z","buy","maker"
"0.81200000","7.81058300","2024-05-26T22:21:08.451Z","buy","maker"
"0.81200000","5.65912300","2024-05-26T22:21:06.056Z","buy","maker"
"0.81200000","10.12548900","2024-05-26T22:21:03.814Z","buy","maker"
"0.81200000","8.39570600","2024-05-26T22:20:59.576Z","buy","maker"
"0.81200000","9.23652700","2024-05-26T22:20:56.884Z","buy","maker"
"0.81180000","1.80000000","2024-05-26T22:20:19.881Z","buy","maker"
"0.81140000","18.30170100","2024-05-26T22:18:24.252Z","sell","maker"
"0.81190000","6.51505500","2024-05-26T22:15:10.217Z","sell","maker"
"0.80940000","1.49419600","2024-05-26T22:06:39.321Z","buy","maker"
"0.80860000","1.80000000","2024-05-26T22:00:10.172Z","buy","maker"
"0.80500000","1.80000000","2024-05-26T21:50:07.818Z","buy","maker"
"0.80320000","1.50581700","2024-05-26T21:45:32.059Z","buy","maker"
"0.80020000","1.80000000","2024-05-26T21:32:56.217Z","sell","maker"
"0.80220000","90.51309500","2024-05-26T21:20:54.865Z","buy","maker"
"0.80220000","121.85392700","2024-05-26T21:20:54.865Z","buy","maker"
"0.80280000","381.31644500","2024-05-26T21:20:53.871Z","buy","maker"
"0.80360000","10.73928600","2024-05-26T21:17:48.000Z","buy","maker"
"0.80160000","1.50844600","2024-05-26T21:02:58.073Z","buy","maker"
"0.80480000","1.24254500","2024-05-26T20:45:57.404Z","sell","maker"
"0.80480000","1.80000000","2024-05-26T20:38:32.355Z","buy","maker"
"0.80260000","120.73660200","2024-05-26T20:11:55.147Z","buy","maker"
"0.80250000","0.12437800","2024-05-26T19:52:48.580Z","buy","maker"
"0.80000000","13.31538400","2024-05-26T18:55:00.677Z","buy","maker"
"0.79950000","0.00050000","2024-05-26T18:36:12.280Z","sell","maker"
"0.79950000","1.24528000","2024-05-26T18:36:12.255Z","sell","maker"
"0.79960000","5.41891100","2024-05-26T18:19:56.999Z","buy","maker"
"0.80030000","0.62967600","2024-05-26T18:18:26.187Z","buy","maker"
"0.80150000","880.00000000","2024-05-26T18:09:17.025Z","sell","maker"
"0.80120000","488.16356200","2024-05-26T18:09:14.965Z","buy","maker"
"0.80250000","105.02032800","2024-05-26T17:29:33.293Z","sell","maker"
"0.80240000","40.00000000","2024-05-26T17:29:33.293Z","sell","maker"
"0.80210000","249.51809500","2024-05-26T17:29:33.293Z","sell","maker"
"0.80190000","124.75904700","2024-05-26T17:29:33.293Z","sell","maker"
"0.80160000","250.33495100","2024-05-26T17:29:33.293Z","sell","maker"
"0.80150000","428.17109500","2024-05-26T17:29:33.293Z","sell","maker"
"0.80050000","12.37285500","2024-05-26T17:29:33.293Z","sell","maker"
"0.80050000","1.80000000","2024-05-26T17:25:25.753Z","sell","maker"
"0.80590000","51.78605100","2024-05-26T16:50:15.519Z","buy","maker"
"0.80590000","476.94962700","2024-05-26T16:50:15.519Z","buy","maker"
"0.80610000","60.44361700","2024-05-26T16:50:15.519Z","buy","maker"
"0.80610000","42.82070500","2024-05-26T16:50:15.519Z","buy","maker"
"0.80490000","669.75476600","2024-05-26T16:40:01.772Z","buy","maker"
"0.80340000","97.98090600","2024-05-26T16:24:03.751Z","sell","maker"
"0.80340000","133.75101600","2024-05-26T16:24:03.743Z","sell","maker"
"0.80340000","256.43164000","2024-05-26T16:24:03.730Z","sell","maker"
"0.80170000","669.75476600","2024-05-26T16:20:36.783Z","sell","maker"
"0.80340000","133.68414700","2024-05-26T16:18:34.128Z","sell","maker"
"0.80290000","103.09538600","2024-05-26T15:53:37.411Z","buy","maker"
"0.80320000","1.80000000","2024-05-26T15:51:49.518Z","sell","maker"
"0.80360000","449.27143000","2024-05-26T15:51:37.513Z","buy","maker"
"0.80360000","599.20461700","2024-05-26T15:51:31.288Z","buy","maker"
"0.80400000","5.00000000","2024-05-26T15:51:31.288Z","buy","maker"
"0.80680000","1.80000000","2024-05-26T15:47:08.348Z","sell","maker"
"0.81370000","0.00737000","2024-05-26T15:31:59.033Z","sell","maker"
"0.81370000","18.32608400","2024-05-26T15:31:59.000Z","sell","maker"
"0.81210000","5.00000000","2024-05-26T15:31:49.466Z","sell","maker"
"0.81180000","1.80000000","2024-05-26T15:01:33.783Z","buy","maker"
"0.80910000","1.80000000","2024-05-26T14:47:30.304Z","buy","maker"
"0.80930000","564.50781000","2024-05-26T14:47:26.700Z","sell","maker"
"0.80500000","1.80000000","2024-05-26T14:44:58.222Z","buy","maker"
"0.80340000","8.49846800","2024-05-26T14:22:49.803Z","sell","maker"
"0.80430000","61.87545000","2024-05-26T14:08:35.979Z","sell","maker"
"0.80140000","5.85950900","2024-05-26T13:44:36.028Z","sell","maker"
"0.80040000","1.80000000","2024-05-26T13:41:50.052Z","sell","maker"
"0.79990000","1.51174400","2024-05-26T13:41:07.375Z","buy","maker"
"0.80120000","14.75784900","2024-05-26T13:36:38.218Z","buy","maker"
"0.80390000","40.58012400","2024-05-26T13:02:22.212Z","buy","maker"
"0.80430000","18.62197400","2024-05-26T12:30:26.568Z","buy","maker"
"0.80330000","67.68671300","2024-05-26T12:15:44.576Z","sell","maker"
"0.80330000","66.28378300","2024-05-26T12:15:44.565Z","sell","maker"
"0.80330000","259.43782700","2024-05-26T12:15:44.556Z","sell","maker"
"0.80330000","210.79628500","2024-05-26T12:15:44.551Z","sell","maker"
"0.80380000","1000.00000000","2024-05-26T12:15:17.179Z","buy","maker"
"0.80520000","673.19270000","2024-05-26T12:12:12.650Z","buy","maker"
"0.80520000","574.40062600","2024-05-26T11:45:22.404Z","sell","maker"
"0.80520000","993.88939800","2024-05-26T11:45:19.070Z","sell","maker"
"0.80560000","27.88862800","2024-05-26T11:39:45.264Z","buy","maker"
"0.80710000","7.66115700","2024-05-26T11:12:14.890Z","buy","maker"
"0.80640000","0.00000900","2024-05-26T11:11:35.273Z","sell","maker"
"0.80640000","1292.03991500","2024-05-26T11:11:35.269Z","sell","maker"
"0.80630000","0.00000500","2024-05-26T11:11:35.269Z","sell","maker"
"0.80630000","702.49171000","2024-05-26T11:11:35.268Z","sell","maker"
"0.80390000","2.43327100","2024-05-26T10:48:28.747Z","buy","maker"
"0.80470000","1.24239000","2024-05-26T10:16:58.669Z","sell","maker"
"0.79880000","613.79111600","2024-05-26T09:49:15.990Z","buy","maker"
"0.79910000","677.82045600","2024-05-26T09:49:15.990Z","buy","maker"
"0.79910000","90.28897000","2024-05-26T09:49:15.958Z","buy","maker"
"0.79980000","534.76239300","2024-05-26T09:49:15.922Z","buy","maker"
"0.79980000","995.23760700","2024-05-26T09:49:15.922Z","buy","maker"
"0.80030000","309.22430000","2024-05-26T09:49:15.900Z","buy","maker"
"0.80030000","979.99999200","2024-05-26T09:49:15.895Z","buy","maker"
"0.80040000","0.00000800","2024-05-26T09:49:15.895Z","buy","maker"
"0.80040000","676.82949000","2024-05-26T09:49:15.880Z","buy","maker"
"0.80090000","1374.72791000","2024-05-26T09:49:15.875Z","buy","maker"
"0.80180000","1206.64795700","2024-05-26T09:42:10.600Z","buy","maker"
"0.80210000","241.36278900","2024-05-26T09:42:10.600Z","buy","maker"
"0.80220000","1298.80181500","2024-05-26T09:42:10.600Z","buy","maker"
"0.80220000","2500.00000000","2024-05-26T09:42:10.600Z","buy","maker"
"0.80230000","998.41645100","2024-05-26T09:42:10.600Z","buy","maker"
"0.80240000","120.68139400","2024-05-26T09:42:10.600Z","buy","maker"
"0.80250000","675.36568700","2024-05-26T09:42:10.600Z","buy","maker"
"0.80250000","184.55010300","2024-05-26T09:42:10.600Z","buy","maker"
"0.80260000","61.99053800","2024-05-26T09:42:10.600Z","buy","maker"
"0.80260000","1374.72791800","2024-05-26T09:42:10.600Z","buy","maker"
"0.80300000","623.99922300","2024-05-26T09:36:48.777Z","buy","maker"
"0.80310000","344.68804600","2024-05-26T09:36:48.661Z","buy","maker"
"0.80310000","40.47849300","2024-05-26T09:36:48.661Z","buy","maker"
"0.80350000","1.80000000","2024-05-26T09:31:26.384Z","sell","maker"
"0.80290000","18.44911100","2024-05-26T09:31:05.804Z","buy","maker"
"0.80310000","124.41380900","2024-05-26T09:30:56.243Z","buy","maker"
"0.80310000","248.82761700","2024-05-26T09:30:56.243Z","buy","maker"
"0.80400000","5.00000000","2024-05-26T09:30:56.243Z","buy","maker"
"0.80710000","3.28709800","2024-05-26T09:00:58.941Z","buy","maker"
"0.80590000","1.05652100","2024-05-26T08:59:30.443Z","buy","maker"
"0.80530000","673.16285500","2024-05-26T08:50:39.302Z","buy","maker"
"0.80540000","168.70321100","2024-05-26T08:50:19.128Z","buy","maker"
"0.80550000","602.77529900","2024-05-26T08:50:19.128Z","buy","maker"
"0.80550000","1288.24524900","2024-05-26T08:50:19.121Z","buy","maker"
"0.80560000","458.31554300","2024-05-26T08:50:19.121Z","buy","maker"
"0.80560000","125.70371700","2024-05-26T08:50:19.121Z","buy","maker"
"0.80680000","1.80000000","2024-05-26T08:50:01.960Z","sell","maker"
"0.80940000","0.12286800","2024-05-26T08:45:04.478Z","buy","maker"
"0.80980000","0.17258400","2024-05-26T08:40:14.115Z","buy","maker"
"0.81210000","5.00000000","2024-05-26T08:29:36.243Z","sell","maker"
"0.81200000","1.80000000","2024-05-26T08:29:10.231Z","buy","maker"
"0.80700000","1286.31625000","2024-05-26T08:11:16.940Z","sell","maker"
"0.80660000","539.38810000","2024-05-26T08:11:16.931Z","sell","maker"
"0.80960000","8.39125200","2024-05-26T07:51:35.434Z","sell","maker"
"0.80610000","4.92360200","2024-05-26T07:10:37.786Z","sell","maker"
"0.80530000","162.98461800","2024-05-26T06:59:08.125Z","buy","maker"
"0.80710000","0.00000900","2024-05-26T06:46:04.221Z","sell","maker"
"0.80710000","429.07276000","2024-05-26T06:46:04.216Z","sell","maker"
"0.80580000","267.51865700","2024-05-26T06:44:16.793Z","sell","maker"
"0.80620000","239.41501700","2024-05-26T06:40:00.271Z","sell","maker"
"0.80590000","119.70750800","2024-05-26T06:40:00.271Z","sell","maker"
"0.80580000","538.60341900","2024-05-26T06:40:00.271Z","sell","maker"
"0.80550000","14.29041300","2024-05-26T06:20:14.306Z","sell","maker"
"0.80400000","5.00000000","2024-05-26T05:05:52.493Z","buy","maker"
"0.80430000","12.52049600","2024-05-26T05:05:14.283Z","buy","maker"
"0.80460000","10.23313600","2024-05-26T05:03:37.137Z","buy","maker"
"0.80530000","14.67013900","2024-05-26T04:45:44.803Z","buy","maker"
"0.80680000","1.80000000","2024-05-26T04:39:22.234Z","sell","maker"
"0.80960000","8.38917900","2024-05-26T04:33:04.022Z","sell","maker"
"0.80700000","960.75815900","2024-05-26T04:32:25.330Z","buy","maker"
"0.80720000","46.12569400","2024-05-26T04:32:25.330Z","buy","maker"
"0.80820000","223.11614700","2024-05-26T04:32:25.330Z","buy","maker"
"0.80720000","625.37113500","2024-05-26T04:32:25.325Z","buy","maker"
"0.80730000","60.78589400","2024-05-26T04:32:25.325Z","buy","maker"
"0.80740000","495.46368500","2024-05-26T04:32:25.325Z","buy","maker"
"0.80740000","48.37928600","2024-05-26T04:32:25.325Z","buy","maker"
"0.80740000","74.96666500","2024-05-26T04:32:25.317Z","buy","maker"
"0.80800000","222.86147200","2024-05-26T04:32:25.317Z","buy","maker"
"0.80810000","400.00000000","2024-05-26T04:32:25.317Z","buy","maker"
"0.80820000","532.17186300","2024-05-26T04:32:25.317Z","buy","maker"
"0.81040000","1.80000000","2024-05-26T04:32:05.985Z","sell","maker"
"0.81360000","388.32680700","2024-05-26T04:08:55.105Z","buy","maker"
"0.81360000","1.00000000","2024-05-26T04:08:55.105Z","buy","maker"
"0.81370000","45.93567200","2024-05-26T04:08:55.105Z","buy","maker"
"0.81430000","330.87955600","2024-05-26T03:49:46.754Z","buy","maker"
"0.81450000","416.34592300","2024-05-26T03:49:46.754Z","buy","maker"
"0.81450000","124.59187000","2024-05-26T03:49:46.754Z","buy","maker"
"0.81530000","55.95581500","2024-05-26T03:49:40.043Z","sell","maker"
"0.81530000","35.45205100","2024-05-26T03:49:40.016Z","sell","maker"
"0.81530000","39.69148500","2024-05-26T03:49:40.016Z","sell","maker"
"0.81530000","49.88670400","2024-05-26T03:49:31.844Z","sell","maker"
"0.81530000","61.34704400","2024-05-26T03:49:31.832Z","sell","maker"
"0.81530000","71.90896000","2024-05-26T03:49:31.670Z","sell","maker"
"0.81530000","75.64757300","2024-05-26T03:49:31.622Z","sell","maker"
"0.81530000","79.82006200","2024-05-26T03:49:31.616Z","sell","maker"
"0.81530000","83.28705800","2024-05-26T03:49:31.604Z","sell","maker"
"0.81530000","99.54990100","2024-05-26T03:49:31.599Z","sell","maker"
"0.81530000","107.41512100","2024-05-26T03:49:30.151Z","sell","maker"
"0.81530000","249.20398800","2024-05-26T03:49:30.137Z","sell","maker"
"0.81430000","125.85037400","2024-05-26T03:48:26.112Z","buy","maker"
"0.81260000","36.91317100","2024-05-26T03:37:17.764Z","buy","maker"
"0.81150000","0.12295600","2024-05-26T03:06:47.290Z","buy","maker"
"0.81150000","0.34385400","2024-05-26T03:03:50.347Z","buy","maker"
"0.81350000","2.44439100","2024-05-26T02:25:08.799Z","sell","maker"
"0.81300000","7.53062800","2024-05-26T02:22:02.926Z","buy","maker"
"0.81390000","1.80000000","2024-05-26T02:20:12.449Z","sell","maker"
"0.81370000","502.39548400","2024-05-26T02:16:12.367Z","buy","maker"
"0.81600000","0.00000100","2024-05-26T02:15:16.477Z","buy","maker"
"0.81600000","189.22426000","2024-05-26T02:15:15.684Z","buy","maker"
"0.81600000","1180.00000000","2024-05-26T02:15:15.680Z","buy","maker"
"0.81600000","590.00000000","2024-05-26T02:15:15.654Z","buy","maker"
"0.81870000","1.80000000","2024-05-26T02:05:35.970Z","buy","maker"
"0.81860000","12.52049600","2024-05-26T02:05:34.899Z","sell","maker"
"0.81850000","7.32277900","2024-05-26T02:05:30.892Z","buy","maker"
"0.81610000","1.48093700","2024-05-26T01:56:01.865Z","buy","maker"
"0.81820000","20.12117100","2024-05-26T01:54:13.967Z","sell","maker"
"0.81580000","6.20000000","2024-05-26T01:53:21.589Z","buy","maker"
"0.81650000","10.12179600","2024-05-26T01:40:33.600Z","sell","maker"
"0.81300000","76.65928700","2024-05-26T00:50:19.653Z","buy","maker"
"0.81250000","763.27686500","2024-05-26T00:48:48.812Z","buy","maker"
"0.81260000","61.08351700","2024-05-26T00:47:52.327Z","buy","maker"
"0.81440000","223.66179000","2024-05-26T00:35:21.113Z","buy","maker"
"0.81440000","1374.72791800","2024-05-26T00:30:53.577Z","sell","maker"
"0.81430000","407.73099300","2024-05-26T00:30:53.577Z","sell","maker"
"0.81450000","637.74618000","2024-05-26T00:29:42.582Z","buy","maker"
"0.81450000","82.73767900","2024-05-26T00:28:37.659Z","buy","maker"
"0.81560000","40.00000000","2024-05-26T00:02:41.197Z","sell","maker"
"0.81540000","0.12331400","2024-05-26T00:02:41.197Z","sell","maker"
"0.81530000","1.80000000","2024-05-26T00:02:20.765Z","buy","maker"
"0.81500000","25.00000000","2024-05-26T00:02:16.042Z","sell","maker"
"0.81460000","17.61436500","2024-05-26T00:02:16.042Z","sell","maker"
"0.81450000","1160.41993500","2024-05-26T00:00:33.149Z","buy","maker"
"0.81460000","29.89673100","2024-05-25T23:56:50.133Z","sell","maker"
"0.81460000","53.63019600","2024-05-25T23:56:50.123Z","sell","maker"
"0.81460000","57.58740400","2024-05-25T23:56:50.118Z","sell","maker"
"0.81460000","56.61844600","2024-05-25T23:56:50.117Z","sell","maker"
"0.81460000","47.76464300","2024-05-25T23:56:50.113Z","sell","maker"
"0.81460000","95.43990600","2024-05-25T23:56:50.106Z","sell","maker"
"0.81460000","66.23615100","2024-05-25T23:56:50.104Z","sell","maker"
"0.81460000","805.87751600","2024-05-25T23:55:35.550Z","sell","maker"
"0.81320000","426.59381000","2024-05-25T23:17:37.291Z","buy","maker"
"0.81180000","1.80000000","2024-05-25T23:10:37.978Z","buy","maker"
"0.81100000","69.82221100","2024-05-25T23:05:12.394Z","sell","maker"
"0.81100000","79.96992000","2024-05-25T23:05:12.384Z","sell","maker"
"0.81100000","78.55965800","2024-05-25T23:05:12.383Z","sell","maker"
"0.81100000","74.16592600","2024-05-25T23:05:12.374Z","sell","maker"
"0.81100000","176.21009800","2024-05-25T23:05:12.354Z","sell","maker"
"0.81100000","274.51864500","2024-05-25T23:05:12.303Z","sell","maker"
"0.80950000","0.00926400","2024-05-25T22:54:29.556Z","sell","maker"
"0.80950000","0.00926400","2024-05-25T22:54:29.499Z","sell","maker"
"0.80950000","0.00926400","2024-05-25T22:54:29.440Z","sell","maker"
"0.80950000","0.00926400","2024-05-25T22:54:29.389Z","sell","maker"
"0.80950000","0.00926400","2024-05-25T22:54:29.334Z","sell","maker"
"0.80950000","0.00926400","2024-05-25T22:54:29.276Z","sell","maker"
"0.80950000","0.00926400","2024-05-25T22:54:29.221Z","sell","maker"
"0.80950000","0.00926400","2024-05-25T22:54:29.156Z","sell","maker"
"0.80950000","0.00926400","2024-05-25T22:54:29.095Z","sell","maker"
"0.80950000","0.00926400","2024-05-25T22:54:29.035Z","sell","maker"
"0.80950000","0.00926400","2024-05-25T22:54:28.978Z","sell","maker"
"0.80950000","0.00926400","2024-05-25T22:54:28.917Z","sell","maker"
"0.80950000","0.00926400","2024-05-25T22:54:28.862Z","sell","maker"
"0.80950000","0.00926400","2024-05-25T22:54:28.807Z","sell","maker"
"0.80950000","0.00926400","2024-05-25T22:54:28.749Z","sell","maker"
"0.80950000","0.00926400","2024-05-25T22:54:28.688Z","sell","maker"
"0.80950000","0.00926400","2024-05-25T22:54:28.630Z","sell","maker"
"0.80950000","0.00926400","2024-05-25T22:54:28.571Z","sell","maker"
"0.80950000","0.00926400","2024-05-25T22:54:28.517Z","sell","maker"
"0.80950000","0.00926400","2024-05-25T22:54:28.459Z","sell","maker"
"0.80950000","6.16076300","2024-05-25T22:54:28.437Z","sell","maker"
"0.80820000","259.95215800","2024-05-25T22:53:25.875Z","buy","maker"
"0.80820000","129.97607900","2024-05-25T22:53:25.875Z","buy","maker"
"0.80840000","706.94869700","2024-05-25T22:53:25.871Z","buy","maker"
"0.80840000","2.47402300","2024-05-25T22:53:25.871Z","buy","maker"
"0.80700000","1.49808000","2024-05-25T22:36:14.146Z","buy","maker"
"0.80880000","282.23819500","2024-05-25T22:24:30.421Z","buy","maker"
"0.80890000","268.02280300","2024-05-25T22:24:30.421Z","buy","maker"
"0.80930000","134.01140200","2024-05-25T22:24:30.421Z","buy","maker"
"0.80940000","545.72760000","2024-05-25T22:24:30.421Z","buy","maker"
"0.81020000","146.43513400","2024-05-25T22:15:33.228Z","buy","maker"
"0.81020000","353.56486700","2024-05-25T22:15:33.226Z","buy","maker"
"0.81020000","993.80522000","2024-05-25T22:15:33.225Z","buy","maker"
"0.81020000","500.00000000","2024-05-25T22:15:33.220Z","buy","maker"
"0.81040000","11.75190400","2024-05-25T22:11:54.991Z","buy","maker"
"0.81130000","1.23201100","2024-05-25T22:11:21.370Z","sell","maker"
"0.81090000","93.87174800","2024-05-25T22:10:01.255Z","buy","maker"
"0.81090000","5.63109600","2024-05-25T22:09:29.672Z","buy","maker"
"0.81090000","12.79668400","2024-05-25T22:09:25.984Z","buy","maker"
"0.81090000","5.66038300","2024-05-25T22:09:17.603Z","buy","maker"
"0.81090000","12.04839700","2024-05-25T22:09:11.543Z","buy","maker"
"0.81090000","5.47545000","2024-05-25T22:09:08.982Z","buy","maker"
"0.81050000","0.00135600","2024-05-25T22:06:50.499Z","sell","maker"
"0.81050000","3.46536200","2024-05-25T22:06:50.475Z","sell","maker"
"0.81400000","186.76609900","2024-05-25T22:06:50.447Z","sell","maker"
"0.81220000","1000.81168700","2024-05-25T22:06:50.447Z","sell","maker"
"0.81210000","1789.07166600","2024-05-25T22:06:50.447Z","sell","maker"
"0.81210000","5.00000000","2024-05-25T22:06:50.447Z","sell","maker"
"0.81140000","2500.00000000","2024-05-25T22:06:50.447Z","sell","maker"
"0.81130000","400.00000000","2024-05-25T22:06:50.447Z","sell","maker"
"0.81090000","500.40584400","2024-05-25T22:06:50.447Z","sell","maker"
"0.81080000","250.20292200","2024-05-25T22:06:50.447Z","sell","maker"
"0.81060000","467.36863000","2024-05-25T22:06:50.447Z","sell","maker"
"0.81060000","125.10146100","2024-05-25T22:06:50.447Z","sell","maker"
"0.80920000","1374.72791800","2024-05-25T22:06:50.447Z","sell","maker"
"0.80910000","59.62161800","2024-05-25T22:06:50.447Z","sell","maker"
"0.80840000","1.80000000","2024-05-25T22:01:47.605Z","buy","maker"
"0.80810000","0.00000600","2024-05-25T22:01:42.809Z","sell","maker"
"0.80810000","68.87614000","2024-05-25T22:01:42.806Z","sell","maker"
"0.80860000","0.00741700","2024-05-25T22:00:25.264Z","sell","maker"
"0.80860000","18.44167100","2024-05-25T22:00:25.230Z","sell","maker"
"0.80860000","0.00741700","2024-05-25T22:00:25.175Z","sell","maker"
"0.80860000","18.44167100","2024-05-25T22:00:25.154Z","sell","maker"
"0.80640000","17.35431800","2024-05-25T22:00:01.777Z","buy","maker"
"0.80640000","502.01522200","2024-05-25T22:00:01.777Z","buy","maker"
"0.80680000","251.00761100","2024-05-25T22:00:01.777Z","buy","maker"
"0.80690000","2500.00000000","2024-05-25T22:00:01.777Z","buy","maker"
"0.80700000","125.50380500","2024-05-25T22:00:01.777Z","buy","maker"
"0.80710000","69.05493000","2024-05-25T22:00:01.777Z","buy","maker"
"0.80710000","1374.72791800","2024-05-25T22:00:01.777Z","buy","maker"
"0.80740000","100.00000000","2024-05-25T22:00:01.777Z","buy","maker"
"0.80740000","40.00000000","2024-05-25T22:00:01.777Z","buy","maker"
"0.80740000","1183.27566400","2024-05-25T22:00:01.777Z","buy","maker"
"0.80750000","382.76318200","2024-05-25T22:00:01.777Z","buy","maker"
"0.80810000","140.07470000","2024-05-25T21:59:39.063Z","sell","maker"
"0.80800000","447.43660900","2024-05-25T21:59:39.055Z","sell","maker"
"0.80750000","530.42386100","2024-05-25T21:58:48.062Z","sell","maker"
"0.80890000","239.82720500","2024-05-25T21:57:22.572Z","sell","maker"
"0.80860000","119.91360300","2024-05-25T21:57:22.572Z","sell","maker"
"0.80740000","441.11626000","2024-05-25T21:57:22.551Z","sell","maker"
"0.80620000","0.00001600","2024-05-25T21:57:05.952Z","sell","maker"
"0.80620000","1293.55750000","2024-05-25T21:57:05.951Z","sell","maker"
"0.80600000","0.00001000","2024-05-25T21:57:05.951Z","sell","maker"
"0.80600000","274.01517200","2024-05-25T21:57:05.946Z","sell","maker"
"0.80580000","0.00000800","2024-05-25T21:57:05.946Z","sell","maker"
"0.80580000","1374.72791000","2024-05-25T21:57:05.942Z","sell","maker"
"0.80580000","433.53060000","2024-05-25T21:57:05.942Z","sell","maker"
"0.80530000","263.49555700","2024-05-25T21:43:03.334Z","sell","maker"
"0.80520000","403.83770400","2024-05-25T21:43:03.334Z","sell","maker"
"0.80510000","111.19150200","2024-05-25T21:42:49.387Z","sell","maker"
"0.80720000","1423.86891400","2024-05-25T21:41:24.302Z","sell","maker"
"0.80660000","515.75743000","2024-05-25T21:41:24.302Z","sell","maker"
"0.80620000","257.87871500","2024-05-25T21:41:24.302Z","sell","maker"
"0.80610000","1177.85029000","2024-05-25T21:41:24.302Z","sell","maker"
"0.80580000","1265.76735900","2024-05-25T21:41:24.302Z","sell","maker"
"0.80580000","128.93935800","2024-05-25T21:41:24.302Z","sell","maker"
"0.80570000","1374.72791800","2024-05-25T21:41:24.302Z","sell","maker"
"0.80570000","400.91266600","2024-05-25T21:41:24.302Z","sell","maker"
"0.80500000","2.45962700","2024-05-25T21:27:33.607Z","sell","maker"
"0.80470000","1.50273200","2024-05-25T21:15:56.496Z","buy","maker"
"0.80680000","1.24000200","2024-05-25T21:03:14.690Z","sell","maker"
"0.80480000","453.70425800","2024-05-25T20:35:49.792Z","buy","maker"
"0.80500000","185.67739000","2024-05-25T20:33:56.516Z","buy","maker"
"0.80510000","469.32261000","2024-05-25T20:33:56.516Z","buy","maker"
"0.80520000","62.71640600","2024-05-25T20:23:16.047Z","sell","maker"
"0.80520000","69.20513900","2024-05-25T20:23:16.047Z","sell","maker"
"0.80560000","1.81462900","2024-05-25T20:04:02.582Z","buy","maker"
"0.80630000","248.96721400","2024-05-25T20:01:49.224Z","sell","maker"
"0.80430000","2354.83508900","2024-05-25T19:10:04.057Z","buy","maker"
"0.80440000","69.38974300","2024-05-25T19:10:04.057Z","buy","maker"
"0.80480000","1374.72791800","2024-05-25T19:10:04.057Z","buy","maker"
"0.80490000","400.57706200","2024-05-25T19:10:04.057Z","buy","maker"
"0.80490000","1.80000000","2024-05-25T19:09:27.698Z","buy","maker"
"0.80400000","1164.79894700","2024-05-25T19:03:12.396Z","sell","maker"
"0.80160000","2.47006000","2024-05-25T18:40:52.428Z","sell","maker"
"0.80180000","6.70937100","2024-05-25T18:31:00.774Z","buy","maker"
"0.80420000","1.24540700","2024-05-25T18:29:23.641Z","sell","maker"
"0.80170000","60.00000000","2024-05-25T18:29:23.629Z","buy","maker"
"0.80170000","130.00000000","2024-05-25T18:29:23.617Z","buy","maker"
"0.80170000","290.47273200","2024-05-25T18:29:23.608Z","buy","maker"
"0.80190000","114.02085100","2024-05-25T18:29:23.608Z","buy","maker"
"0.80220000","265.88386300","2024-05-25T18:29:23.608Z","buy","maker"
"0.80220000","69.62255400","2024-05-25T18:29:23.608Z","buy","maker"
"0.80310000","2500.00000000","2024-05-25T18:29:23.458Z","buy","maker"
"0.80360000","1170.30842600","2024-05-25T18:29:23.449Z","buy","maker"
"0.80330000","1.38071900","2024-05-25T18:28:50.385Z","buy","maker"
"0.80400000","0.12369400","2024-05-25T18:28:50.385Z","buy","maker"
"0.80450000","6.08905800","2024-05-25T18:21:16.015Z","sell","maker"
"0.80400000","5.00000000","2024-05-25T18:21:16.015Z","sell","maker"
"0.80230000","0.12532800","2024-05-25T18:10:32.142Z","sell","maker"
"0.80130000","0.00997900","2024-05-25T17:10:44.230Z","sell","maker"
"0.80130000","25.06110900","2024-05-25T17:10:44.204Z","sell","maker"
"0.80080000","1.14146400","2024-05-25T16:25:23.713Z","buy","maker"
"0.80230000","1374.72791800","2024-05-25T16:21:34.463Z","sell","maker"
"0.80230000","374.58167100","2024-05-25T16:21:34.463Z","sell","maker"
"0.80160000","1.80000000","2024-05-25T16:19:53.900Z","buy","maker"
"0.80120000","1171.53851000","2024-05-25T16:18:28.698Z","sell","maker"
"0.80040000","95.12479400","2024-05-25T16:18:08.525Z","sell","maker"
"0.80040000","152.38291700","2024-05-25T16:18:08.522Z","sell","maker"
"0.80040000","206.19654700","2024-05-25T16:18:08.521Z","sell","maker"
"0.80010000","421.93387400","2024-05-25T16:17:29.922Z","buy","maker"
"0.80010000","255.44138100","2024-05-25T16:17:29.897Z","buy","maker"
"0.80020000","894.55861900","2024-05-25T16:17:29.897Z","buy","maker"
"0.80020000","281.00000000","2024-05-25T16:17:29.877Z","buy","maker"
"0.80090000","6.30000000","2024-05-25T16:16:10.150Z","buy","maker"
"0.79990000","33.91586600","2024-05-25T15:45:16.077Z","buy","maker"
"0.80110000","123.58007700","2024-05-25T15:45:09.738Z","sell","maker"
"0.80140000","84.81868400","2024-05-25T15:42:21.287Z","sell","maker"
"0.80110000","70.36443100","2024-05-25T15:42:21.287Z","sell","maker"
"0.80150000","564.24135900","2024-05-25T15:42:17.210Z","buy","maker"
"0.80150000","76.00000000","2024-05-25T15:42:17.006Z","buy","maker"
"0.80150000","76.00000000","2024-05-25T15:42:17.003Z","buy","maker"
"0.80150000","474.39421000","2024-05-25T15:42:16.998Z","sell","maker"
"0.80120000","70.36443100","2024-05-25T15:42:16.998Z","sell","maker"
"0.80010000","0.12567200","2024-05-25T15:42:14.916Z","sell","maker"
"0.79670000","350.52348700","2024-05-25T15:18:06.386Z","buy","maker"
"0.79680000","1182.35767100","2024-05-25T15:18:06.386Z","buy","maker"
"0.79680000","721.20649000","2024-05-25T15:18:06.386Z","buy","maker"
"0.79680000","112.84200600","2024-05-25T15:18:06.386Z","buy","maker"
"0.79770000","1374.72791800","2024-05-25T15:18:06.386Z","buy","maker"
"0.79820000","1443.61436700","2024-05-25T15:17:13.481Z","buy","maker"
"0.79820000","235.09453800","2024-05-25T15:17:13.481Z","buy","maker"
"0.79840000","117.54726900","2024-05-25T15:17:13.481Z","buy","maker"
"0.79840000","70.45309700","2024-05-25T15:17:13.481Z","buy","maker"
"0.79870000","1285.78374500","2024-05-25T15:17:13.481Z","buy","maker"
"0.79880000","678.09222800","2024-05-25T15:17:13.481Z","buy","maker"
"0.79900000","70.45309700","2024-05-25T15:17:13.481Z","buy","maker"
"0.79920000","1179.29488100","2024-05-25T15:17:13.481Z","buy","maker"
"0.79930000","1374.72791800","2024-05-25T15:17:13.481Z","buy","maker"
"0.79930000","443.07384100","2024-05-25T15:17:13.481Z","buy","maker"
"0.79830000","1.80000000","2024-05-25T15:04:06.262Z","buy","maker"
"0.79700000","50.00000000","2024-05-25T14:51:46.524Z","sell","maker"
"0.79710000","406.57249600","2024-05-25T14:51:44.425Z","buy","maker"
"0.79710000","945.00000000","2024-05-25T14:50:45.511Z","sell","maker"
"0.79740000","6.20767500","2024-05-25T14:50:02.458Z","sell","maker"
"0.79160000","4.74877000","2024-05-25T14:38:07.320Z","buy","maker"
"0.79160000","0.12563100","2024-05-25T14:38:07.320Z","buy","maker"
"0.79180000","0.12559900","2024-05-25T14:38:07.320Z","buy","maker"
"0.79440000","1.25881200","2024-05-25T14:11:32.570Z","sell","maker"
"0.79360000","0.00944900","2024-05-25T14:03:12.687Z","sell","maker"
"0.79360000","0.00944900","2024-05-25T14:03:12.627Z","sell","maker"
"0.79360000","0.00944900","2024-05-25T14:03:12.574Z","sell","maker"
"0.79360000","0.00944900","2024-05-25T14:03:12.513Z","sell","maker"
"0.79360000","0.00944900","2024-05-25T14:03:12.446Z","sell","maker"
"0.79360000","0.00944900","2024-05-25T14:03:12.387Z","sell","maker"
"0.79360000","0.00944900","2024-05-25T14:03:12.322Z","sell","maker"
"0.79360000","0.00944900","2024-05-25T14:03:12.265Z","sell","maker"
"0.79360000","0.00944900","2024-05-25T14:03:12.207Z","sell","maker"
"0.79360000","0.00944900","2024-05-25T14:03:12.142Z","sell","maker"
"0.79360000","0.00944900","2024-05-25T14:03:12.075Z","sell","maker"
"0.79360000","0.00944900","2024-05-25T14:03:12.011Z","sell","maker"
"0.79360000","0.00944900","2024-05-25T14:03:11.957Z","sell","maker"
"0.79360000","0.00944900","2024-05-25T14:03:11.895Z","sell","maker"
"0.79360000","0.00944900","2024-05-25T14:03:11.840Z","sell","maker"
"0.79360000","0.00944900","2024-05-25T14:03:11.785Z","sell","maker"
"0.79360000","0.00944900","2024-05-25T14:03:11.720Z","sell","maker"
"0.79360000","0.00944900","2024-05-25T14:03:11.652Z","sell","maker"
"0.79360000","0.00944900","2024-05-25T14:03:11.599Z","sell","maker"
"0.79360000","0.00944900","2024-05-25T14:03:11.546Z","sell","maker"
"0.79360000","6.28418700","2024-05-25T14:03:11.520Z","sell","maker"
"0.79180000","1312.40211000","2024-05-25T13:52:34.013Z","sell","maker"
"0.79140000","0.00000300","2024-05-25T13:52:34.009Z","sell","maker"
"0.79140000","488.65712000","2024-05-25T13:52:34.009Z","sell","maker"
"0.79090000","41.29595600","2024-05-25T13:50:41.309Z","buy","maker"
"0.79280000","150.00000000","2024-05-25T13:47:07.666Z","sell","maker"
"0.79150000","1039.80119200","2024-05-25T13:45:02.598Z","buy","maker"
"0.79160000","683.91643400","2024-05-25T13:45:02.598Z","buy","maker"
"0.79170000","683.86788000","2024-05-25T13:45:02.598Z","buy","maker"
"0.79200000","505.57965200","2024-05-25T13:45:02.598Z","buy","maker"
"0.79200000","1297.40805600","2024-05-25T13:45:02.598Z","buy","maker"
"0.79200000","71.40938400","2024-05-25T13:45:02.598Z","buy","maker"
"0.79220000","6.64414900","2024-05-25T13:45:02.598Z","buy","maker"
"0.79240000","252.78982600","2024-05-25T13:45:02.598Z","buy","maker"
"0.79240000","2500.00000000","2024-05-25T13:45:02.598Z","buy","maker"
"0.79250000","126.39491300","2024-05-25T13:45:02.598Z","buy","maker"
"0.79250000","71.40938400","2024-05-25T13:45:02.598Z","buy","maker"
"0.79300000","1185.54935500","2024-05-25T13:45:02.598Z","buy","maker"
"0.79310000","641.74225600","2024-05-25T13:45:02.598Z","buy","maker"
"0.79390000","6.62992100","2024-05-25T13:41:23.878Z","sell","maker"
"0.79390000","6.61575500","2024-05-25T13:41:22.392Z","sell","maker"
"0.79390000","6.60164900","2024-05-25T13:41:21.187Z","sell","maker"
"0.79420000","6.58677800","2024-05-25T13:41:19.242Z","sell","maker"
"0.79420000","6.57279500","2024-05-25T13:41:17.363Z","sell","maker"
"0.79100000","42.23655200","2024-05-25T13:37:20.427Z","buy","maker"
"0.79110000","455.70740600","2024-05-25T13:37:20.427Z","buy","maker"
"0.79190000","795.18351300","2024-05-25T13:36:45.173Z","buy","maker"
"0.79200000","442.26294600","2024-05-25T13:36:45.173Z","buy","maker"
"0.79330000","1.80000000","2024-05-25T13:36:42.249Z","sell","maker"
"0.79290000","1000.00000000","2024-05-25T13:36:39.221Z","buy","maker"
"0.79320000","19.04310100","2024-05-25T13:36:39.175Z","buy","maker"
"0.79710000","64.11964200","2024-05-25T13:28:10.149Z","buy","maker"
"0.79560000","40.55753500","2024-05-25T12:54:25.155Z","buy","maker"
"0.79600000","5.00000000","2024-05-25T12:54:25.155Z","buy","maker"
"0.79670000","131.52047400","2024-05-25T12:48:13.162Z","sell","maker"
"0.79650000","1.80000000","2024-05-25T12:47:33.588Z","sell","maker"
"0.79980000","1.80000000","2024-05-25T12:31:18.036Z","sell","maker"
"0.80170000","1492.27208200","2024-05-25T12:16:09.921Z","buy","maker"
"0.80150000","1374.72791800","2024-05-25T12:16:09.916Z","sell","maker"
"0.80020000","631.00000000","2024-05-25T12:11:00.065Z","buy","maker"
"0.80020000","75.00000000","2024-05-25T12:10:59.925Z","buy","maker"
"0.80350000","60.00000000","2024-05-25T12:00:40.332Z","sell","maker"
"0.80340000","40.00000000","2024-05-25T12:00:40.332Z","sell","maker"
"0.80340000","100.00000000","2024-05-25T12:00:40.332Z","sell","maker"
"0.80350000","4.94075900","2024-05-25T11:49:50.333Z","sell","maker"
"0.80800000","376.11215600","2024-05-25T11:21:22.362Z","sell","maker"
"0.80800000","455.71902900","2024-05-25T11:21:22.362Z","sell","maker"
"0.80790000","518.16149800","2024-05-25T11:21:21.134Z","sell","maker"
"0.80560000","0.02345100","2024-05-25T10:51:27.708Z","sell","maker"
"0.80560000","58.66719800","2024-05-25T10:51:27.681Z","sell","maker"
"0.80510000","1.80000000","2024-05-25T10:50:52.557Z","buy","maker"
"0.80370000","12.41026600","2024-05-25T10:46:54.226Z","buy","maker"
"0.80340000","0.01692100","2024-05-25T10:37:32.238Z","sell","maker"
"0.80340000","42.26203400","2024-05-25T10:37:32.211Z","sell","maker"
"0.80360000","493.00000000","2024-05-25T10:33:15.011Z","sell","maker"
"0.80120000","358.03399500","2024-05-25T09:36:35.046Z","sell","maker"
"0.80130000","1090.96600500","2024-05-25T09:36:35.035Z","buy","maker"
"0.80180000","1.80000000","2024-05-25T09:32:15.856Z","buy","maker"
"0.80130000","0.19909600","2024-05-25T09:29:59.456Z","sell","maker"
"0.80130000","497.74474300","2024-05-25T09:29:59.425Z","sell","maker"
"0.79900000","2.28961000","2024-05-25T09:18:46.750Z","buy","maker"
"0.79850000","3.53174900","2024-05-25T09:16:51.311Z","buy","maker"
"0.80060000","3.23478400","2024-05-25T08:35:28.485Z","buy","maker"
"0.79960000","100.00000000","2024-05-25T08:22:04.667Z","sell","maker"
"0.79960000","40.00000000","2024-05-25T08:22:04.667Z","sell","maker"
"0.79960000","443.49134000","2024-05-25T08:22:04.667Z","sell","maker"
"0.79710000","44.37181900","2024-05-25T08:15:18.394Z","buy","maker"
"0.79650000","1.80000000","2024-05-25T08:04:49.820Z","sell","maker"
"0.79820000","6.19214400","2024-05-25T07:46:01.425Z","sell","maker"
"0.79760000","128.08130000","2024-05-25T06:53:37.202Z","buy","maker"
"0.80070000","1.24890700","2024-05-25T06:43:43.243Z","sell","maker"
"0.79920000","101.94072600","2024-05-25T06:35:17.739Z","sell","maker"
"0.79920000","161.40536600","2024-05-25T06:35:17.736Z","sell","maker"
"0.80020000","1.80000000","2024-05-25T06:35:07.722Z","sell","maker"
"0.80220000","284.67193500","2024-05-25T06:07:12.773Z","sell","maker"
"0.80110000","27.59588600","2024-05-25T05:44:17.087Z","buy","maker"
"0.80720000","0.00024700","2024-05-25T05:21:16.121Z","sell","maker"
"0.80720000","0.49385500","2024-05-25T05:21:16.093Z","sell","maker"
"0.80610000","1236.95230900","2024-05-25T05:21:16.068Z","sell","maker"
"0.80380000","0.00485000","2024-05-25T05:09:55.727Z","sell","maker"
"0.80380000","12.36790600","2024-05-25T05:09:55.698Z","sell","maker"
"0.80500000","1374.72791800","2024-05-25T05:03:49.689Z","sell","maker"
"0.80300000","132.04257000","2024-05-25T04:41:28.728Z","buy","maker"
"0.80320000","417.31162300","2024-05-25T04:41:28.725Z","buy","maker"
"0.80320000","264.08515700","2024-05-25T04:41:28.725Z","buy","maker"
"0.80500000","1.80000000","2024-05-25T04:07:33.664Z","buy","maker"
"0.80440000","70.40565800","2024-05-25T04:06:30.645Z","buy","maker"
"0.80470000","134.10569200","2024-05-25T04:06:30.614Z","buy","maker"
"0.80560000","222.09134200","2024-05-25T04:06:30.341Z","sell","maker"
"0.80530000","0.00000800","2024-05-25T04:06:30.341Z","sell","maker"
"0.80530000","111.04567000","2024-05-25T04:06:30.338Z","sell","maker"
"0.80480000","477.61582000","2024-05-25T04:06:30.260Z","sell","maker"
"0.80430000","0.00000500","2024-05-25T04:06:30.260Z","sell","maker"
"0.80430000","238.80790500","2024-05-25T04:06:30.259Z","sell","maker"
"0.80400000","0.00000500","2024-05-25T04:06:30.259Z","sell","maker"
"0.80400000","119.40395000","2024-05-25T04:06:30.259Z","sell","maker"
"0.80380000","705.78804800","2024-05-25T04:06:30.255Z","sell","maker"
"0.80380000","664.54925300","2024-05-25T04:06:30.254Z","sell","maker"
"0.80370000","100.00000000","2024-05-25T04:06:30.254Z","sell","maker"
"0.80370000","565.45074700","2024-05-25T04:06:30.254Z","sell","maker"
"0.80360000","40.00000000","2024-05-25T04:06:30.254Z","sell","maker"
"0.80240000","1019.80000000","2024-05-25T04:05:52.201Z","sell","maker"
"0.80060000","2.49834500","2024-05-25T03:40:19.892Z","buy","maker"
"0.80030000","5.92291000","2024-05-25T03:14:46.463Z","sell","maker"
"0.80010000","2.49968800","2024-05-25T03:14:46.459Z","buy","maker"
"0.80010000","1.80000000","2024-05-25T03:12:09.728Z","sell","maker"
"0.79930000","213.35931000","2024-05-25T03:11:43.733Z","buy","maker"
"0.80250000","6.55887200","2024-05-25T03:10:38.651Z","buy","maker"
"0.80300000","6.45000000","2024-05-25T02:02:56.335Z","sell","maker"
"0.80360000","1.80000000","2024-05-25T01:55:04.054Z","sell","maker"
"0.80400000","5.00000000","2024-05-25T01:54:44.500Z","buy","maker"
"0.80410000","6.48241700","2024-05-25T01:47:50.557Z","sell","maker"
"0.80420000","3.09364700","2024-05-25T01:47:47.991Z","sell","maker"
"0.80420000","204.51135000","2024-05-25T01:40:50.206Z","sell","maker"
"0.80750000","18.05566900","2024-05-25T01:27:54.392Z","sell","maker"
"0.80830000","68.01845400","2024-05-25T00:32:22.759Z","buy","maker"
"0.80760000","920.37910300","2024-05-25T00:27:30.187Z","buy","maker"
"0.80760000","69.02671700","2024-05-25T00:27:30.187Z","buy","maker"
"0.80760000","123.58631900","2024-05-25T00:27:30.187Z","buy","maker"
"0.80810000","193.13926600","2024-05-25T00:27:30.187Z","buy","maker"
"0.80820000","291.56024800","2024-05-25T00:27:30.187Z","buy","maker"
"0.80830000","591.59446100","2024-05-25T00:27:30.187Z","buy","maker"
"0.80840000","1374.72791800","2024-05-25T00:27:30.187Z","buy","maker"
"0.80770000","18.05526400","2024-05-25T00:03:05.625Z","sell","maker"
"0.80850000","123.39567100","2024-05-24T23:52:22.035Z","sell","maker"
"0.80830000","230.75309300","2024-05-24T23:47:27.775Z","buy","maker"
"0.80840000","557.80790700","2024-05-24T23:47:27.775Z","buy","maker"
"0.80690000","1.80000000","2024-05-24T23:30:16.150Z","sell","maker"
"0.80690000","2.86304200","2024-05-24T23:29:28.782Z","buy","maker"