"price","volume","timestamp","type"
"20","1565.310181","2024-05-27T20:44:14.405Z","ask"
"21","3","2024-05-27T20:44:14.405Z","ask"
"21.01","122.501148","2024-05-27T20:44:14.405Z","ask"
"21.06","98.913946","2024-05-27T20:44:14.405Z","ask"
"21.12","308.311106","2024-05-27T20:44:14.405Z","ask"
"22","25.452224","2024-05-27T20:44:14.405Z","ask"
"22.84","40","2024-05-27T20:44:14.405Z","ask"
"23","55.314624","2024-05-27T20:44:14.405Z","ask"
"23.3","21.459227","2024-05-27T20:44:14.405Z","ask"
"23.73","408.511113","2024-05-27T20:44:14.405Z","ask"
"23.785","261.239506","2024-05-27T20:44:14.405Z","ask"
"24","85","2024-05-27T20:44:14.405Z","ask"
"25","30","2024-05-27T20:44:14.405Z","ask"
"25.5","158.615941","2024-05-27T20:44:14.405Z","ask"
"27","5","2024-05-27T20:44:14.405Z","ask"
"28.8","500","2024-05-27T20:44:14.405Z","ask"
"29","20","2024-05-27T20:44:14.405Z","ask"
"30","110.545226","2024-05-27T20:44:14.405Z","ask"
"31","5","2024-05-27T20:44:14.405Z","ask"
"31.35","3.714107","2024-05-27T20:44:14.405Z","ask"
"31.5","702.646689","2024-05-27T20:44:14.405Z","ask"
"32.727","195.92963","2024-05-27T20:44:14.405Z","ask"
"33","5","2024-05-27T20:44:14.405Z","ask"
"35","25","2024-05-27T20:44:14.405Z","ask"
"36.483","480","2024-05-27T20:44:14.405Z","ask"
"37","50","2024-05-27T20:44:14.405Z","ask"
"39","15","2024-05-27T20:44:14.405Z","ask"
"40","10","2024-05-27T20:44:14.405Z","ask"
"41.68","587.78889","2024-05-27T20:44:14.405Z","ask"
"45","27","2024-05-27T20:44:14.405Z","ask"
"46","70","2024-05-27T20:44:14.405Z","ask"
"50","21.2","2024-05-27T20:44:14.405Z","ask"
"55","15","2024-05-27T20:44:14.405Z","ask"
"63","351.323345","2024-05-27T20:44:14.405Z","ask"
"64","70","2024-05-27T20:44:14.405Z","ask"
"65","15","2024-05-27T20:44:14.405Z","ask"
"70","11.354435","2024-05-27T20:44:14.405Z","ask"
"75","65","2024-05-27T20:44:14.405Z","ask"
"90","62","2024-05-27T20:44:14.405Z","ask"
"95","6.031024","2024-05-27T20:44:14.405Z","ask"
"98","12.165832","2024-05-27T20:44:14.405Z","ask"
"100","78.225324","2024-05-27T20:44:14.405Z","ask"
"120","35","2024-05-27T20:44:14.405Z","ask"
"126","175.661672","2024-05-27T20:44:14.405Z","ask"
"130","50","2024-05-27T20:44:14.405Z","ask"
"133","50","2024-05-27T20:44:14.405Z","ask"
"140","15","2024-05-27T20:44:14.405Z","ask"
"146","20","2024-05-27T20:44:14.405Z","ask"
"150","1639.0605","2024-05-27T20:44:14.405Z","ask"
"164","20","2024-05-27T20:44:14.405Z","ask"
"180","12","2024-05-27T20:44:14.405Z","ask"
"252","175.661672","2024-05-27T20:44:14.405Z","ask"
"260","20","2024-05-27T20:44:14.405Z","ask"
"360","13.671285","2024-05-27T20:44:14.405Z","ask"
"461","20","2024-05-27T20:44:14.405Z","ask"
"880","1","2024-05-27T20:44:14.405Z","ask"
"900","15","2024-05-27T20:44:14.405Z","ask"
"0.8326","1774.727918","2024-05-27T20:44:14.405Z","bid"
"0.8325","306.828349","2024-05-27T20:44:14.405Z","bid"
"0.8323","273.89211","2024-05-27T20:44:14.405Z","bid"
"0.8322","59.54799","2024-05-27T20:44:14.405Z","bid"
"0.832","767.698036","2024-05-27T20:44:14.405Z","bid"
"0.8317","108.852445","2024-05-27T20:44:14.405Z","bid"
"0.8314","1269.442965","2024-05-27T20:44:14.405Z","bid"
"0.8313","4132.193514","2024-05-27T20:44:14.405Z","bid"
"0.8312","332.896423","2024-05-27T20:44:14.405Z","bid"
"0.8309","435.409779","2024-05-27T20:44:14.405Z","bid"
"0.8307","239.721483","2024-05-27T20:44:14.405Z","bid"
"0.8305","3754.169692","2024-05-27T20:44:14.405Z","bid"
"0.8304","1204","2024-05-27T20:44:14.405Z","bid"
"0.8296","870.819558","2024-05-27T20:44:14.405Z","bid"
"0.8294","4247.001293","2024-05-27T20:44:14.405Z","bid"
"0.8293","1869","2024-05-27T20:44:14.405Z","bid"
"0.8273","1088.524447","2024-05-27T20:44:14.405Z","bid"
"0.8247","2728","2024-05-27T20:44:14.405Z","bid"
"0.8236","2177.048894","2024-05-27T20:44:14.405Z","bid"
"0.8227","32.467863","2024-05-27T20:44:14.405Z","bid"
"0.8223","5016.305861","2024-05-27T20:44:14.405Z","bid"
"0.8202","5","2024-05-27T20:44:14.405Z","bid"
"0.8185","1.496299","2024-05-27T20:44:14.405Z","bid"
"0.8181","2721.311117","2024-05-27T20:44:14.405Z","bid"
"0.8177","611","2024-05-27T20:44:14.405Z","bid"
"0.8168","49.052124","2024-05-27T20:44:14.405Z","bid"
"0.8162","49.084355","2024-05-27T20:44:14.405Z","bid"
"0.8121","5","2024-05-27T20:44:14.405Z","bid"
"0.8114","3265.573341","2024-05-27T20:44:14.405Z","bid"
"0.8103","10.233136","2024-05-27T20:44:14.405Z","bid"
"0.8098","5034.336275","2024-05-27T20:44:14.405Z","bid"
"0.8055","9.981527","2024-05-27T20:44:14.405Z","bid"
"0.8043","12.496962","2024-05-27T20:44:14.405Z","bid"
"0.804","128.660418","2024-05-27T20:44:14.405Z","bid"
"0.796","5","2024-05-27T20:44:14.405Z","bid"
"0.7844","126.750352","2024-05-27T20:44:14.405Z","bid"
"0.7755","12.894108","2024-05-27T20:44:14.405Z","bid"
"0.7678","35.661625","2024-05-27T20:44:14.405Z","bid"
"0.7655","0.506414","2024-05-27T20:44:14.405Z","bid"
"0.7653","129.913728","2024-05-27T20:44:14.405Z","bid"
"0.7468","13.390036","2024-05-27T20:44:14.405Z","bid"
"0.7466","133.167661","2024-05-27T20:44:14.405Z","bid"
"0.744","77","2024-05-27T20:44:14.405Z","bid"
"0.7435","0.180852","2024-05-27T20:44:14.405Z","bid"
"0.7434","0.1809","2024-05-27T20:44:14.405Z","bid"
"0.7327","0.13573","2024-05-27T20:44:14.405Z","bid"
"0.72","300","2024-05-27T20:44:14.405Z","bid"
"0.6607","15.304494","2024-05-27T20:44:14.405Z","bid"
"0.637","46.22","2024-05-27T20:44:14.405Z","bid"
"0.62","24","2024-05-27T20:44:14.405Z","bid"
"0.61","12","2024-05-27T20:44:14.405Z","bid"
"0.6","2201.694669","2024-05-27T20:44:14.405Z","bid"
"0.58","700","2024-05-27T20:44:14.405Z","bid"
"0.5795","862.812769","2024-05-27T20:44:14.405Z","bid"
"0.57","87.017543","2024-05-27T20:44:14.405Z","bid"
"0.563","75","2024-05-27T20:44:14.405Z","bid"
"0.55","117.681817","2024-05-27T20:44:14.405Z","bid"
"0.5395","11.05468","2024-05-27T20:44:14.405Z","bid"
"0.53","9.509433","2024-05-27T20:44:14.405Z","bid"
"0.5153","3.850184","2024-05-27T20:44:14.405Z","bid"
"0.512","48.55957","2024-05-27T20:44:14.405Z","bid"
"0.51","9.705882","2024-05-27T20:44:14.405Z","bid"
"0.5079","195.707816","2024-05-27T20:44:14.405Z","bid"
"0.5015","997.008972","2024-05-27T20:44:14.405Z","bid"
"0.5","1259.45","2024-05-27T20:44:14.405Z","bid"
"0.48","20","2024-05-27T20:44:14.405Z","bid"
"0.4595","30","2024-05-27T20:44:14.405Z","bid"
"0.45","232.999999","2024-05-27T20:44:14.405Z","bid"
"0.43","5.208","2024-05-27T20:44:14.405Z","bid"
"0.4258","30.624706","2024-05-27T20:44:14.405Z","bid"
"0.42","1200","2024-05-27T20:44:14.405Z","bid"
"0.411","5.816836","2024-05-27T20:44:14.405Z","bid"
"0.4","585","2024-05-27T20:44:14.405Z","bid"
"0.39","45.876923","2024-05-27T20:44:14.405Z","bid"
"0.38","100","2024-05-27T20:44:14.405Z","bid"
"0.361","175","2024-05-27T20:44:14.405Z","bid"
"0.354","282.485875","2024-05-27T20:44:14.405Z","bid"
"0.35","225.85714","2024-05-27T20:44:14.405Z","bid"
"0.3285","302.587519","2024-05-27T20:44:14.405Z","bid"
"0.31","33","2024-05-27T20:44:14.405Z","bid"
"0.3","280","2024-05-27T20:44:14.405Z","bid"
"0.27","50","2024-05-27T20:44:14.405Z","bid"
"0.2508","3.987241","2024-05-27T20:44:14.405Z","bid"
"0.25","320","2024-05-27T20:44:14.405Z","bid"
"0.2","150","2024-05-27T20:44:14.405Z","bid"
"0.1919","517.978113","2024-05-27T20:44:14.405Z","bid"
"0.18","83.333333","2024-05-27T20:44:14.405Z","bid"
"0.16","93.75","2024-05-27T20:44:14.405Z","bid"
"0.15","100","2024-05-27T20:44:14.405Z","bid"
"0.14","107.142857","2024-05-27T20:44:14.405Z","bid"
"0.123","80.650406","2024-05-27T20:44:14.405Z","bid"
"0.12","125","2024-05-27T20:44:14.405Z","bid"
"0.1","300","2024-05-27T20:44:14.405Z","bid"
"0.08","187.5","2024-05-27T20:44:14.405Z","bid"
"0.06","250","2024-05-27T20:44:14.405Z","bid"
"0.0548","1813.868613","2024-05-27T20:44:14.405Z","bid"
"0.0001","29940","2024-05-27T20:44:14.405Z","bid"
"0.8344","1648.289217","2024-05-27T20:44:14.404Z","ask"
"0.8345","399.736868","2024-05-27T20:44:14.404Z","ask"
"0.8348","1239.920078","2024-05-27T20:44:14.404Z","ask"
"0.835","1199.938969","2024-05-27T20:44:14.404Z","ask"
"0.8351","132.967555","2024-05-27T20:44:14.404Z","ask"
"0.8354","265.935111","2024-05-27T20:44:14.404Z","ask"
"0.8356","400","2024-05-27T20:44:14.404Z","ask"
"0.8357","1039.410835","2024-05-27T20:44:14.404Z","ask"
"0.8362","2500","2024-05-27T20:44:14.404Z","ask"
"0.8364","536.870221","2024-05-27T20:44:14.404Z","ask"
"0.8372","1063.740442","2024-05-27T20:44:14.404Z","ask"
"0.8378","1870.942534","2024-05-27T20:44:14.404Z","ask"
"0.8379","1849","2024-05-27T20:44:14.404Z","ask"
"0.8391","1329.675553","2024-05-27T20:44:14.404Z","ask"
"0.8409","238.610035","2024-05-27T20:44:14.404Z","ask"
"0.8439","0.149559","2024-05-27T20:44:14.404Z","ask"
"0.844","2659.351106","2024-05-27T20:44:14.404Z","ask"
"0.8443","0.154162","2024-05-27T20:44:14.404Z","ask"
"0.8444","5","2024-05-27T20:44:14.404Z","ask"
"0.85","3","2024-05-27T20:44:14.404Z","ask"
"0.8506","3324.188883","2024-05-27T20:44:14.404Z","ask"
"0.8518","120.658951","2024-05-27T20:44:14.404Z","ask"
"0.8522","586","2024-05-27T20:44:14.404Z","ask"
"0.8525","5","2024-05-27T20:44:14.404Z","ask"
"0.8544","1.224058","2024-05-27T20:44:14.404Z","ask"
"0.8592","3989.026659","2024-05-27T20:44:14.404Z","ask"
"0.86","280.811705","2024-05-27T20:44:14.404Z","ask"
"0.8606","5","2024-05-27T20:44:14.404Z","ask"
"0.8616","10.121796","2024-05-27T20:44:14.404Z","ask"
"0.8617","12.362186","2024-05-27T20:44:14.404Z","ask"
"0.8658","59.4","2024-05-27T20:44:14.404Z","ask"
"0.8687","5","2024-05-27T20:44:14.404Z","ask"
"0.8714","17.256714","2024-05-27T20:44:14.404Z","ask"
"0.8731","117.71605","2024-05-27T20:44:14.404Z","ask"
"0.8798","35.527125","2024-05-27T20:44:14.404Z","ask"
"0.88","300","2024-05-27T20:44:14.404Z","ask"
"0.8804","55","2024-05-27T20:44:14.404Z","ask"
"0.8825","635.410519","2024-05-27T20:44:14.404Z","ask"
"0.8833","35.527125","2024-05-27T20:44:14.404Z","ask"
"0.8877","35.527124","2024-05-27T20:44:14.404Z","ask"
"0.8904","12.00486","2024-05-27T20:44:14.404Z","ask"
"0.8949","114.846917","2024-05-27T20:44:14.404Z","ask"
"0.8965","35.527124","2024-05-27T20:44:14.404Z","ask"
"0.8986","934.841384","2024-05-27T20:44:14.404Z","ask"
"0.9002","0.151891","2024-05-27T20:44:14.404Z","ask"
"0.9034","0.503543","2024-05-27T20:44:14.404Z","ask"
"0.905","75","2024-05-27T20:44:14.404Z","ask"
"0.9133","28.391204","2024-05-27T20:44:14.404Z","ask"
"0.916","1109.28","2024-05-27T20:44:14.404Z","ask"
"0.9172","112.051139","2024-05-27T20:44:14.404Z","ask"
"0.919","33.275484","2024-05-27T20:44:14.404Z","ask"
"0.9256","1.582962","2024-05-27T20:44:14.404Z","ask"
"0.926","519.826102","2024-05-27T20:44:14.404Z","ask"
"0.933","3.092405","2024-05-27T20:44:14.404Z","ask"
"0.9336","2.198769","2024-05-27T20:44:14.404Z","ask"
"0.9357","13.2","2024-05-27T20:44:14.404Z","ask"
"0.9359","27.908987","2024-05-27T20:44:14.404Z","ask"
"0.94","10","2024-05-27T20:44:14.404Z","ask"
"0.9402","109.316081","2024-05-27T20:44:14.404Z","ask"
"0.9438","3.05164","2024-05-27T20:44:14.404Z","ask"
"0.95","105.684211","2024-05-27T20:44:14.404Z","ask"
"0.9576","5","2024-05-27T20:44:14.404Z","ask"
"0.9637","106.654125","2024-05-27T20:44:14.404Z","ask"
"0.98","14328","2024-05-27T20:44:14.404Z","ask"
"0.9801","15","2024-05-27T20:44:14.404Z","ask"
"0.9814","16.343999","2024-05-27T20:44:14.404Z","ask"
"0.9876","104.064241","2024-05-27T20:44:14.404Z","ask"
"0.9893","323.933953","2024-05-27T20:44:14.404Z","ask"
"0.99","196.893144","2024-05-27T20:44:14.404Z","ask"
"0.9934","101.21804","2024-05-27T20:44:14.404Z","ask"
"0.9999","31.225833","2024-05-27T20:44:14.404Z","ask"
"1","1442.138199","2024-05-27T20:44:14.404Z","ask"
"1.001","2.1","2024-05-27T20:44:14.404Z","ask"
"1.0051","570.837099","2024-05-27T20:44:14.404Z","ask"
"1.0124","101.524534","2024-05-27T20:44:14.404Z","ask"
"1.017","0.377657","2024-05-27T20:44:14.404Z","ask"
"1.02","20","2024-05-27T20:44:14.404Z","ask"
"1.0268","3.987241","2024-05-27T20:44:14.404Z","ask"
"1.0359","13.7391","2024-05-27T20:44:14.404Z","ask"
"1.0364","79.816245","2024-05-27T20:44:14.404Z","ask"
"1.0377","99.046599","2024-05-27T20:44:14.404Z","ask"
"1.04","350","2024-05-27T20:44:14.404Z","ask"
"1.05","20","2024-05-27T20:44:14.404Z","ask"
"1.06","357.943461","2024-05-27T20:44:14.404Z","ask"
"1.0634","61.09149","2024-05-27T20:44:14.404Z","ask"
"1.0636","96.630358","2024-05-27T20:44:14.404Z","ask"
"1.08","3","2024-05-27T20:44:14.404Z","ask"
"1.087","25.561857","2024-05-27T20:44:14.404Z","ask"
"1.09","30","2024-05-27T20:44:14.404Z","ask"
"1.0902","94.275532","2024-05-27T20:44:14.404Z","ask"
"1.0965","15.495979","2024-05-27T20:44:14.404Z","ask"
"1.1","5444.961488","2024-05-27T20:44:14.404Z","ask"
"1.11","37.762254","2024-05-27T20:44:14.404Z","ask"
"1.116","435","2024-05-27T20:44:14.404Z","ask"
"1.1175","91.97315","2024-05-27T20:44:14.404Z","ask"
"1.1199","7.182785","2024-05-27T20:44:14.404Z","ask"
"1.13","3","2024-05-27T20:44:14.404Z","ask"
"1.1333","22.1808","2024-05-27T20:44:14.404Z","ask"
"1.138","911","2024-05-27T20:44:14.404Z","ask"
"1.1476","43.808819","2024-05-27T20:44:14.404Z","ask"
"1.15","39","2024-05-27T20:44:14.404Z","ask"
"1.154","330.65","2024-05-27T20:44:14.404Z","ask"
"1.167","6","2024-05-27T20:44:14.404Z","ask"
"1.17","25","2024-05-27T20:44:14.404Z","ask"
"1.18","411.547786","2024-05-27T20:44:14.404Z","ask"
"1.2","1226.735037","2024-05-27T20:44:14.404Z","ask"
"1.22","1463.468309","2024-05-27T20:44:14.404Z","ask"
"1.2238","162.821871","2024-05-27T20:44:14.404Z","ask"
"1.23","10","2024-05-27T20:44:14.404Z","ask"
"1.247","120","2024-05-27T20:44:14.404Z","ask"
"1.25","191.673908","2024-05-27T20:44:14.404Z","ask"
"1.26","62.951918","2024-05-27T20:44:14.404Z","ask"
"1.2683","10.8","2024-05-27T20:44:14.404Z","ask"
"1.275","100","2024-05-27T20:44:14.404Z","ask"
"1.28","12.075489","2024-05-27T20:44:14.404Z","ask"
"1.2838","774.653373","2024-05-27T20:44:14.404Z","ask"
"1.288","3.33","2024-05-27T20:44:14.404Z","ask"
"1.29","921.351294","2024-05-27T20:44:14.404Z","ask"
"1.3","287.381416","2024-05-27T20:44:14.404Z","ask"
"1.31","3","2024-05-27T20:44:14.404Z","ask"
"1.319","618","2024-05-27T20:44:14.404Z","ask"
"1.32","350","2024-05-27T20:44:14.404Z","ask"
"1.325","1125.661655","2024-05-27T20:44:14.404Z","ask"
"1.3399","7.504292","2024-05-27T20:44:14.404Z","ask"
"1.345","75","2024-05-27T20:44:14.404Z","ask"
"1.35","691.12","2024-05-27T20:44:14.404Z","ask"
"1.37","73","2024-05-27T20:44:14.404Z","ask"
"1.3878","5.61","2024-05-27T20:44:14.404Z","ask"
"1.39","1233.299966","2024-05-27T20:44:14.404Z","ask"
"1.3982","489.710245","2024-05-27T20:44:14.404Z","ask"
"1.4","2415.772186","2024-05-27T20:44:14.404Z","ask"
"1.404","111.085791","2024-05-27T20:44:14.404Z","ask"
"1.405","70.737262","2024-05-27T20:44:14.404Z","ask"
"1.41","359","2024-05-27T20:44:14.404Z","ask"
"1.4149","3.987241","2024-05-27T20:44:14.404Z","ask"
"1.42","15","2024-05-27T20:44:14.404Z","ask"
"1.43","3","2024-05-27T20:44:14.404Z","ask"
"1.44","547.844018","2024-05-27T20:44:14.404Z","ask"
"1.45","563.549893","2024-05-27T20:44:14.404Z","ask"
"1.4709","23","2024-05-27T20:44:14.404Z","ask"
"1.4722","1234","2024-05-27T20:44:14.404Z","ask"
"1.48","123","2024-05-27T20:44:14.404Z","ask"
"1.4803","11.478309","2024-05-27T20:44:14.404Z","ask"
"1.494","2118","2024-05-27T20:44:14.404Z","ask"
"1.4987","50","2024-05-27T20:44:14.404Z","ask"
"1.5","42344.84929","2024-05-27T20:44:14.404Z","ask"
"1.51","200","2024-05-27T20:44:14.404Z","ask"
"1.5189","1013.304","2024-05-27T20:44:14.404Z","ask"
"1.5194","266","2024-05-27T20:44:14.404Z","ask"
"1.52","1607.521332","2024-05-27T20:44:14.404Z","ask"
"1.55","3","2024-05-27T20:44:14.404Z","ask"
"1.567","3190.810466","2024-05-27T20:44:14.404Z","ask"
"1.572","50","2024-05-27T20:44:14.404Z","ask"
"1.59","9.580964","2024-05-27T20:44:14.404Z","ask"
"1.5901","347.844017","2024-05-27T20:44:14.404Z","ask"
"1.6","6665.044621","2024-05-27T20:44:14.404Z","ask"
"1.65","1835.107453","2024-05-27T20:44:14.404Z","ask"
"1.6521","23","2024-05-27T20:44:14.404Z","ask"
"1.66","605.722892","2024-05-27T20:44:14.404Z","ask"
"1.67","15002.685323","2024-05-27T20:44:14.404Z","ask"
"1.68","805","2024-05-27T20:44:14.404Z","ask"
"1.69","2506.993503","2024-05-27T20:44:14.404Z","ask"
"1.6972","50","2024-05-27T20:44:14.404Z","ask"
"1.6999","7.098065","2024-05-27T20:44:14.404Z","ask"
"1.7","30717.766812","2024-05-27T20:44:14.404Z","ask"
"1.75","327.73485","2024-05-27T20:44:14.404Z","ask"
"1.76","112.512785","2024-05-27T20:44:14.404Z","ask"
"1.77","28.403955","2024-05-27T20:44:14.404Z","ask"
"1.777","173.62102","2024-05-27T20:44:14.404Z","ask"
"1.7872","6150","2024-05-27T20:44:14.404Z","ask"
"1.79","180","2024-05-27T20:44:14.404Z","ask"
"1.8","3657.492583","2024-05-27T20:44:14.404Z","ask"
"1.8029","3.987241","2024-05-27T20:44:14.404Z","ask"
"1.81","181.702369","2024-05-27T20:44:14.404Z","ask"
"1.8296","0.141621","2024-05-27T20:44:14.404Z","ask"
"1.8324","72.335947","2024-05-27T20:44:14.404Z","ask"
"1.85","1087.886549","2024-05-27T20:44:14.404Z","ask"
"1.87","320.855614","2024-05-27T20:44:14.404Z","ask"
"1.875","1820","2024-05-27T20:44:14.404Z","ask"
"1.88","85.241129","2024-05-27T20:44:14.404Z","ask"
"1.897","369.272055","2024-05-27T20:44:14.404Z","ask"
"1.9","1869.432412","2024-05-27T20:44:14.404Z","ask"
"1.9003","100","2024-05-27T20:44:14.404Z","ask"
"1.92","75","2024-05-27T20:44:14.404Z","ask"
"1.93","107.5","2024-05-27T20:44:14.404Z","ask"
"1.95","13029.235294","2024-05-27T20:44:14.404Z","ask"
"1.9501","37","2024-05-27T20:44:14.404Z","ask"
"1.9538","30","2024-05-27T20:44:14.404Z","ask"
"1.954","569.826101","2024-05-27T20:44:14.404Z","ask"
"1.958","27.690107","2024-05-27T20:44:14.404Z","ask"
"1.96","1242.62993","2024-05-27T20:44:14.404Z","ask"
"1.97","15.266498","2024-05-27T20:44:14.404Z","ask"
"1.98","5.050505","2024-05-27T20:44:14.404Z","ask"
"1.99","760","2024-05-27T20:44:14.404Z","ask"
"1.9984","8.502472","2024-05-27T20:44:14.404Z","ask"
"2","12245.79491","2024-05-27T20:44:14.404Z","ask"
"2.015","500","2024-05-27T20:44:14.404Z","ask"
"2.0202","6434.558349","2024-05-27T20:44:14.404Z","ask"
"2.0558","35.147","2024-05-27T20:44:14.404Z","ask"
"2.0599","17.406265","2024-05-27T20:44:14.404Z","ask"
"2.1","5726.911186","2024-05-27T20:44:14.404Z","ask"
"2.15","659.599101","2024-05-27T20:44:14.404Z","ask"
"2.172","2.8","2024-05-27T20:44:14.404Z","ask"
"2.191","3.987241","2024-05-27T20:44:14.404Z","ask"
"2.2","703","2024-05-27T20:44:14.404Z","ask"
"2.22","100","2024-05-27T20:44:14.404Z","ask"
"2.25","114.774573","2024-05-27T20:44:14.404Z","ask"
"2.264","16","2024-05-27T20:44:14.404Z","ask"
"2.29","18.48","2024-05-27T20:44:14.404Z","ask"
"2.3","33.215718","2024-05-27T20:44:14.404Z","ask"
"2.343","854.399311","2024-05-27T20:44:14.404Z","ask"
"2.35","401.309177","2024-05-27T20:44:14.404Z","ask"
"2.37","3","2024-05-27T20:44:14.404Z","ask"
"2.3959","46.427289","2024-05-27T20:44:14.404Z","ask"
"2.4","200","2024-05-27T20:44:14.404Z","ask"
"2.4087","25","2024-05-27T20:44:14.404Z","ask"
"2.45","10.596908","2024-05-27T20:44:14.404Z","ask"
"2.47","40","2024-05-27T20:44:14.404Z","ask"
"2.4854","16.094523","2024-05-27T20:44:14.404Z","ask"
"2.5","432.426405","2024-05-27T20:44:14.404Z","ask"
"2.52","59.975344","2024-05-27T20:44:14.404Z","ask"
"2.55","145","2024-05-27T20:44:14.404Z","ask"
"2.6","851.77305","2024-05-27T20:44:14.404Z","ask"
"2.63","38","2024-05-27T20:44:14.404Z","ask"
"2.654","0.059747","2024-05-27T20:44:14.404Z","ask"
"2.6731","5","2024-05-27T20:44:14.404Z","ask"
"2.74","26","2024-05-27T20:44:14.404Z","ask"
"2.75","366.636363","2024-05-27T20:44:14.404Z","ask"
"2.76","50","2024-05-27T20:44:14.404Z","ask"
"2.8","1109","2024-05-27T20:44:14.404Z","ask"
"2.86","45","2024-05-27T20:44:14.404Z","ask"
"2.88","5299.094471","2024-05-27T20:44:14.404Z","ask"
"2.95","80","2024-05-27T20:44:14.404Z","ask"
"2.9521","17.406265","2024-05-27T20:44:14.404Z","ask"
"2.96","7.34","2024-05-27T20:44:14.404Z","ask"
"2.9671","3.987241","2024-05-27T20:44:14.404Z","ask"
"2.9879","1360","2024-05-27T20:44:14.404Z","ask"
"2.99","68","2024-05-27T20:44:14.404Z","ask"
"3","4324.913174","2024-05-27T20:44:14.404Z","ask"
"3.05","108","2024-05-27T20:44:14.404Z","ask"
"3.08","480.470502","2024-05-27T20:44:14.404Z","ask"
"3.0837","35.147","2024-05-27T20:44:14.404Z","ask"
"3.11","5553.431808","2024-05-27T20:44:14.404Z","ask"
"3.134","1595.405233","2024-05-27T20:44:14.404Z","ask"
"3.14","3.266585","2024-05-27T20:44:14.404Z","ask"
"3.15","80","2024-05-27T20:44:14.404Z","ask"
"3.2","2040.269847","2024-05-27T20:44:14.404Z","ask"
"3.25","3","2024-05-27T20:44:14.404Z","ask"
"3.2762","10.000699","2024-05-27T20:44:14.404Z","ask"
"3.3","167.56552","2024-05-27T20:44:14.404Z","ask"
"3.3833","4.35","2024-05-27T20:44:14.404Z","ask"
"3.39","18","2024-05-27T20:44:14.404Z","ask"
"3.4","100","2024-05-27T20:44:14.404Z","ask"
"3.488","708.16625","2024-05-27T20:44:14.404Z","ask"
"3.5","1083.428571","2024-05-27T20:44:14.404Z","ask"
"3.5072","17.406265","2024-05-27T20:44:14.404Z","ask"
"3.5624","10.000699","2024-05-27T20:44:14.404Z","ask"
"3.6","3","2024-05-27T20:44:14.404Z","ask"
"3.65","60.6","2024-05-27T20:44:14.404Z","ask"
"3.7","384.060207","2024-05-27T20:44:14.404Z","ask"
"3.7432","3.987241","2024-05-27T20:44:14.404Z","ask"
"3.75","80","2024-05-27T20:44:14.404Z","ask"
"3.84","25","2024-05-27T20:44:14.404Z","ask"
"3.8486","10.000699","2024-05-27T20:44:14.404Z","ask"
"3.88","1024.995383","2024-05-27T20:44:14.404Z","ask"
"3.9","500","2024-05-27T20:44:14.404Z","ask"
"3.948","68","2024-05-27T20:44:14.404Z","ask"
"3.9686","13","2024-05-27T20:44:14.404Z","ask"
"3.99","116","2024-05-27T20:44:14.404Z","ask"
"4","3315.490825","2024-05-27T20:44:14.404Z","ask"
"4.0017","14075.359366","2024-05-27T20:44:14.404Z","ask"
"4.1116","35.147","2024-05-27T20:44:14.404Z","ask"
"4.1348","10.000699","2024-05-27T20:44:14.404Z","ask"
"4.19","50","2024-05-27T20:44:14.404Z","ask"
"4.2","1050","2024-05-27T20:44:14.404Z","ask"
"4.2359","28.47193","2024-05-27T20:44:14.404Z","ask"
"4.31","15","2024-05-27T20:44:14.404Z","ask"
"4.3995","17.406265","2024-05-27T20:44:14.404Z","ask"
"4.4108","6","2024-05-27T20:44:14.404Z","ask"
"4.42","26","2024-05-27T20:44:14.404Z","ask"
"4.421","10.000699","2024-05-27T20:44:14.404Z","ask"
"4.448","68","2024-05-27T20:44:14.404Z","ask"
"4.4513","0.106216","2024-05-27T20:44:14.404Z","ask"
"4.5","270.346951","2024-05-27T20:44:14.404Z","ask"
"4.51","1269","2024-05-27T20:44:14.404Z","ask"
"4.5193","3.987241","2024-05-27T20:44:14.404Z","ask"
"4.58","3644.682087","2024-05-27T20:44:14.404Z","ask"
"4.59","31.463181","2024-05-27T20:44:14.404Z","ask"
"4.6544","40","2024-05-27T20:44:14.404Z","ask"
"4.7","21.3","2024-05-27T20:44:14.404Z","ask"
"4.7071","10.000699","2024-05-27T20:44:14.404Z","ask"
"4.729","35","2024-05-27T20:44:14.404Z","ask"
"4.748","39","2024-05-27T20:44:14.404Z","ask"
"4.75","5299.094471","2024-05-27T20:44:14.404Z","ask"
"4.76","113.51121","2024-05-27T20:44:14.404Z","ask"
"4.77","4","2024-05-27T20:44:14.404Z","ask"
"4.8","836.710898","2024-05-27T20:44:14.404Z","ask"
"4.8358","123.134004","2024-05-27T20:44:14.404Z","ask"
"4.889","84","2024-05-27T20:44:14.404Z","ask"
"4.9","100","2024-05-27T20:44:14.404Z","ask"
"4.9073","3.987241","2024-05-27T20:44:14.404Z","ask"
"4.948","120","2024-05-27T20:44:14.404Z","ask"
"4.97","50","2024-05-27T20:44:14.404Z","ask"
"4.98","1600","2024-05-27T20:44:14.404Z","ask"
"4.987","22","2024-05-27T20:44:14.404Z","ask"
"4.99","323.979049","2024-05-27T20:44:14.404Z","ask"
"4.9933","10.000699","2024-05-27T20:44:14.404Z","ask"
"5","597.292988","2024-05-27T20:44:14.404Z","ask"
"5.1","3","2024-05-27T20:44:14.404Z","ask"
"5.15","341.058633","2024-05-27T20:44:14.404Z","ask"
"5.2","160","2024-05-27T20:44:14.404Z","ask"
"5.2446","1.5","2024-05-27T20:44:14.404Z","ask"
"5.2795","10.000699","2024-05-27T20:44:14.404Z","ask"
"5.28","641","2024-05-27T20:44:14.404Z","ask"
"5.2954","3.987241","2024-05-27T20:44:14.404Z","ask"
"5.36","29","2024-05-27T20:44:14.404Z","ask"
"5.4","214.287253","2024-05-27T20:44:14.404Z","ask"
"5.48","3.005996","2024-05-27T20:44:14.404Z","ask"
"5.5","681.653259","2024-05-27T20:44:14.404Z","ask"
"5.55","50.099029","2024-05-27T20:44:14.404Z","ask"
"5.5657","10.000699","2024-05-27T20:44:14.404Z","ask"
"5.6","14","2024-05-27T20:44:14.404Z","ask"
"5.67","100","2024-05-27T20:44:14.404Z","ask"
"5.763","1100.021786","2024-05-27T20:44:14.404Z","ask"
"5.8468","17.406265","2024-05-27T20:44:14.404Z","ask"
"5.8519","10.000699","2024-05-27T20:44:14.404Z","ask"
"5.89","4996.606139","2024-05-27T20:44:14.404Z","ask"
"5.894","97.106506","2024-05-27T20:44:14.404Z","ask"
"5.95","28.37","2024-05-27T20:44:14.404Z","ask"
"5.96","200","2024-05-27T20:44:14.404Z","ask"
"5.99","36","2024-05-27T20:44:14.404Z","ask"
"6","3799.168185","2024-05-27T20:44:14.404Z","ask"
"6.037","8.45","2024-05-27T20:44:14.404Z","ask"
"6.0715","3.987241","2024-05-27T20:44:14.404Z","ask"
"6.0828","1.8","2024-05-27T20:44:14.404Z","ask"
"6.1381","10.000699","2024-05-27T20:44:14.404Z","ask"
"6.2","27.883041","2024-05-27T20:44:14.404Z","ask"
"6.2653","96.447929","2024-05-27T20:44:14.404Z","ask"
"6.268","797.702616","2024-05-27T20:44:14.404Z","ask"
"6.3","300","2024-05-27T20:44:14.404Z","ask"
"6.35","282.725157","2024-05-27T20:44:14.404Z","ask"
"6.39","731.190328","2024-05-27T20:44:14.404Z","ask"
"6.4","17.833313","2024-05-27T20:44:14.404Z","ask"
"6.41","50","2024-05-27T20:44:14.404Z","ask"
"6.4243","10.000699","2024-05-27T20:44:14.404Z","ask"
"6.45","1720.381092","2024-05-27T20:44:14.404Z","ask"
"6.46","12.145041","2024-05-27T20:44:14.404Z","ask"
"6.489","20","2024-05-27T20:44:14.404Z","ask"
"6.5","503","2024-05-27T20:44:14.404Z","ask"
"6.564","224.088567","2024-05-27T20:44:14.404Z","ask"
"6.7","9","2024-05-27T20:44:14.404Z","ask"
"6.7105","10.000699","2024-05-27T20:44:14.404Z","ask"
"6.79","50","2024-05-27T20:44:14.404Z","ask"
"6.84","33","2024-05-27T20:44:14.404Z","ask"
"6.8477","3.987241","2024-05-27T20:44:14.404Z","ask"
"6.87","323.979048","2024-05-27T20:44:14.404Z","ask"
"6.894","110","2024-05-27T20:44:14.404Z","ask"
"6.9","1760.080042","2024-05-27T20:44:14.404Z","ask"
"6.9495","198.860684","2024-05-27T20:44:14.404Z","ask"
"6.95","75","2024-05-27T20:44:14.404Z","ask"
"6.9967","10.000699","2024-05-27T20:44:14.404Z","ask"
"7","17728.863033","2024-05-27T20:44:14.404Z","ask"
"7.0167","17.406265","2024-05-27T20:44:14.404Z","ask"
"7.03","10.294344","2024-05-27T20:44:14.404Z","ask"
"7.2","3","2024-05-27T20:44:14.404Z","ask"
"7.25","250","2024-05-27T20:44:14.404Z","ask"
"7.2829","10.000699","2024-05-27T20:44:14.404Z","ask"
"7.3","3","2024-05-27T20:44:14.404Z","ask"
"7.4","50","2024-05-27T20:44:14.404Z","ask"
"7.46","10","2024-05-27T20:44:14.404Z","ask"
"7.489","70","2024-05-27T20:44:14.404Z","ask"
"7.5","1983.288348","2024-05-27T20:44:14.404Z","ask"
"7.51","313.597304","2024-05-27T20:44:14.404Z","ask"
"7.53","29.213712","2024-05-27T20:44:14.404Z","ask"
"7.569","10.000699","2024-05-27T20:44:14.404Z","ask"
"7.6239","3.987241","2024-05-27T20:44:14.404Z","ask"
"7.6389","6.533169","2024-05-27T20:44:14.404Z","ask"
"7.67","29","2024-05-27T20:44:14.404Z","ask"
"7.6999","4.214374","2024-05-27T20:44:14.404Z","ask"
"7.76","113.51121","2024-05-27T20:44:14.404Z","ask"
"7.77","538.358271","2024-05-27T20:44:14.404Z","ask"
"7.777","30.792843","2024-05-27T20:44:14.404Z","ask"
"7.8","100.599492","2024-05-27T20:44:14.404Z","ask"
"7.8552","10.000699","2024-05-27T20:44:14.404Z","ask"
"7.89","500","2024-05-27T20:44:14.404Z","ask"
"7.9","15","2024-05-27T20:44:14.404Z","ask"
"7.948","60","2024-05-27T20:44:14.404Z","ask"
"8","837.485198","2024-05-27T20:44:14.404Z","ask"
"8.03","142.66273","2024-05-27T20:44:14.404Z","ask"
"8.1137","0.079662","2024-05-27T20:44:14.404Z","ask"
"8.13","3","2024-05-27T20:44:14.404Z","ask"
"8.1414","10.000699","2024-05-27T20:44:14.404Z","ask"
"8.15","47","2024-05-27T20:44:14.404Z","ask"
"8.1865","17.406265","2024-05-27T20:44:14.404Z","ask"
"8.2","851.773049","2024-05-27T20:44:14.404Z","ask"
"8.23","152.5","2024-05-27T20:44:14.404Z","ask"
"8.2661","123.134004","2024-05-27T20:44:14.404Z","ask"
"8.39","36","2024-05-27T20:44:14.404Z","ask"
"8.4","130.348555","2024-05-27T20:44:14.404Z","ask"
"8.4001","3.987241","2024-05-27T20:44:14.404Z","ask"
"8.4276","10.000699","2024-05-27T20:44:14.404Z","ask"
"8.45","1198.295926","2024-05-27T20:44:14.404Z","ask"
"8.4501","13.5","2024-05-27T20:44:14.404Z","ask"
"8.489","30","2024-05-27T20:44:14.404Z","ask"
"8.5","63.745","2024-05-27T20:44:14.404Z","ask"
"8.53","10","2024-05-27T20:44:14.404Z","ask"
"8.618","1000","2024-05-27T20:44:14.404Z","ask"
"8.6479","54.25196","2024-05-27T20:44:14.404Z","ask"
"8.7138","10.000699","2024-05-27T20:44:14.404Z","ask"
"8.7882","3.987241","2024-05-27T20:44:14.404Z","ask"
"8.8806","3","2024-05-27T20:44:14.404Z","ask"
"8.894","100","2024-05-27T20:44:14.404Z","ask"
"8.96","6","2024-05-27T20:44:14.404Z","ask"
"9","1049.634729","2024-05-27T20:44:14.404Z","ask"
"9.1","555.03801","2024-05-27T20:44:14.404Z","ask"
"9.14","446.365932","2024-05-27T20:44:14.404Z","ask"
"9.1763","3.987241","2024-05-27T20:44:14.404Z","ask"
"9.3","176.619607","2024-05-27T20:44:14.404Z","ask"
"9.389","223","2024-05-27T20:44:14.404Z","ask"
"9.489","100","2024-05-27T20:44:14.404Z","ask"
"9.5","1567","2024-05-27T20:44:14.404Z","ask"
"9.5639","1.089737","2024-05-27T20:44:14.404Z","ask"
"9.6484","28.616141","2024-05-27T20:44:14.404Z","ask"
"9.79","34.5","2024-05-27T20:44:14.404Z","ask"
"9.86","753.754841","2024-05-27T20:44:14.404Z","ask"
"9.8718","17.406265","2024-05-27T20:44:14.404Z","ask"
"9.89","866.755997","2024-05-27T20:44:14.404Z","ask"
"9.894","50","2024-05-27T20:44:14.404Z","ask"
"9.9525","3.987241","2024-05-27T20:44:14.404Z","ask"
"10","14378.183043","2024-05-27T20:44:14.404Z","ask"
"10.03","10.16","2024-05-27T20:44:14.404Z","ask"
"10.7287","3.987241","2024-05-27T20:44:14.404Z","ask"
"11","271.316565","2024-05-27T20:44:14.404Z","ask"
"11.5049","3.987241","2024-05-27T20:44:14.404Z","ask"
"11.644","3.987241","2024-05-27T20:44:14.404Z","ask"
"11.8","343","2024-05-27T20:44:14.404Z","ask"
"11.89","16","2024-05-27T20:44:14.404Z","ask"
"11.9735","17.40784","2024-05-27T20:44:14.404Z","ask"
"12","2034.299865","2024-05-27T20:44:14.404Z","ask"
"12.4","135.928412","2024-05-27T20:44:14.404Z","ask"
"12.48","18","2024-05-27T20:44:14.404Z","ask"
"12.536","797.702616","2024-05-27T20:44:14.404Z","ask"
"12.94","14","2024-05-27T20:44:14.404Z","ask"
"13","27.997966","2024-05-27T20:44:14.404Z","ask"
"13.2431","162.755879","2024-05-27T20:44:14.404Z","ask"
"13.89","22","2024-05-27T20:44:14.404Z","ask"
"14","615.69711","2024-05-27T20:44:14.404Z","ask"
"14.16","6051.888223","2024-05-27T20:44:14.404Z","ask"
"14.4","300","2024-05-27T20:44:14.404Z","ask"
"14.44","15","2024-05-27T20:44:14.404Z","ask"
"14.83","348.319341","2024-05-27T20:44:14.404Z","ask"
"14.89","30","2024-05-27T20:44:14.404Z","ask"
"14.96","6","2024-05-27T20:44:14.404Z","ask"
"15","2852.645411","2024-05-27T20:44:14.404Z","ask"
"15.75","1857","2024-05-27T20:44:14.404Z","ask"
"15.9","231.135072","2024-05-27T20:44:14.404Z","ask"
"16","111.106576","2024-05-27T20:44:14.404Z","ask"
"16.75","88.605907","2024-05-27T20:44:14.404Z","ask"
"16.89","11","2024-05-27T20:44:14.404Z","ask"
"17","18","2024-05-27T20:44:14.404Z","ask"
"17.48","12","2024-05-27T20:44:14.404Z","ask"
"17.94","9","2024-05-27T20:44:14.404Z","ask"
"18","850.75","2024-05-27T20:44:14.404Z","ask"
"18.89","20","2024-05-27T20:44:14.404Z","ask"
"19","54.606054","2024-05-27T20:44:14.404Z","ask"
"19.48","30","2024-05-27T20:44:14.404Z","ask"