"price","volume","time","side","orderType"
"0.35660000","103.00000000","2024-05-13T17:15:35.233Z","s","l"
"0.35660000","98.00000000","2024-05-13T17:15:35.291Z","s","l"
"0.35660000","228.00000000","2024-05-13T17:15:35.304Z","s","l"
"0.35660000","67.00000000","2024-05-13T17:15:35.426Z","s","l"
"0.35660000","159.00000000","2024-05-13T17:15:35.493Z","s","l"
"0.35660000","68.00000000","2024-05-13T17:15:35.535Z","s","l"
"0.35660000","83.00000000","2024-05-13T17:15:35.753Z","s","l"
"0.35660000","83.00000000","2024-05-13T17:15:35.753Z","s","l"
"0.35660000","43.95715778","2024-05-13T17:29:00.185Z","s","l"
"0.35340000","30.04284222","2024-05-13T17:29:00.185Z","s","l"
"0.34920000","200.00000000","2024-05-13T18:22:53.974Z","b","l"
"0.34920000","86.36884306","2024-05-13T18:22:53.974Z","b","l"
"0.34910000","71.00000000","2024-05-13T18:25:53.248Z","s","l"
"0.34910000","245.19500000","2024-05-13T18:27:41.250Z","s","l"
"0.34910000","87.00000000","2024-05-13T18:30:37.418Z","s","l"
"0.34910000","86.00000000","2024-05-13T18:30:37.442Z","s","l"
"0.34910000","73.00000000","2024-05-13T18:30:37.832Z","s","l"
"0.34910000","77.00000000","2024-05-13T18:30:38.249Z","s","l"
"0.34780000","59.24400000","2024-05-13T18:34:27.133Z","b","l"
"0.34720000","100.00000000","2024-05-13T18:48:08.867Z","s","l"
"0.34700000","54.34877168","2024-05-13T18:48:08.867Z","s","l"
"0.34690000","95.03522832","2024-05-13T18:48:08.867Z","s","l"
"0.34800000","108.34055853","2024-05-13T20:00:11.535Z","b","m"
"0.34810000","88.22072861","2024-05-13T20:00:11.535Z","b","m"
"0.34860000","70.52172073","2024-05-13T20:07:31.602Z","b","l"
"0.34870000","100.00000000","2024-05-13T20:07:31.602Z","b","l"
"0.34900000","121.44527927","2024-05-13T20:07:31.602Z","b","l"
"0.34720000","35.26086036","2024-05-13T20:24:48.494Z","b","l"
"0.34730000","5.44013964","2024-05-13T20:24:48.494Z","b","l"
"0.34720000","35.26086037","2024-05-13T20:31:01.639Z","b","l"
"0.34730000","20.62568384","2024-05-13T20:31:01.639Z","b","l"
"0.34810000","66.39722864","2024-05-14T06:12:39.956Z","s","l"
"0.34110000","100.00000000","2024-05-14T06:31:52.747Z","s","m"
"0.34090000","200.00000000","2024-05-14T06:31:52.747Z","s","m"
"0.34050000","400.00000000","2024-05-14T06:31:52.747Z","s","m"
"0.33990000","53.77971098","2024-05-14T06:31:52.747Z","s","m"
"0.33980000","654.57000000","2024-05-14T06:31:52.747Z","s","m"
"0.33900000","619.41999000","2024-05-14T06:31:52.747Z","s","m"
"0.33890000","755.25313359","2024-05-14T06:31:52.747Z","s","m"
"0.33850000","124.69199999","2024-05-14T06:31:52.747Z","s","m"
"0.33840000","6267.24216544","2024-05-14T06:31:52.747Z","s","m"
"0.34120000","97.70628393","2024-05-14T06:31:52.765Z","s","l"
"0.34120000","24.32486410","2024-05-14T06:31:52.766Z","s","l"
"0.33990000","139.71301547","2024-05-14T06:33:28.027Z","b","l"
"0.34000000","36.28698453","2024-05-14T06:33:28.027Z","b","l"
"0.34000000","156.00000000","2024-05-14T06:33:28.383Z","b","l"
"0.34120000","73.67512590","2024-05-14T06:37:20.885Z","b","l"
"0.34370000","69.85650774","2024-05-14T07:02:52.747Z","b","l"
"0.34380000","100.00000000","2024-05-14T07:02:52.747Z","b","l"
"0.34390000","200.00000000","2024-05-14T07:02:52.747Z","b","l"
"0.34390000","86.89471800","2024-05-14T07:02:52.747Z","b","l"
"0.34430000","43.24877426","2024-05-14T07:02:52.747Z","b","l"
"0.34420000","69.85650774","2024-05-14T07:02:56.650Z","b","l"
"0.34430000","100.00000000","2024-05-14T07:02:56.650Z","b","l"
"0.34440000","100.00000000","2024-05-14T07:03:03.690Z","b","l"
"0.34450000","200.00000000","2024-05-14T07:03:03.690Z","b","l"
"0.34500000","200.00000000","2024-05-14T07:03:03.690Z","b","l"
"0.34500000","100.00000000","2024-05-14T07:03:19.434Z","b","l"
"0.34520000","200.00000000","2024-05-14T07:03:19.434Z","b","l"
"0.34560000","200.00000000","2024-05-14T07:03:19.434Z","b","l"
"0.34530000","100.00000000","2024-05-14T07:03:37.515Z","b","l"
"0.34550000","5298.07200120","2024-05-14T07:03:37.515Z","b","l"
"0.34550000","1.92799880","2024-05-14T07:03:37.627Z","s","l"
"0.34510000","100.00000000","2024-05-14T07:03:50.461Z","b","l"
"0.34560000","200.00000000","2024-05-14T07:03:50.461Z","b","l"
"0.34570000","400.00000000","2024-05-14T07:03:50.461Z","b","l"
"0.34580000","700.00000000","2024-05-14T07:04:05.156Z","b","l"
"0.34230000","11.56200000","2024-05-14T07:12:01.220Z","s","l"
"0.34240000","100.00000000","2024-05-14T07:43:18.357Z","b","l"
"0.34260000","200.00000000","2024-05-14T07:43:18.357Z","b","l"
"0.34310000","201.25182162","2024-05-14T07:43:18.357Z","b","l"
"0.33840000","46.43064423","2024-05-14T12:34:30.972Z","s","l"
"0.33830000","135.26244146","2024-05-14T12:42:49.027Z","s","l"
"0.33820000","200.00000000","2024-05-14T12:42:49.027Z","s","l"
"0.33820000","100.00000000","2024-05-14T12:42:49.027Z","s","l"
"0.33770000","245.23306854","2024-05-14T12:42:49.027Z","s","l"
"0.33570000","67.63122073","2024-05-14T13:08:18.588Z","s","l"
"0.33560000","200.00000000","2024-05-14T13:08:18.588Z","s","l"
"0.33530000","33.81561036","2024-05-14T13:21:37.585Z","s","l"
"0.33520000","289.18438964","2024-05-14T13:21:37.585Z","s","l"
"0.33520000","367.14019270","2024-05-14T13:21:53.082Z","s","l"
"0.33620000","124.13563627","2024-05-14T13:26:19.426Z","b","m"
"0.33630000","100.00000000","2024-05-14T13:26:19.426Z","b","m"
"0.33630000","100.00000000","2024-05-14T13:26:31.555Z","b","m"
"0.33620000","62.06781814","2024-05-14T13:26:48.825Z","b","m"
"0.33630000","100.00000000","2024-05-14T13:26:48.825Z","b","m"
"0.33630000","100.00000000","2024-05-14T13:27:01.833Z","b","m"
"0.33660000","31.03390907","2024-05-14T13:27:01.833Z","b","m"
"0.33670000","168.96609093","2024-05-14T13:27:01.833Z","b","m"
"0.33650000","31.03390907","2024-05-14T13:27:29.755Z","b","m"
"0.33660000","100.00000000","2024-05-14T13:27:29.755Z","b","m"
"0.33670000","31.03390907","2024-05-14T13:27:29.755Z","b","m"
"0.33640000","100.00000000","2024-05-14T13:27:38.558Z","b","m"
"0.33660000","200.00000000","2024-05-14T13:27:38.558Z","b","m"
"0.33660000","100.00000000","2024-05-14T13:27:48.250Z","b","m"
"0.33670000","100.00000000","2024-05-14T13:27:56.405Z","b","m"
"0.33610000","100.00000000","2024-05-14T13:28:44.045Z","b","m"
"0.33650000","200.00000000","2024-05-14T13:28:44.045Z","b","m"
"0.33630000","100.00000000","2024-05-14T13:29:13.025Z","b","m"
"0.33650000","200.00000000","2024-05-14T13:29:13.025Z","b","m"
"0.33570000","100.00000000","2024-05-14T13:31:46.531Z","b","m"
"0.33600000","200.00000000","2024-05-14T13:31:46.531Z","b","m"
"0.33650000","400.00000000","2024-05-14T13:31:46.531Z","b","m"
"0.33660000","304.83000000","2024-05-14T13:31:46.531Z","b","m"
"0.33540000","100.00000000","2024-05-14T13:37:05.668Z","b","m"
"0.33540000","200.00000000","2024-05-14T13:37:05.668Z","b","m"
"0.33560000","100.00000000","2024-05-14T13:37:22.974Z","b","m"
"0.33560000","100.00000000","2024-05-14T13:37:40.076Z","b","m"
"0.33580000","200.00000000","2024-05-14T13:37:40.076Z","b","m"
"0.33590000","100.00000000","2024-05-14T13:38:07.402Z","b","m"
"0.33620000","200.00000000","2024-05-14T13:38:07.402Z","b","m"
"0.33530000","100.00000000","2024-05-14T13:43:29.382Z","b","l"
"0.33550000","200.00000000","2024-05-14T13:43:29.382Z","b","l"
"0.33600000","400.00000000","2024-05-14T13:43:29.382Z","b","l"
"0.33340000","66.36487061","2024-05-14T14:28:48.195Z","b","l"
"0.33410000","100.00000000","2024-05-14T14:28:48.195Z","b","l"
"0.33430000","200.00000000","2024-05-14T14:28:48.195Z","b","l"
"0.33470000","46.59581162","2024-05-14T14:28:48.195Z","b","l"
"0.33450000","100.00000000","2024-05-14T14:29:19.387Z","b","l"
"0.33470000","200.00000000","2024-05-14T14:29:19.387Z","b","l"
"0.33530000","400.00000000","2024-05-14T14:29:19.387Z","b","l"
"0.33560000","673.25000000","2024-05-14T14:29:19.387Z","b","l"
"0.33000000","57.00000000","2024-05-14T16:37:22.166Z","s","l"
"0.33010000","200.00000000","2024-05-14T17:31:47.485Z","b","l"
"0.33030000","100.00000000","2024-05-14T17:31:47.485Z","b","l"
"0.33030000","400.00000000","2024-05-14T17:31:47.485Z","b","l"
"0.33030000","869.34000000","2024-05-14T17:31:47.485Z","b","l"
"0.33020000","400.00000000","2024-05-14T17:32:02.108Z","b","l"
"0.33020000","100.00000000","2024-05-14T17:32:02.108Z","b","l"
"0.33020000","200.00000000","2024-05-14T17:32:02.108Z","b","l"
"0.33000000","46.00000000","2024-05-14T17:32:14.611Z","s","l"
"0.33000000","43.00000000","2024-05-14T17:32:14.629Z","s","l"
"0.33110000","100.00000000","2024-05-14T18:19:18.589Z","s","l"
"0.33070000","30.20235578","2024-05-14T19:10:22.983Z","b","m"
"0.33030000","100.00000000","2024-05-14T19:11:50.527Z","b","l"
"0.33090000","200.00000000","2024-05-14T19:11:50.527Z","b","l"
"0.33130000","400.00000000","2024-05-14T19:11:50.527Z","b","l"
"0.33130000","162.41925747","2024-05-14T19:11:50.527Z","b","l"
"0.33000000","4.00000000","2024-05-14T20:11:18.963Z","s","l"
"0.32960000","63.54600000","2024-05-14T20:11:18.963Z","s","l"
"0.33030000","43.02000000","2024-05-14T20:11:36.148Z","b","l"
"0.32960000","50.22827185","2024-05-14T21:42:41.088Z","s","l"
"0.32800000","20.00000000","2024-05-14T21:42:41.088Z","s","l"
"0.32750000","48.32376925","2024-05-14T21:42:41.088Z","s","l"
"0.32730000","141.04344146","2024-05-14T21:42:41.088Z","s","l"
"0.32720000","200.00000000","2024-05-14T21:42:41.088Z","s","l"
"0.32710000","14.91151744","2024-05-14T21:42:41.088Z","s","l"
"0.32760000","48.30161280","2024-05-14T22:11:13.163Z","s","m"
"0.32830000","26.32531221","2024-05-14T22:23:18.709Z","b","l"
"0.32730000","181.36100000","2024-05-14T22:36:19.757Z","b","l"
"0.32670000","46.37091433","2024-05-14T23:00:01.000Z","s","m"
"0.32660000","34.38396017","2024-05-14T23:00:01.000Z","s","m"
"0.32860000","87.34522000","2024-05-15T00:02:42.275Z","s","m"
"0.33020000","100.00000000","2024-05-15T05:22:00.990Z","s","l"
"0.33000000","75.44700000","2024-05-15T05:22:00.990Z","s","l"
"0.33120000","6.06400000","2024-05-15T05:22:53.931Z","b","l"
"0.32890000","309.43100000","2024-05-15T08:22:12.171Z","s","l"
"0.32970000","100.00000000","2024-05-15T09:24:09.982Z","s","m"
"0.32960000","2994.13741973","2024-05-15T09:24:09.982Z","s","m"
"0.32950000","200.00000000","2024-05-15T09:24:09.982Z","s","m"
"0.32950000","1578.97920910","2024-05-15T09:24:09.982Z","s","m"
"0.32900000","120.94945000","2024-05-15T09:24:09.982Z","s","m"
"0.33410000","58.00000000","2024-05-15T09:50:07.275Z","b","l"
"0.33400000","41.00000000","2024-05-15T09:50:30.223Z","b","l"
"0.33400000","54.00000000","2024-05-15T09:50:39.292Z","b","l"
"0.33540000","70.35798429","2024-05-15T10:57:45.612Z","b","l"
"0.33550000","42.48375558","2024-05-15T10:57:45.612Z","b","l"
"0.33440000","25.52691386","2024-05-15T12:05:38.127Z","b","l"
"0.33840000","230.00000000","2024-05-15T12:35:16.391Z","b","l"
"0.33840000","140.00000000","2024-05-15T12:35:16.862Z","b","l"
"0.33830000","44.83107044","2024-05-15T12:35:17.193Z","b","l"
"0.33840000","52.16892956","2024-05-15T12:35:17.193Z","b","l"
"0.33840000","60.00000000","2024-05-15T12:35:17.337Z","b","l"
"0.33820000","80.00000000","2024-05-15T12:41:57.101Z","s","l"
"0.33840000","170.00000000","2024-05-15T12:52:54.025Z","b","l"
"0.33840000","221.00000000","2024-05-15T12:52:54.313Z","b","l"
"0.33840000","99.00000000","2024-05-15T12:52:54.588Z","b","l"
"0.33840000","61.00000000","2024-05-15T12:52:54.896Z","b","l"
"0.33840000","120.00000000","2024-05-15T12:52:55.289Z","b","l"
"0.33840000","60.00000000","2024-05-15T12:52:55.567Z","b","l"
"0.33840000","119.00000000","2024-05-15T12:52:56.384Z","b","l"
"0.33840000","58.00000000","2024-05-15T12:52:56.701Z","b","l"
"0.33840000","190.00000000","2024-05-15T12:52:58.278Z","b","l"
"0.33840000","89.00000000","2024-05-15T12:52:58.563Z","b","l"
"0.33840000","67.00000000","2024-05-15T12:53:02.256Z","b","l"
"0.33840000","67.00000000","2024-05-15T12:53:02.565Z","b","l"
"0.33840000","240.00000000","2024-05-15T12:53:05.506Z","b","l"
"0.33840000","149.00000000","2024-05-15T12:53:05.789Z","b","l"
"0.33840000","95.00000000","2024-05-15T12:53:06.416Z","b","l"
"0.33840000","61.00000000","2024-05-15T12:53:06.700Z","b","l"
"0.33840000","98.34740197","2024-05-15T12:54:01.966Z","b","l"
"0.34240000","100.00000000","2024-05-15T13:03:46.783Z","s","l"
"0.34210000","40.00000000","2024-05-15T13:03:46.783Z","s","l"
"0.34030000","100.00000000","2024-05-15T13:13:11.523Z","b","l"
"0.34060000","200.00000000","2024-05-15T13:13:11.523Z","b","l"
"0.34100000","400.00000000","2024-05-15T13:13:11.523Z","b","l"
"0.34240000","39.86386504","2024-05-15T13:13:11.523Z","b","l"
"0.34190000","100.00000000","2024-05-15T13:51:14.781Z","b","l"
"0.34210000","200.00000000","2024-05-15T13:51:14.781Z","b","l"
"0.34260000","36.60800000","2024-05-15T13:51:14.781Z","b","l"
"0.34120000","100.00000000","2024-05-15T15:08:11.179Z","s","m"
"0.34100000","128.88057000","2024-05-15T15:08:11.179Z","s","m"
"0.34100000","57.63688760","2024-05-15T15:32:33.657Z","s","l"
"0.33860000","46.76993502","2024-05-15T17:57:57.166Z","b","l"
"0.34370000","56.49500000","2024-05-15T19:40:51.242Z","b","l"
"0.34370000","43.50500000","2024-05-15T19:42:59.081Z","b","l"
"0.34390000","200.00000000","2024-05-15T19:42:59.081Z","b","l"
"0.34530000","100.00000000","2024-05-16T01:30:22.564Z","s","l"
"0.34510000","191.26073000","2024-05-16T01:30:22.564Z","s","l"
"0.34510000","8.73927000","2024-05-16T01:30:22.564Z","s","l"
"0.34500000","98.00000000","2024-05-16T01:48:53.929Z","s","l"
"0.34500000","2.00000000","2024-05-16T01:48:53.930Z","s","l"
"0.34490000","100.00000000","2024-05-16T02:45:21.262Z","s","l"
"0.34470000","200.00000000","2024-05-16T02:45:21.262Z","s","l"
"0.34430000","91.27677878","2024-05-16T02:45:21.262Z","s","l"
"0.34420000","98.72321000","2024-05-16T02:45:21.262Z","s","l"
"0.34420000","301.27679000","2024-05-16T02:45:21.262Z","s","l"
"0.34410000","45.80144188","2024-05-16T02:45:34.300Z","s","l"
"0.34410000","79.76520145","2024-05-16T02:45:36.434Z","s","l"
"0.34400000","309.50894855","2024-05-16T02:45:36.434Z","s","l"
"0.34400000","100.00000000","2024-05-16T03:29:05.098Z","s","l"
"0.34400000","41.17900000","2024-05-16T03:29:05.098Z","s","l"
"0.34410000","50.05208398","2024-05-16T03:42:14.477Z","s","l"
"0.34560000","43.00000000","2024-05-16T06:11:36.753Z","b","m"
"0.34550000","98.99999000","2024-05-16T08:44:02.409Z","s","l"
"0.34660000","100.00000000","2024-05-16T08:45:25.359Z","b","l"
"0.34550000","1.00001000","2024-05-16T08:46:05.362Z","s","l"
"0.34530000","102.42798000","2024-05-16T08:46:05.362Z","s","l"
"0.34440000","63.31117000","2024-05-16T10:14:57.696Z","s","l"
"0.34650000","100.00000000","2024-05-16T12:17:22.189Z","s","l"
"0.34510000","100.00000000","2024-05-16T13:01:59.034Z","b","m"
"0.34530000","44.85954243","2024-05-16T13:01:59.034Z","b","m"
"0.34440000","100.00000000","2024-05-16T13:56:38.485Z","b","l"
"0.34490000","200.00000000","2024-05-16T13:56:38.485Z","b","l"
"0.34440000","9.44000000","2024-05-16T14:05:09.030Z","b","l"
"0.34500000","100.00000000","2024-05-16T14:20:26.747Z","b","l"
"0.34530000","3.09800000","2024-05-16T14:20:26.747Z","b","l"
"0.34220000","141.04344146","2024-05-16T15:14:59.487Z","s","m"
"0.34210000","100.00000000","2024-05-16T15:14:59.487Z","s","m"
"0.34190000","200.00000000","2024-05-16T15:14:59.487Z","s","m"
"0.34190000","1522.59093251","2024-05-16T15:14:59.487Z","s","m"
"0.34140000","400.00000000","2024-05-16T15:14:59.487Z","s","m"
"0.34010000","66.16977077","2024-05-16T15:14:59.487Z","s","m"
"0.34010000","75.39641576","2024-05-16T15:14:59.487Z","s","m"
"0.34000000","1563.18951950","2024-05-16T15:14:59.487Z","s","m"
"0.34140000","70.52172073","2024-05-16T15:30:25.581Z","b","l"
"0.34150000","69.47827927","2024-05-16T15:30:25.581Z","b","l"
"0.34150000","30.52172073","2024-05-16T15:30:25.582Z","b","l"
"0.34330000","100.00000000","2024-05-16T16:28:06.559Z","s","l"
"0.34290000","200.00000000","2024-05-16T16:28:06.559Z","s","l"
"0.34270000","105.78258109","2024-05-16T16:28:06.559Z","s","l"
"0.34260000","400.00000000","2024-05-16T16:28:06.559Z","s","l"
"0.34210000","61.44941891","2024-05-16T16:28:06.559Z","s","l"
"0.34430000","3.20500000","2024-05-16T17:04:09.033Z","s","l"
"0.34490000","25.11278631","2024-05-16T18:24:40.827Z","b","l"
"0.34530000","32.92800000","2024-05-16T18:38:23.631Z","b","l"
"0.34520000","32.92800000","2024-05-16T19:04:32.901Z","s","l"
"0.34490000","100.00000000","2024-05-16T21:19:04.711Z","s","l"
"0.34570000","100.00000000","2024-05-16T22:48:19.654Z","s","l"
"0.34550000","200.00000000","2024-05-16T22:48:19.654Z","s","l"
"0.34610000","75.59575775","2024-05-16T22:48:48.962Z","b","l"
"0.34620000","68.87115225","2024-05-16T22:48:48.962Z","b","l"
"0.34590000","34.43529402","2024-05-16T22:50:48.970Z","s","l"
"0.34580000","100.00000000","2024-05-16T22:50:48.970Z","s","l"
"0.34560000","20.68706598","2024-05-16T22:50:48.970Z","s","l"
"0.34450000","43.54136429","2024-05-17T00:36:33.547Z","s","l"
"0.34680000","6.50500000","2024-05-17T02:45:32.485Z","b","l"
"0.34580000","6.40800000","2024-05-17T02:46:22.074Z","s","l"
"0.34280000","140.49457108","2024-05-17T03:45:10.822Z","s","l"
"0.34270000","259.50542892","2024-05-17T03:45:10.822Z","s","l"
"0.34790000","43.84834000","2024-05-17T07:41:09.048Z","s","l"
"0.35110000","200.00000000","2024-05-17T08:13:42.368Z","b","l"
"0.35190000","400.00000000","2024-05-17T09:38:53.375Z","b","l"
"0.35170000","400.00000000","2024-05-17T09:38:54.625Z","b","l"
"0.35120000","400.00000000","2024-05-17T09:38:55.018Z","s","l"
"0.35150000","100.00000000","2024-05-17T09:38:58.079Z","s","l"
"0.35120000","200.00000000","2024-05-17T09:38:58.181Z","s","l"
"0.35140000","100.00000000","2024-05-17T09:38:58.604Z","s","l"
"0.35100000","100.00000000","2024-05-17T09:38:59.680Z","s","l"
"0.35100000","89.28041557","2024-05-17T09:39:09.047Z","s","l"
"0.35100000","44.64020778","2024-05-17T09:40:55.872Z","s","l"
"0.34920000","100.00000000","2024-05-17T10:12:55.781Z","b","l"
"0.34920000","101.75715922","2024-05-17T10:12:55.781Z","b","l"
"0.34850000","100.00000000","2024-05-17T11:06:21.223Z","b","l"
"0.34860000","200.00000000","2024-05-17T11:06:21.223Z","b","l"
"0.35390000","100.00000000","2024-05-17T12:57:50.803Z","s","l"
"0.35440000","60.00000000","2024-05-17T12:58:02.277Z","s","l"
"0.35520000","111.00000000","2024-05-17T12:59:33.098Z","b","l"
"0.35520000","69.00000000","2024-05-17T12:59:33.374Z","b","l"
"0.35520000","54.00000000","2024-05-17T12:59:42.710Z","b","l"
"0.35520000","53.00000000","2024-05-17T12:59:42.723Z","b","l"
"0.35520000","7.09666957","2024-05-17T13:01:20.522Z","b","l"
"0.35840000","118.72333756","2024-05-17T13:01:20.522Z","b","l"
"0.35850000","1328.40802622","2024-05-17T13:01:20.522Z","b","l"
"0.35510000","200.00000000","2024-05-17T13:01:20.522Z","s","m"
"0.35510000","44.64020779","2024-05-17T13:01:20.522Z","s","m"
"0.35500000","41.72863000","2024-05-17T13:01:20.522Z","s","m"
"0.35950000","30.90512667","2024-05-17T13:26:23.940Z","s","l"
"0.35950000","69.09487333","2024-05-17T13:26:27.773Z","s","m"
"0.35930000","200.00000000","2024-05-17T13:26:27.773Z","s","m"
"0.35920000","31.62796203","2024-05-17T13:26:27.773Z","s","m"
"0.35910000","1448.79937459","2024-05-17T13:26:27.773Z","s","m"
"0.35880000","400.00000000","2024-05-17T13:26:27.773Z","s","m"
"0.35840000","1236.78000000","2024-05-17T13:26:27.773Z","s","m"
"0.35760000","59.36166878","2024-05-17T13:26:27.773Z","s","m"
"0.35750000","101.15811953","2024-05-17T13:26:27.773Z","s","m"
"0.36030000","75.49264502","2024-05-17T15:02:33.723Z","b","m"
"0.36070000","73.61628456","2024-05-17T15:20:13.894Z","b","l"
"0.36080000","108.45537694","2024-05-17T15:20:13.894Z","b","l"
"0.36070000","36.80814228","2024-05-17T16:33:38.978Z","b","l"
"0.36080000","588.68224973","2024-05-17T16:33:38.978Z","b","l"
"0.36190000","320.93460799","2024-05-17T16:33:38.978Z","b","l"
"0.35970000","311.39838754","2024-05-17T19:06:01.730Z","s","l"
"0.35970000","55.60189046","2024-05-17T19:06:01.730Z","s","l"
"0.35960000","100.00000000","2024-05-17T19:36:49.391Z","b","l"
"0.35980000","200.00000000","2024-05-17T19:36:49.391Z","b","l"
"0.36000000","100.00000000","2024-05-17T19:37:06.390Z","b","l"
"0.36020000","36.80814228","2024-05-17T19:37:06.390Z","b","l"
"0.35930000","141.04344146","2024-05-17T19:40:02.867Z","s","l"
"0.35920000","40.10054854","2024-05-17T19:40:02.867Z","s","l"
"0.35850000","63.55100000","2024-05-17T21:27:21.236Z","s","l"
"0.35730000","100.00000000","2024-05-17T21:43:35.344Z","s","l"
"0.35710000","200.00000000","2024-05-17T21:43:35.344Z","s","l"
"0.35490000","70.52172073","2024-05-17T22:50:18.402Z","s","m"
"0.35490000","235.92875205","2024-05-17T22:50:18.402Z","s","m"
"0.35480000","160.17915102","2024-05-17T22:50:18.402Z","s","m"
"0.35300000","416.96996400","2024-05-17T23:49:28.944Z","s","l"
"0.35180000","100.00000000","2024-05-18T02:02:48.002Z","b","l"
"0.35200000","200.00000000","2024-05-18T02:02:48.002Z","b","l"
"0.35250000","120.00000000","2024-05-18T02:02:48.002Z","b","l"
"0.35280000","300.00000000","2024-05-18T02:09:28.893Z","b","l"
"0.35050000","19.72200000","2024-05-18T02:53:56.280Z","s","l"
"0.35180000","2.85100000","2024-05-18T03:19:01.396Z","b","l"
"0.36020000","55.33000000","2024-05-18T04:03:01.235Z","b","l"
"0.35110000","100.00000000","2024-05-18T08:13:04.004Z","b","m"
"0.35130000","200.00000000","2024-05-18T08:13:04.004Z","b","m"
"0.35180000","137.80159181","2024-05-18T08:13:04.004Z","b","m"
"0.35000000","100.00000000","2024-05-18T08:47:45.888Z","b","l"
"0.35230000","100.00000000","2024-05-18T11:44:59.650Z","b","l"
"0.35250000","31.90300000","2024-05-18T11:44:59.650Z","b","l"
"0.34970000","100.00000000","2024-05-18T13:00:58.136Z","b","l"
"0.34990000","200.00000000","2024-05-18T13:00:58.136Z","b","l"
"0.35040000","400.00000000","2024-05-18T13:00:58.136Z","b","l"
"0.35040000","1493.04247925","2024-05-18T13:00:58.136Z","b","l"
"0.35040000","190.47466800","2024-05-18T13:00:58.136Z","b","l"
"0.35020000","100.00000000","2024-05-18T13:01:36.405Z","b","l"
"0.35040000","190.97698800","2024-05-18T13:01:36.405Z","b","l"
"0.35060000","609.02301200","2024-05-18T13:01:36.405Z","b","l"
"0.35030000","100.00000000","2024-05-18T13:02:04.011Z","b","l"
"0.35060000","76.39079400","2024-05-18T13:02:04.011Z","b","l"
"0.35070000","200.00000000","2024-05-18T13:02:04.011Z","b","l"
"0.35080000","2976.93971189","2024-05-18T13:02:04.011Z","b","l"
"0.35000000","100.00000000","2024-05-18T13:03:44.880Z","b","l"
"0.35030000","200.00000000","2024-05-18T13:03:44.880Z","b","l"
"0.35030000","100.00000000","2024-05-18T13:04:11.229Z","b","l"
"0.35000000","100.00000000","2024-05-18T13:07:20.082Z","b","l"
"0.35020000","200.00000000","2024-05-18T13:07:20.082Z","b","l"
"0.35050000","1494.14649505","2024-05-18T13:07:20.082Z","b","l"
"0.35070000","400.00000000","2024-05-18T13:07:20.082Z","b","l"
"0.35020000","100.00000000","2024-05-18T13:07:59.631Z","b","l"
"0.35040000","200.00000000","2024-05-18T13:07:59.631Z","b","l"
"0.35050000","100.00000000","2024-05-18T13:08:33.682Z","b","l"
"0.34970000","100.00000000","2024-05-18T13:09:14.986Z","b","l"
"0.34990000","100.00000000","2024-05-18T13:09:54.539Z","b","l"
"0.34990000","100.00000000","2024-05-18T13:10:08.194Z","b","l"
"0.35000000","200.00000000","2024-05-18T13:10:40.488Z","b","l"
"0.35010000","100.00000000","2024-05-18T13:10:40.488Z","b","l"
"0.35030000","100.00000000","2024-05-18T13:11:19.163Z","b","l"
"0.35050000","200.00000000","2024-05-18T13:11:19.163Z","b","l"
"0.35000000","100.00000000","2024-05-18T13:12:38.345Z","b","l"
"0.35030000","100.00000000","2024-05-18T13:12:38.345Z","b","l"
"0.35020000","100.00000000","2024-05-18T13:12:53.590Z","b","l"
"0.35030000","100.00000000","2024-05-18T13:12:53.590Z","b","l"
"0.34870000","100.00000000","2024-05-18T13:28:30.928Z","b","l"
"0.34890000","200.00000000","2024-05-18T13:28:30.928Z","b","l"
"0.34900000","100.00000000","2024-05-18T13:29:11.749Z","b","l"
"0.34910000","100.00000000","2024-05-18T13:29:42.964Z","b","l"
"0.34910000","100.00000000","2024-05-18T13:31:36.476Z","b","l"
"0.34920000","200.00000000","2024-05-18T13:31:51.376Z","b","l"
"0.34920000","100.00000000","2024-05-18T13:31:51.376Z","b","l"
"0.34910000","100.00000000","2024-05-18T13:32:05.691Z","b","l"
"0.34910000","100.00000000","2024-05-18T13:32:45.243Z","b","l"
"0.34900000","200.00000000","2024-05-18T13:32:59.107Z","b","l"
"0.34920000","200.00000000","2024-05-18T13:34:22.746Z","b","l"
"0.34920000","109.24541809","2024-05-18T13:34:22.746Z","b","l"
"0.34800000","100.00000000","2024-05-18T13:37:01.929Z","b","l"
"0.34820000","200.00000000","2024-05-18T13:37:01.929Z","b","l"
"0.34740000","100.00000000","2024-05-18T13:39:04.898Z","b","l"
"0.34770000","200.00000000","2024-05-18T13:39:04.898Z","b","l"
"0.34730000","400.00000000","2024-05-18T13:39:58.439Z","b","l"
"0.34730000","100.00000000","2024-05-18T13:39:58.439Z","b","l"
"0.34730000","200.00000000","2024-05-18T13:39:58.439Z","b","l"
"0.34730000","200.00000000","2024-05-18T13:41:03.557Z","b","l"
"0.34740000","100.00000000","2024-05-18T13:41:03.557Z","b","l"
"0.34740000","400.00000000","2024-05-18T13:41:03.557Z","b","l"
"0.34750000","200.00000000","2024-05-18T13:43:31.846Z","b","l"
"0.34750000","100.00000000","2024-05-18T13:43:31.846Z","b","l"
"0.34760000","100.00000000","2024-05-18T13:43:47.104Z","b","l"
"0.34780000","200.00000000","2024-05-18T13:43:47.104Z","b","l"
"0.34690000","100.00000000","2024-05-18T13:46:12.128Z","b","l"
"0.34710000","200.00000000","2024-05-18T13:46:12.128Z","b","l"
"0.34720000","100.00000000","2024-05-18T13:46:58.881Z","b","l"
"0.34730000","100.00000000","2024-05-18T13:48:50.702Z","b","l"
"0.34720000","100.00000000","2024-05-18T13:49:01.734Z","b","l"
"0.34730000","100.00000000","2024-05-18T13:49:19.422Z","b","l"
"0.34750000","200.00000000","2024-05-18T13:49:19.422Z","b","l"
"0.34690000","400.00000000","2024-05-18T13:50:16.838Z","b","l"
"0.34690000","100.00000000","2024-05-18T13:50:16.838Z","b","l"
"0.34690000","200.00000000","2024-05-18T13:50:16.838Z","b","l"
"0.34710000","100.00000000","2024-05-18T13:50:47.246Z","b","l"
"0.34730000","200.00000000","2024-05-18T13:50:47.246Z","b","l"
"0.34780000","400.00000000","2024-05-18T13:50:47.246Z","b","l"
"0.34690000","400.00000000","2024-05-18T13:51:04.403Z","b","l"
"0.34690000","100.00000000","2024-05-18T13:51:17.092Z","b","l"
"0.34690000","200.00000000","2024-05-18T13:51:17.092Z","b","l"
"0.34690000","200.00000000","2024-05-18T13:51:28.800Z","b","l"
"0.34700000","100.00000000","2024-05-18T13:51:50.705Z","b","l"
"0.34700000","125.28616714","2024-05-18T13:51:50.705Z","b","l"
"0.34700000","200.00000000","2024-05-18T13:56:51.674Z","b","l"
"0.34700000","100.00000000","2024-05-18T13:56:51.674Z","b","l"
"0.34730000","400.00000000","2024-05-18T13:56:51.674Z","b","l"
"0.34760000","700.01000000","2024-05-18T13:56:51.674Z","b","l"
"0.34700000","39.35590778","2024-05-18T13:57:28.377Z","b","l"
"0.34700000","100.00000000","2024-05-18T14:34:53.990Z","b","l"
"0.34700000","200.00000000","2024-05-18T14:34:53.990Z","b","l"
"0.34830000","100.00000000","2024-05-18T14:37:33.728Z","b","l"
"0.34850000","200.00000000","2024-05-18T14:37:33.728Z","b","l"
"0.34770000","100.00000000","2024-05-18T14:38:05.860Z","b","l"
"0.34790000","200.00000000","2024-05-18T14:38:05.860Z","b","l"
"0.34810000","100.00000000","2024-05-18T14:39:22.032Z","b","l"
"0.34830000","200.00000000","2024-05-18T14:39:22.032Z","b","l"
"0.34880000","400.00000000","2024-05-18T14:39:22.032Z","b","l"
"0.34830000","100.00000000","2024-05-18T14:39:53.625Z","b","l"
"0.34840000","100.00000000","2024-05-18T14:40:32.613Z","b","l"
"0.34860000","200.00000000","2024-05-18T14:40:32.613Z","b","l"
"0.34860000","100.00000000","2024-05-18T14:40:32.737Z","s","l"
"0.34860000","49.20027926","2024-05-18T14:40:48.594Z","b","l"
"0.34870000","100.00000000","2024-05-18T14:40:48.594Z","b","l"
"0.34880000","200.00000000","2024-05-18T14:40:48.594Z","b","l"
"0.34690000","400.00000000","2024-05-18T14:41:42.907Z","b","l"
"0.34690000","100.00000000","2024-05-18T14:41:42.907Z","b","l"
"0.34690000","200.00000000","2024-05-18T14:41:42.907Z","b","l"
"0.34700000","100.00000000","2024-05-18T14:42:08.648Z","b","l"
"0.34730000","200.00000000","2024-05-18T14:42:08.648Z","b","l"
"0.34780000","400.00000000","2024-05-18T14:42:08.648Z","b","l"
"0.34760000","100.00000000","2024-05-18T14:43:24.818Z","b","l"
"0.34760000","200.00000000","2024-05-18T14:43:24.818Z","b","l"
"0.34810000","400.00000000","2024-05-18T14:43:24.818Z","b","l"
"0.34840000","673.35000000","2024-05-18T14:43:24.818Z","b","l"
"0.34840000","100.00000000","2024-05-18T14:43:24.946Z","s","l"
"0.34840000","200.00000000","2024-05-18T14:43:25.101Z","s","l"
"0.34770000","100.00000000","2024-05-18T14:43:44.426Z","b","l"
"0.34790000","200.00000000","2024-05-18T14:43:44.426Z","b","l"
"0.34840000","400.00000000","2024-05-18T14:43:44.426Z","b","l"
"0.34870000","68.00000000","2024-05-18T14:43:44.850Z","s","l"
"0.34870000","106.00000000","2024-05-18T14:43:46.532Z","s","l"
"0.34870000","91.00000000","2024-05-18T14:43:46.538Z","s","l"
"0.34870000","35.00000000","2024-05-18T14:43:46.750Z","s","l"
"0.34730000","71.00000000","2024-05-18T14:43:47.346Z","s","l"
"0.34730000","29.00000000","2024-05-18T14:43:48.474Z","s","l"
"0.34710000","28.00000000","2024-05-18T14:43:48.474Z","s","l"
"0.34800000","100.00000000","2024-05-18T14:44:08.176Z","b","l"
"0.34820000","200.00000000","2024-05-18T14:44:08.176Z","b","l"
"0.34860000","400.00000000","2024-05-18T14:44:08.176Z","b","l"
"0.34860000","167.00000000","2024-05-18T14:44:08.586Z","s","l"
"0.34860000","108.00000000","2024-05-18T14:44:09.002Z","s","l"
"0.34860000","92.00000000","2024-05-18T14:44:09.078Z","s","l"
"0.34860000","33.00000000","2024-05-18T14:44:09.394Z","s","l"
"0.34690000","24.00000000","2024-05-18T14:44:10.372Z","s","l"
"0.34770000","400.00000000","2024-05-18T14:44:32.379Z","b","l"
"0.34870000","670.83000000","2024-05-18T14:44:32.379Z","b","l"
"0.34870000","100.00000000","2024-05-18T14:44:32.379Z","b","l"
"0.34880000","200.00000000","2024-05-18T14:44:32.379Z","b","l"
"0.34880000","464.00000000","2024-05-18T14:44:32.749Z","s","l"
"0.34880000","305.37126146","2024-05-18T14:44:32.954Z","s","l"
"0.34700000","200.00000000","2024-05-18T15:33:18.557Z","b","l"
"0.34700000","400.00000000","2024-05-18T15:33:18.557Z","b","l"
"0.34710000","400.00000000","2024-05-18T15:33:34.442Z","b","l"
"0.34720000","100.00000000","2024-05-18T15:33:48.448Z","b","l"
"0.34720000","200.00000000","2024-05-18T15:33:48.448Z","b","l"
"0.34710000","100.00000000","2024-05-18T15:34:02.307Z","b","l"
"0.34720000","100.00000000","2024-05-18T15:34:28.827Z","b","l"
"0.34730000","100.00000000","2024-05-18T15:35:23.365Z","b","l"
"0.34740000","200.00000000","2024-05-18T15:35:23.365Z","b","l"
"0.34690000","100.00000000","2024-05-18T15:35:47.969Z","b","l"
"0.34700000","100.00000000","2024-05-18T15:36:05.373Z","b","l"
"0.34700000","100.00000000","2024-05-18T15:37:53.420Z","b","l"
"0.34700000","400.00000000","2024-05-18T15:37:53.420Z","b","l"
"0.34720000","200.00000000","2024-05-18T15:38:41.116Z","b","l"
"0.34720000","100.00000000","2024-05-18T15:38:41.116Z","b","l"
"0.34750000","400.00000000","2024-05-18T15:38:41.116Z","b","l"
"0.34700000","29.76939899","2024-05-18T15:48:18.498Z","b","l"
"0.34710000","649.23000000","2024-05-18T15:48:18.498Z","b","l"
"0.34720000","200.00000000","2024-05-18T15:49:27.287Z","b","l"
"0.34720000","100.00000000","2024-05-18T15:49:27.287Z","b","l"
"0.34720000","400.00000000","2024-05-18T15:49:27.287Z","b","l"
"0.34720000","605.10000000","2024-05-18T15:50:29.952Z","b","l"
"0.34760000","100.00000000","2024-05-18T15:50:29.952Z","b","l"
"0.34760000","200.00000000","2024-05-18T15:50:29.952Z","b","l"
"0.34760000","394.90000000","2024-05-18T15:50:29.952Z","b","l"
"0.34760000","5.10000000","2024-05-18T15:50:41.062Z","b","l"
"0.34760000","100.00000000","2024-05-18T15:50:41.062Z","b","l"
"0.34760000","199.90000000","2024-05-18T15:50:41.062Z","b","l"
"0.34720000","200.00000000","2024-05-18T15:51:01.442Z","b","l"
"0.34720000","100.00000000","2024-05-18T15:51:01.442Z","b","l"
"0.34720000","400.00000000","2024-05-18T15:52:34.496Z","b","l"
"0.34720000","100.00000000","2024-05-18T15:52:34.496Z","b","l"
"0.34720000","200.00000000","2024-05-18T15:52:34.496Z","b","l"
"0.34700000","100.00000000","2024-05-18T15:53:17.620Z","b","l"
"0.34700000","400.00000000","2024-05-18T15:53:17.620Z","b","l"
"0.34720000","400.00000000","2024-05-18T15:54:04.230Z","b","l"
"0.34690000","200.00000000","2024-05-18T15:55:00.988Z","b","l"
"0.34690000","100.00000000","2024-05-18T15:55:00.988Z","b","l"
"0.34700000","100.00000000","2024-05-18T15:56:01.103Z","b","l"
"0.34720000","200.00000000","2024-05-18T15:56:01.103Z","b","l"
"0.34700000","100.00000000","2024-05-18T15:57:15.723Z","b","l"
"0.34710000","100.00000000","2024-05-18T15:58:13.868Z","b","l"
"0.34710000","400.00000000","2024-05-18T15:58:13.868Z","b","l"
"0.34690000","100.00000000","2024-05-18T15:58:27.022Z","b","l"
"0.34690000","72.08765859","2024-05-18T16:03:04.855Z","b","l"
"0.34680000","15.49600000","2024-05-18T16:38:28.946Z","s","l"
"0.34680000","4.50400000","2024-05-18T16:39:13.016Z","s","m"
"0.34480000","37.99999999","2024-05-18T16:39:13.016Z","s","m"
"0.34470000","54.69199770","2024-05-18T16:39:13.016Z","s","m"
"0.34460000","1436.97482000","2024-05-18T16:39:13.016Z","s","m"
"0.34410000","100.00000000","2024-05-18T17:10:51.964Z","b","l"
"0.34430000","200.00000000","2024-05-18T17:10:51.964Z","b","l"
"0.34480000","400.00000000","2024-05-18T17:10:51.964Z","b","l"
"0.34480000","122.04344146","2024-05-18T17:11:43.282Z","b","l"
"0.34480000","61.02172073","2024-05-18T17:12:03.844Z","b","l"
"0.34490000","100.00000000","2024-05-18T17:12:03.844Z","b","l"
"0.34510000","200.00000000","2024-05-18T17:12:03.844Z","b","l"
"0.34430000","54.66560444","2024-05-18T17:13:17.984Z","b","l"
"0.34500000","30.51086036","2024-05-18T17:13:17.984Z","b","l"
"0.34510000","100.00000000","2024-05-18T17:13:19.696Z","s","l"
"0.34510000","14.82353520","2024-05-18T17:13:19.797Z","s","l"
"0.34480000","100.00000000","2024-05-18T17:13:46.858Z","b","l"
"0.34490000","185.17646480","2024-05-18T17:13:46.858Z","b","l"
"0.34520000","100.00000000","2024-05-18T17:15:41.675Z","b","l"
"0.34540000","200.00000000","2024-05-18T17:15:41.675Z","b","l"
"0.34540000","30.51086037","2024-05-18T17:16:33.104Z","b","l"
"0.34550000","100.00000000","2024-05-18T17:16:33.104Z","b","l"
"0.34570000","200.00000000","2024-05-18T17:16:33.104Z","b","l"
"0.34620000","400.00000000","2024-05-18T17:16:33.104Z","b","l"
"0.34560000","100.00000000","2024-05-18T17:17:48.218Z","b","l"
"0.34560000","100.00000000","2024-05-18T17:18:13.895Z","b","l"
"0.34580000","200.00000000","2024-05-18T17:18:13.895Z","b","l"
"0.34550000","100.00000000","2024-05-18T17:20:55.713Z","b","l"
"0.34570000","200.00000000","2024-05-18T17:20:55.713Z","b","l"
"0.34570000","100.00000000","2024-05-18T17:21:14.657Z","b","l"
"0.34600000","200.00000000","2024-05-18T17:21:14.657Z","b","l"
"0.34630000","400.00000000","2024-05-18T17:21:14.657Z","b","l"
"0.34560000","100.00000000","2024-05-18T17:24:42.271Z","b","l"
"0.34590000","200.00000000","2024-05-18T17:24:42.271Z","b","l"
"0.34640000","200.00000000","2024-05-18T17:24:42.271Z","b","l"
"0.34500000","100.00000000","2024-05-18T17:25:38.450Z","b","l"
"0.34520000","200.00000000","2024-05-18T17:25:38.450Z","b","l"
"0.34570000","400.00000000","2024-05-18T17:25:38.450Z","b","l"
"0.34460000","100.00000000","2024-05-18T17:36:45.738Z","b","l"
"0.34470000","100.00000000","2024-05-18T17:37:20.728Z","b","l"
"0.34490000","200.00000000","2024-05-18T17:37:20.728Z","b","l"
"0.34500000","100.00000000","2024-05-18T17:39:03.043Z","b","l"
"0.34490000","46.00000000","2024-05-18T17:43:18.821Z","s","l"
"0.34500000","100.00000000","2024-05-18T17:44:10.685Z","b","l"
"0.34510000","1422.90276479","2024-05-18T17:44:10.685Z","b","l"
"0.34520000","200.00000000","2024-05-18T17:44:10.685Z","b","l"
"0.34530000","400.00000000","2024-05-18T17:44:10.685Z","b","l"
"0.34530000","96.00000000","2024-05-18T17:44:10.943Z","s","l"
"0.34530000","47.00000000","2024-05-18T17:44:10.956Z","s","l"
"0.34530000","206.00000000","2024-05-18T17:44:11.160Z","s","l"
"0.34530000","120.00000000","2024-05-18T17:44:11.210Z","s","l"
"0.34530000","282.00000000","2024-05-18T17:44:11.219Z","s","l"
"0.34530000","187.00000000","2024-05-18T17:44:11.223Z","s","l"
"0.34530000","205.00000000","2024-05-18T17:44:11.233Z","s","l"
"0.34530000","93.00000000","2024-05-18T17:44:11.429Z","s","l"
"0.34530000","101.00000000","2024-05-18T17:44:11.470Z","s","l"
"0.34530000","137.00000000","2024-05-18T17:44:11.636Z","s","l"
"0.34530000","126.00000000","2024-05-18T17:44:11.644Z","s","l"
"0.34530000","145.00000000","2024-05-18T17:44:11.754Z","s","l"
"0.34530000","64.00000000","2024-05-18T17:44:12.288Z","s","l"
"0.34430000","100.00000000","2024-05-18T17:44:38.919Z","b","l"
"0.34450000","200.00000000","2024-05-18T17:44:38.919Z","b","l"
"0.34440000","100.00000000","2024-05-18T17:46:56.961Z","b","l"
"0.34470000","200.00000000","2024-05-18T17:46:56.961Z","b","l"
"0.34440000","100.00000000","2024-05-18T17:47:50.214Z","b","l"
"0.34460000","200.00000000","2024-05-18T17:47:50.214Z","b","l"
"0.34500000","400.00000000","2024-05-18T17:47:50.214Z","b","l"
"0.34410000","200.00000000","2024-05-18T17:50:10.849Z","b","l"
"0.34410000","100.00000000","2024-05-18T17:50:10.849Z","b","l"
"0.34460000","400.00000000","2024-05-18T17:50:10.849Z","b","l"
"0.34390000","100.00000000","2024-05-18T17:57:07.037Z","b","l"
"0.34410000","200.00000000","2024-05-18T17:57:07.037Z","b","l"
"0.34340000","100.00000000","2024-05-18T18:02:54.526Z","b","l"
"0.34380000","200.00000000","2024-05-18T18:02:54.526Z","b","l"
"0.34380000","100.00000000","2024-05-18T18:02:54.641Z","s","l"
"0.34370000","100.00000000","2024-05-18T18:03:11.626Z","b","l"
"0.34380000","200.00000000","2024-05-18T18:03:11.626Z","b","l"
"0.34400000","100.00000000","2024-05-18T18:03:31.247Z","b","l"
"0.34420000","200.00000000","2024-05-18T18:03:31.247Z","b","l"
"0.34450000","100.00000000","2024-05-18T18:03:31.370Z","s","l"
"0.34430000","100.00000000","2024-05-18T18:04:10.102Z","b","l"
"0.34460000","200.00000000","2024-05-18T18:04:10.102Z","b","l"
"0.34470000","100.00000000","2024-05-18T18:04:30.698Z","b","l"
"0.34480000","71.44025522","2024-05-18T18:04:45.402Z","b","l"
"0.33920000","141.04344146","2024-05-18T20:45:43.203Z","s","l"
"0.33910000","141.04344146","2024-05-18T20:45:53.616Z","s","l"
"0.33900000","154.13046516","2024-05-18T20:45:53.616Z","s","l"
"0.33900000","1101.28265191","2024-05-18T20:45:59.632Z","s","l"
"0.33960000","100.00000000","2024-05-18T21:08:01.989Z","s","l"
"0.33940000","200.00000000","2024-05-18T21:08:01.989Z","s","l"
"0.33910000","26.50000000","2024-05-18T21:08:01.989Z","s","l"
"0.33910000","200.00000000","2024-05-18T21:08:10.473Z","s","l"
"0.33910000","148.66700000","2024-05-18T22:08:16.396Z","s","l"
"0.33980000","79.45850501","2024-05-18T22:10:50.375Z","b","l"
"0.33950000","46.40200000","2024-05-18T23:10:03.512Z","s","l"
"0.33990000","100.00000000","2024-05-19T01:01:38.666Z","s","m"
"0.33980000","118.13464000","2024-05-19T01:01:38.666Z","s","m"
"0.34330000","141.04344146","2024-05-19T02:26:42.819Z","b","l"
"0.34340000","100.00000000","2024-05-19T02:26:42.819Z","b","l"
"0.34370000","200.00000000","2024-05-19T02:26:42.819Z","b","l"
"0.34410000","400.00000000","2024-05-19T02:26:42.819Z","b","l"
"0.34540000","100.00000000","2024-05-19T02:26:42.819Z","b","l"
"0.34600000","502.59765599","2024-05-19T02:26:42.819Z","b","l"
"0.34610000","99.95868246","2024-05-19T02:26:42.819Z","b","l"
"0.34620000","739.46422009","2024-05-19T02:26:42.819Z","b","l"
"0.34420000","100.00000000","2024-05-19T02:36:05.329Z","s","l"
"0.34390000","200.00000000","2024-05-19T02:36:05.329Z","s","l"
"0.34350000","400.00000000","2024-05-19T02:36:05.329Z","s","l"
"0.34310000","1583.06400000","2024-05-19T02:36:05.329Z","s","l"
"0.34020000","67.00000000","2024-05-19T07:49:34.076Z","s","l"
"0.33900000","840.00000000","2024-05-19T08:00:00.483Z","s","l"
"0.33900000","1544.86622997","2024-05-19T08:03:37.722Z","s","l"
"0.33900000","2462.00000000","2024-05-19T08:09:45.892Z","s","l"
"0.33900000","235.00000000","2024-05-19T08:14:02.580Z","s","l"
"0.33900000","145.00000000","2024-05-19T08:14:02.851Z","s","l"
"0.33900000","89.00000000","2024-05-19T08:14:03.141Z","s","l"
"0.33900000","67.00000000","2024-05-19T08:15:09.614Z","s","l"
"0.33900000","58.00000000","2024-05-19T08:15:09.627Z","s","l"
"0.33900000","17.75811209","2024-05-19T08:33:56.372Z","s","l"
"0.33730000","20.00000000","2024-05-19T08:33:56.372Z","s","l"
"0.33680000","70.52172073","2024-05-19T08:33:56.372Z","s","l"
"0.33670000","66.20610248","2024-05-19T08:33:56.372Z","s","l"
"0.33670000","67.36965436","2024-05-19T08:33:56.372Z","s","l"
"0.33660000","55.75460051","2024-05-19T08:33:56.372Z","s","l"
"0.33680000","100.00000000","2024-05-19T08:34:11.211Z","b","l"
"0.33460000","35.26086036","2024-05-19T08:41:59.310Z","s","m"
"0.33450000","20.38223094","2024-05-19T08:41:59.310Z","s","m"
"0.33460000","35.26086037","2024-05-19T08:42:14.976Z","s","l"
"0.33450000","64.73913447","2024-05-19T08:42:14.976Z","s","l"
"0.33440000","66.17489425","2024-05-19T08:48:03.341Z","s","m"
"0.33720000","100.00000000","2024-05-19T10:10:56.654Z","s","m"
"0.33700000","117.37117000","2024-05-19T10:10:56.654Z","s","m"
"0.33480000","27.48763000","2024-05-19T13:04:06.606Z","s","l"
"0.33290000","19.29600000","2024-05-19T15:44:43.296Z","b","l"
"0.33220000","66.86600000","2024-05-19T16:03:10.298Z","s","m"
"0.33130000","38.49800000","2024-05-19T16:55:50.928Z","s","l"
"0.33090000","200.00000000","2024-05-19T19:17:09.831Z","s","l"
"0.33080000","100.00000000","2024-05-19T19:17:09.831Z","s","l"
"0.33070000","245.30628796","2024-05-19T19:17:09.831Z","s","l"
"0.33060000","1298.26271204","2024-05-19T19:17:09.831Z","s","l"
"0.33160000","141.04344146","2024-05-19T19:17:56.893Z","b","l"
"0.32940000","84.90268200","2024-05-19T21:39:15.322Z","s","l"
"0.32990000","1137.72000000","2024-05-19T21:39:17.921Z","b","l"
"0.33030000","61.47540984","2024-05-19T23:32:13.192Z","s","m"
"0.33020000","5.86248781","2024-05-19T23:32:13.192Z","s","m"
"0.33020000","61.44698238","2024-05-19T23:45:53.608Z","s","m"
"0.33320000","100.00000000","2024-05-20T01:34:09.636Z","b","l"
"0.33310000","70.52172073","2024-05-20T01:37:34.682Z","b","l"
"0.33310000","29.47827927","2024-05-20T01:37:34.682Z","b","l"
"0.33290000","35.26086036","2024-05-20T01:42:18.754Z","b","l"
"0.33300000","7.58913964","2024-05-20T01:42:18.754Z","b","l"
"0.34070000","35.26086037","2024-05-20T05:14:13.943Z","b","l"
"0.34080000","65.05340375","2024-05-20T05:14:13.943Z","b","l"
"0.34030000","87.00000000","2024-05-20T06:52:48.669Z","s","l"
"0.34030000","66.00000000","2024-05-20T06:52:49.618Z","s","l"
"0.34030000","66.00000000","2024-05-20T06:53:01.208Z","s","l"
"0.34030000","57.00000000","2024-05-20T06:53:01.211Z","s","l"
"0.34030000","17.85836027","2024-05-20T06:53:13.571Z","s","l"
"0.34080000","63.77934272","2024-05-20T10:39:20.222Z","b","l"
"0.34010000","100.00000000","2024-05-20T11:03:20.292Z","s","l"
"0.33990000","200.00000000","2024-05-20T11:03:20.292Z","s","l"
"0.33930000","82.04652132","2024-05-20T11:03:20.292Z","s","l"
"0.33920000","56.41147868","2024-05-20T11:03:20.292Z","s","l"
"0.33930000","40.00000000","2024-05-20T13:53:35.002Z","b","l"
"0.34020000","28.53800000","2024-05-20T14:24:30.146Z","b","l"
"0.34180000","41.02326066","2024-05-20T15:08:42.318Z","b","l"
"0.34190000","98.97673934","2024-05-20T15:08:42.318Z","b","l"
"0.34670000","41.02379000","2024-05-20T16:55:54.254Z","b","l"
"0.34720000","65.76221000","2024-05-20T16:55:54.254Z","b","l"
"0.34760000","0.10000000","2024-05-20T17:42:49.280Z","b","l"
"0.34820000","40.25445146","2024-05-20T18:45:11.057Z","b","l"
"0.34790000","41.86000000","2024-05-20T19:10:25.404Z","b","l"
"0.34820000","39.20405355","2024-05-20T19:24:15.562Z","b","l"
"0.35030000","20.00000000","2024-05-20T19:24:49.205Z","b","l"
"0.35030000","20.00000000","2024-05-20T19:24:49.205Z","b","l"
"0.35360000","100.00000000","2024-05-20T19:40:17.889Z","b","l"
"0.35380000","200.00000000","2024-05-20T19:40:17.889Z","b","l"
"0.35390000","100.00000000","2024-05-20T19:40:18.159Z","s","l"
"0.35390000","15.00000000","2024-05-20T19:40:18.263Z","s","l"
"0.35500000","31.97749000","2024-05-20T20:22:20.132Z","s","m"
"0.35730000","744.61712490","2024-05-20T20:32:56.731Z","b","m"
"0.35740000","726.40000000","2024-05-20T20:32:56.731Z","b","m"
"0.35790000","218.71165129","2024-05-20T20:32:56.731Z","b","m"
"0.35850000","488.95230126","2024-05-20T20:32:56.731Z","b","m"
"0.35620000","100.00000000","2024-05-20T20:38:42.581Z","b","l"
"0.35650000","200.00000000","2024-05-20T20:38:42.581Z","b","l"
"0.35690000","99.11800000","2024-05-20T20:38:42.581Z","b","l"
"0.35530000","200.00000000","2024-05-20T20:52:16.427Z","b","m"
"0.35530000","100.00000000","2024-05-20T20:52:16.427Z","b","m"
"0.35610000","400.00000000","2024-05-20T20:52:16.427Z","b","m"
"0.35650000","57.96107400","2024-05-20T20:52:16.427Z","b","m"
"0.35660000","645.84093416","2024-05-20T20:52:16.427Z","b","m"
"0.35950000","259.88122392","2024-05-20T21:37:36.714Z","b","m"
"0.35960000","100.00000000","2024-05-20T21:37:36.714Z","b","m"
"0.35970000","398.14484292","2024-05-20T21:37:36.714Z","b","m"
"0.35710000","36.68300000","2024-05-20T21:50:36.375Z","s","l"
"0.36410000","99.70029990","2024-05-20T21:59:50.274Z","s","l"
"0.36410000","0.29970010","2024-05-20T21:59:50.274Z","s","l"
"0.35890000","100.35096710","2024-05-20T21:59:50.388Z","s","l"
"0.36390000","200.00000000","2024-05-20T21:59:50.506Z","s","l"
"0.36340000","76.00000000","2024-05-20T21:59:50.793Z","s","l"
"0.36340000","58.00000000","2024-05-20T21:59:52.227Z","s","l"
"0.36400000","46.00000000","2024-05-20T21:59:52.579Z","s","l"
"0.36400000","50.00000000","2024-05-20T21:59:52.616Z","s","l"
"0.36400000","4.00000000","2024-05-20T21:59:52.727Z","s","l"
"0.36350000","113.00000000","2024-05-20T21:59:52.727Z","s","l"
"0.36350000","87.00000000","2024-05-20T21:59:52.842Z","s","l"
"0.36220000","100.00000000","2024-05-20T22:10:15.532Z","b","m"
"0.36240000","175.99337748","2024-05-20T22:10:15.532Z","b","m"
"0.36130000","100.00000000","2024-05-20T22:26:08.788Z","s","m"
"0.36100000","200.00000000","2024-05-20T22:26:08.788Z","s","m"
"0.36070000","1869.96634000","2024-05-20T22:26:08.788Z","s","m"
"0.36390000","57.00000000","2024-05-20T22:40:59.215Z","s","l"
"0.36390000","143.00000000","2024-05-20T22:41:44.588Z","s","l"
"0.36300000","2.76500000","2024-05-21T00:48:13.969Z","b","l"
"0.36180000","100.00000000","2024-05-21T00:54:00.904Z","b","m"
"0.36210000","173.29871549","2024-05-21T00:54:00.904Z","b","m"
"0.36190000","100.00000000","2024-05-21T00:55:57.137Z","b","m"
"0.36210000","26.70128451","2024-05-21T00:55:57.137Z","b","m"
"0.36260000","146.89652670","2024-05-21T00:55:57.137Z","b","m"
"0.36230000","100.00000000","2024-05-21T00:56:32.238Z","b","m"
"0.36250000","173.07482250","2024-05-21T00:56:32.238Z","b","m"
"0.36250000","26.92517750","2024-05-21T00:57:11.405Z","b","m"
"0.36260000","100.00000000","2024-05-21T00:57:11.405Z","b","m"
"0.36300000","146.67263371","2024-05-21T00:57:11.405Z","b","m"
"0.36090000","27.70850651","2024-05-21T01:06:59.284Z","s","l"
"0.36010000","100.00000000","2024-05-21T01:07:06.328Z","b","l"
"0.36050000","200.00000000","2024-05-21T01:07:06.434Z","s","l"
"0.36040000","100.00000000","2024-05-21T01:07:07.065Z","s","l"
"0.36060000","100.00000000","2024-05-21T01:07:14.059Z","b","l"
"0.36080000","102.69373614","2024-05-21T01:07:14.429Z","b","l"
"0.36080000","97.30626386","2024-05-21T01:07:23.266Z","b","l"
"0.36080000","100.00000000","2024-05-21T01:07:23.266Z","b","l"
"0.36020000","1058.46243000","2024-05-21T01:07:25.784Z","s","l"
"0.36050000","100.00000000","2024-05-21T01:12:27.151Z","b","l"
"0.36060000","100.00000000","2024-05-21T01:12:30.218Z","b","l"
"0.36070000","200.00000000","2024-05-21T01:12:31.683Z","b","l"
"0.36070000","94.44552259","2024-05-21T01:12:31.683Z","b","l"
"0.36060000","400.00000000","2024-05-21T01:13:37.863Z","b","l"
"0.36040000","100.00000000","2024-05-21T01:13:39.391Z","b","l"
"0.36060000","200.00000000","2024-05-21T01:13:40.276Z","b","l"
"0.36050000","100.00000000","2024-05-21T01:13:41.672Z","b","l"
"0.36040000","100.00000000","2024-05-21T01:14:47.034Z","b","l"
"0.36050000","58.09793766","2024-05-21T01:14:48.673Z","b","l"
"0.36020000","200.00000000","2024-05-21T01:19:29.823Z","b","m"
"0.36020000","400.00000000","2024-05-21T01:19:29.823Z","b","m"
"0.36050000","41.90206234","2024-05-21T01:19:29.823Z","b","m"
"0.36130000","648.15000000","2024-05-21T01:19:29.823Z","b","m"
"0.36220000","744.61712490","2024-05-21T01:19:29.823Z","b","m"
"0.36230000","2000.00000000","2024-05-21T01:19:29.823Z","b","m"
"0.36350000","536.83988995","2024-05-21T01:19:29.823Z","b","m"
"0.36360000","1961.36300575","2024-05-21T01:19:29.823Z","b","m"
"0.36120000","100.00000000","2024-05-21T01:19:32.740Z","s","l"
"0.36100000","31.00000000","2024-05-21T01:19:32.740Z","s","l"
"0.36100000","65.00000000","2024-05-21T01:19:33.011Z","s","l"
"0.36100000","104.00000000","2024-05-21T01:19:33.067Z","s","l"
"0.36050000","57.00000000","2024-05-21T01:19:33.276Z","s","l"
"0.36110000","57.00000000","2024-05-21T01:19:33.843Z","s","l"
"0.36070000","100.00000000","2024-05-21T01:19:53.468Z","s","l"
"0.36070000","1352.29947416","2024-05-21T01:19:53.468Z","s","l"
"0.36070000","67.00000000","2024-05-21T01:22:08.034Z","s","l"
"0.36070000","97.00000000","2024-05-21T01:22:08.309Z","s","l"
"0.36070000","224.00000000","2024-05-21T01:22:08.572Z","s","l"
"0.36070000","226.00000000","2024-05-21T01:22:08.837Z","s","l"
"0.36070000","131.00000000","2024-05-21T01:22:09.104Z","s","l"
"0.36070000","124.00000000","2024-05-21T01:22:09.372Z","s","l"
"0.36070000","72.00000000","2024-05-21T01:22:09.664Z","s","l"
"0.36070000","79.00000000","2024-05-21T01:22:10.764Z","s","l"
"0.36070000","73.00000000","2024-05-21T01:22:11.611Z","s","l"
"0.36070000","67.00000000","2024-05-21T01:22:11.890Z","s","l"
"0.36070000","84.00000000","2024-05-21T01:22:14.744Z","s","l"
"0.36070000","78.00000000","2024-05-21T01:22:15.037Z","s","l"
"0.36070000","84.00000000","2024-05-21T01:22:17.995Z","s","l"
"0.36070000","85.00000000","2024-05-21T01:22:18.015Z","s","l"
"0.36070000","94.00000000","2024-05-21T01:22:18.022Z","s","l"
"0.36070000","103.00000000","2024-05-21T01:22:25.321Z","s","l"
"0.36070000","124.00000000","2024-05-21T01:22:25.606Z","s","l"
"0.36070000","84.00000000","2024-05-21T01:22:25.870Z","s","l"
"0.36070000","70.00000000","2024-05-21T01:22:29.863Z","s","l"
"0.36070000","70.00000000","2024-05-21T01:22:30.536Z","s","l"
"0.36070000","47.00000000","2024-05-21T01:22:31.487Z","s","l"
"0.36070000","58.00000000","2024-05-21T01:22:31.523Z","s","l"
"0.36070000","61.00000000","2024-05-21T01:22:31.528Z","s","l"
"0.36070000","47.00000000","2024-05-21T01:22:32.717Z","s","l"
"0.36070000","57.00000000","2024-05-21T01:22:38.618Z","s","l"
"0.36070000","66.00000000","2024-05-21T01:22:39.441Z","s","l"
"0.36070000","75.00000000","2024-05-21T01:22:41.811Z","s","l"
"0.36070000","83.00000000","2024-05-21T01:22:41.822Z","s","l"
"0.36070000","100.00000000","2024-05-21T01:22:42.088Z","s","l"
"0.36070000","55.00000000","2024-05-21T01:22:53.197Z","s","l"
"0.36070000","184.00000000","2024-05-21T01:22:53.474Z","s","l"
"0.36070000","94.00000000","2024-05-21T01:22:53.748Z","s","l"
"0.36070000","79.00000000","2024-05-21T01:22:53.836Z","s","l"
"0.36070000","71.00000000","2024-05-21T01:22:54.329Z","s","l"
"0.36070000","66.00000000","2024-05-21T01:23:01.754Z","s","l"
"0.36070000","64.00000000","2024-05-21T01:23:04.115Z","s","l"
"0.36070000","71.00000000","2024-05-21T01:23:04.122Z","s","l"
"0.36070000","77.00000000","2024-05-21T01:23:04.397Z","s","l"
"0.36070000","77.00000000","2024-05-21T01:23:05.550Z","s","l"
"0.36070000","77.00000000","2024-05-21T01:23:06.034Z","s","l"
"0.36070000","68.00000000","2024-05-21T01:23:17.328Z","s","l"
"0.36070000","48.00000000","2024-05-21T01:23:17.393Z","s","l"
"0.36070000","65.00000000","2024-05-21T01:23:17.424Z","s","l"
"0.36070000","477.00000000","2024-05-21T01:23:17.610Z","s","l"
"0.36070000","274.00000000","2024-05-21T01:23:17.720Z","s","l"
"0.36070000","82.00000000","2024-05-21T01:23:17.872Z","s","l"
"0.36070000","167.00000000","2024-05-21T01:23:17.895Z","s","l"
"0.36070000","176.00000000","2024-05-21T01:23:18.024Z","s","l"
"0.36070000","99.00000000","2024-05-21T01:23:18.156Z","s","l"
"0.36070000","70.00000000","2024-05-21T01:23:23.423Z","s","l"
"0.36010000","100.00000000","2024-05-21T01:28:40.642Z","s","l"
"0.35710000","100.00000000","2024-05-21T01:29:17.992Z","s","l"
"0.35700000","100.00000000","2024-05-21T01:29:31.173Z","s","l"
"0.35700000","100.00000000","2024-05-21T01:29:31.310Z","b","l"
"0.35700000","656.13381000","2024-05-21T01:29:43.773Z","s","l"
"0.36300000","50.00000000","2024-05-21T01:51:29.089Z","s","l"
"0.36300000","50.00000000","2024-05-21T01:51:29.212Z","s","l"
"0.36280000","88.00000000","2024-05-21T01:51:29.212Z","s","l"
"0.36280000","76.00000000","2024-05-21T01:51:29.213Z","s","l"
"0.36280000","36.00000000","2024-05-21T01:51:29.308Z","s","l"
"0.36230000","119.00000000","2024-05-21T01:51:29.308Z","s","l"
"0.36230000","104.00000000","2024-05-21T01:51:29.322Z","s","l"
"0.36230000","121.00000000","2024-05-21T01:51:29.349Z","s","l"
"0.36230000","56.00000000","2024-05-21T01:51:29.357Z","s","l"
"0.36270000","48.00000000","2024-05-21T01:51:29.932Z","s","l"
"0.36270000","50.00000000","2024-05-21T01:51:30.053Z","s","l"
"0.36270000","2.00000000","2024-05-21T01:51:30.238Z","s","l"
"0.36230000","44.00000000","2024-05-21T01:51:30.238Z","s","l"
"0.36230000","79.00000000","2024-05-21T01:51:30.388Z","s","l"
"0.36230000","68.00000000","2024-05-21T01:51:30.614Z","s","l"
"0.36290000","100.00000000","2024-05-21T02:30:19.597Z","s","m"
"0.36270000","91.21963428","2024-05-21T02:30:19.597Z","s","m"
"0.36270000","470.96673572","2024-05-21T02:30:19.597Z","s","m"
"0.36370000","100.00000000","2024-05-21T02:39:38.196Z","b","l"
"0.36390000","8.92710891","2024-05-21T02:39:38.196Z","b","l"
"0.36410000","99.70029990","2024-05-21T02:45:38.428Z","b","m"
"0.36470000","100.00000000","2024-05-21T02:45:38.428Z","b","m"
"0.36490000","200.00000000","2024-05-21T02:45:38.428Z","b","m"
"0.36540000","400.00000000","2024-05-21T02:45:38.428Z","b","m"
"0.36610000","699.78000000","2024-05-21T02:45:38.428Z","b","m"
"0.36700000","43.10108991","2024-05-21T02:45:38.428Z","b","m"
"0.36710000","744.61712490","2024-05-21T02:45:38.428Z","b","m"
"0.36720000","296.44790515","2024-05-21T02:45:38.428Z","b","m"
"0.36720000","359.41569033","2024-05-21T02:45:38.428Z","b","m"
"0.36330000","100.00000000","2024-05-21T03:27:02.689Z","b","m"
"0.36350000","70.66272352","2024-05-21T03:27:02.689Z","b","m"
"0.36110000","200.00000000","2024-05-21T04:12:41.015Z","b","m"
"0.36140000","100.00000000","2024-05-21T04:12:41.015Z","b","m"
"0.36160000","253.42920354","2024-05-21T04:12:41.015Z","b","m"
"0.36100000","39.59900000","2024-05-21T04:29:21.943Z","b","l"
"0.36020000","4.73100000","2024-05-21T04:46:16.007Z","s","l"
"0.35790000","67.81700000","2024-05-21T06:04:11.085Z","b","l"
"0.35990000","13.45500000","2024-05-21T06:33:10.749Z","b","l"
"0.35830000","100.00000000","2024-05-21T07:16:07.398Z","s","l"
"0.35810000","200.00000000","2024-05-21T07:16:07.398Z","s","l"
"0.35780000","65.19300000","2024-05-21T07:16:07.398Z","s","l"
"0.36330000","100.00000000","2024-05-21T08:19:09.826Z","b","l"
"0.36350000","46.51900000","2024-05-21T08:19:09.826Z","b","l"
"0.36900000","92.00000000","2024-05-21T11:17:11.929Z","b","l"
"0.36900000","59.00000000","2024-05-21T11:22:21.285Z","b","l"
"0.36900000","85.60595090","2024-05-21T11:22:44.729Z","b","l"
"0.37090000","100.00000000","2024-05-21T11:22:57.002Z","s","l"
"0.37070000","200.00000000","2024-05-21T11:22:57.107Z","s","l"
"0.37140000","47.99462000","2024-05-21T11:30:50.149Z","s","l"
"0.37620000","400.00000000","2024-05-21T11:32:59.586Z","s","l"
"0.37650000","60.15125422","2024-05-21T11:33:07.796Z","s","l"
"0.37330000","100.00000000","2024-05-21T11:40:05.394Z","b","l"
"0.37580000","75.00000000","2024-05-21T11:40:05.665Z","s","l"
"0.37670000","74.54800200","2024-05-21T11:45:38.873Z","s","l"
"0.37610000","100.00000000","2024-05-21T11:52:22.918Z","b","l"
"0.37660000","199.99336165","2024-05-21T11:52:22.918Z","b","l"
"0.37650000","5.51700000","2024-05-21T12:04:20.390Z","s","l"
"0.37660000","0.00663835","2024-05-21T12:19:41.662Z","b","l"
"0.37700000","79.57559681","2024-05-21T12:19:41.662Z","b","l"
"0.37830000","100.00000000","2024-05-21T12:19:42.802Z","s","l"
"0.37800000","200.00000000","2024-05-21T12:19:42.918Z","s","l"
"0.37830000","99.71252276","2024-05-21T12:19:43.344Z","s","l"
"0.37830000","0.28747724","2024-05-21T12:19:43.346Z","s","l"
"0.37950000","100.00000000","2024-05-21T12:24:13.822Z","b","l"
"0.37980000","12.00000000","2024-05-21T12:24:13.822Z","b","l"
"0.38210000","400.00000000","2024-05-21T12:26:27.637Z","s","l"
"0.38280000","100.00000000","2024-05-21T12:26:29.264Z","s","l"
"0.38250000","39.59976975","2024-05-21T12:26:29.373Z","s","l"
"0.38250000","39.47284612","2024-05-21T12:26:29.377Z","s","l"
"0.38300000","44.00000000","2024-05-21T12:28:27.401Z","s","l"
"0.38810000","200.00000000","2024-05-21T12:42:39.516Z","b","l"
"0.38780000","199.40059980","2024-05-21T12:42:41.129Z","s","l"
"0.38780000","0.59940020","2024-05-21T12:42:41.130Z","s","l"
"0.38780000","199.40059980","2024-05-21T12:42:47.351Z","b","m"
"0.38920000","100.00000000","2024-05-21T12:42:47.351Z","b","m"
"0.38950000","200.00000000","2024-05-21T12:42:47.351Z","b","m"
"0.39000000","400.00000000","2024-05-21T12:42:47.351Z","b","m"
"0.39140000","100.00000000","2024-05-21T12:42:47.351Z","b","m"
"0.39260000","1383.17065716","2024-05-21T12:42:47.351Z","b","m"
"0.38730000","45.00000000","2024-05-21T12:43:15.167Z","b","l"
"0.38620000","3.40900000","2024-05-21T12:50:30.451Z","s","l"
"0.38900000","100.00000000","2024-05-21T13:03:35.897Z","b","l"
"0.38910000","56.50356000","2024-05-21T13:03:35.897Z","b","l"
"0.38930000","200.00000000","2024-05-21T13:03:35.897Z","b","l"
"0.38980000","400.00000000","2024-05-21T13:03:35.897Z","b","l"
"0.38110000","100.00000000","2024-05-21T13:07:17.849Z","b","l"
"0.37840000","77.56854600","2024-05-21T13:13:08.302Z","s","l"
"0.37840000","73.00000000","2024-05-21T13:15:00.603Z","s","l"
"0.37840000","75.00000000","2024-05-21T13:15:00.899Z","s","l"
"0.37840000","99.99999486","2024-05-21T13:15:19.354Z","s","l"
"0.37840000","99.99999486","2024-05-21T13:15:19.376Z","s","l"
"0.38120000","34.55200000","2024-05-21T13:26:45.774Z","s","l"
"0.38400000","727.82895000","2024-05-21T14:21:52.464Z","b","l"
"0.38510000","212.00000000","2024-05-21T14:22:38.046Z","b","l"
"0.38510000","176.00000000","2024-05-21T14:22:38.388Z","b","l"
"0.38520000","39.40400000","2024-05-21T14:23:47.790Z","s","l"
"0.38940000","100.00000000","2024-05-21T15:02:03.869Z","b","m"
"0.38970000","200.00000000","2024-05-21T15:02:03.869Z","b","m"
"0.39010000","234.79556524","2024-05-21T15:02:03.869Z","b","m"
"0.38790000","100.00000000","2024-05-21T15:08:26.465Z","s","l"
"0.38760000","5.00000000","2024-05-21T15:08:26.465Z","s","l"
"0.38760000","195.00000000","2024-05-21T15:17:41.850Z","s","l"
"0.38750000","100.00000000","2024-05-21T15:17:41.850Z","s","l"
"0.38750000","38.00000000","2024-05-21T15:20:49.977Z","b","l"
"0.38680000","100.00000000","2024-05-21T15:22:30.048Z","s","l"
"0.38650000","200.00000000","2024-05-21T15:22:30.048Z","s","l"
"0.38620000","178.95153000","2024-05-21T15:22:30.048Z","s","l"
"0.38430000","40.79072508","2024-05-21T15:55:37.816Z","s","l"
"0.37930000","100.00000000","2024-05-21T16:07:21.531Z","s","l"
"0.37900000","196.99999000","2024-05-21T16:07:21.531Z","s","l"
"0.37900000","3.00001000","2024-05-21T16:07:21.532Z","s","l"
"0.37860000","110.05840272","2024-05-21T16:07:21.535Z","s","l"
"0.37890000","82.56348000","2024-05-21T16:07:38.025Z","s","l"
"0.37900000","183.73956784","2024-05-21T16:09:31.402Z","b","l"
"0.38450000","100.00000000","2024-05-21T16:53:58.465Z","s","l"
"0.38440000","100.00000000","2024-05-21T16:54:09.465Z","s","l"
"0.38420000","200.00000000","2024-05-21T16:54:09.522Z","s","l"
"0.38420000","100.00000000","2024-05-21T16:54:09.615Z","s","l"
"0.38350000","100.00000000","2024-05-21T17:36:52.922Z","s","l"
"0.38230000","100.00000000","2024-05-21T17:36:53.946Z","s","l"
"0.38180000","100.00000000","2024-05-21T17:36:54.888Z","b","l"
"0.38500000","100.00000000","2024-05-21T17:45:30.318Z","b","l"
"0.38530000","138.10300000","2024-05-21T17:45:30.318Z","b","l"
"0.38770000","100.00000000","2024-05-21T18:03:43.866Z","b","l"
"0.38900000","100.00000000","2024-05-21T18:03:45.889Z","b","l"
"0.39080000","190.03944999","2024-05-21T18:03:45.896Z","s","l"
"0.39080000","46.04375178","2024-05-21T18:03:45.920Z","s","l"
"0.39120000","264.00000000","2024-05-21T18:03:46.916Z","b","l"
"0.38900000","70.28611825","2024-05-21T18:10:00.507Z","b","l"
"0.38900000","29.71388175","2024-05-21T18:10:03.101Z","b","l"
"0.38930000","10.34189571","2024-05-21T18:10:03.101Z","b","l"
"0.38940000","100.00000000","2024-05-21T18:26:21.915Z","b","l"
"0.38960000","200.00000000","2024-05-21T18:26:21.915Z","b","l"
"0.39020000","144.47600000","2024-05-21T18:26:21.915Z","b","l"
"0.38340000","100.00000000","2024-05-21T18:47:39.713Z","s","l"
"0.38320000","101.99146514","2024-05-21T18:47:39.713Z","s","l"
"0.38590000","100.00000000","2024-05-21T19:05:14.151Z","b","l"
"0.38620000","200.00000000","2024-05-21T19:05:14.151Z","b","l"
"0.38660000","481.52244689","2024-05-21T19:05:14.151Z","b","l"
"0.38230000","100.00000000","2024-05-21T19:30:21.718Z","s","l"
"0.38200000","4.44179000","2024-05-21T19:30:21.718Z","s","l"
"0.38200000","195.55821000","2024-05-21T19:30:21.719Z","s","l"
"0.38150000","100.00000000","2024-05-21T19:34:19.585Z","b","l"
"0.38170000","761.23318800","2024-05-21T19:34:19.585Z","b","l"
"0.38180000","200.00000000","2024-05-21T19:34:19.585Z","b","l"
"0.38200000","104.44179000","2024-05-21T19:34:19.585Z","b","l"
"0.38230000","339.52902200","2024-05-21T19:34:19.585Z","b","l"
"0.37910000","100.00000000","2024-05-21T19:39:56.150Z","s","l"
"0.37890000","200.00000000","2024-05-21T19:39:56.150Z","s","l"
"0.37870000","904.83813950","2024-05-21T19:39:56.150Z","s","l"
"0.37860000","285.46286050","2024-05-21T19:39:56.150Z","s","l"
"0.38040000","304.49327400","2024-05-21T19:40:28.453Z","s","l"
"0.38040000","95.50672600","2024-05-21T19:40:28.566Z","s","l"
"0.38060000","64.49327400","2024-05-21T19:40:58.421Z","s","l"
"0.38060000","35.50672600","2024-05-21T19:41:09.860Z","s","l"
"0.38040000","23.49327400","2024-05-21T19:41:09.860Z","s","l"
"0.37890000","100.00000000","2024-05-21T19:41:59.271Z","b","l"
"0.37910000","176.71194935","2024-05-21T19:41:59.271Z","b","l"
"0.37840000","19.29600000","2024-05-21T19:43:05.212Z","s","l"
"0.37870000","108.70926000","2024-05-21T20:03:46.255Z","b","l"
"0.38130000","100.00000000","2024-05-21T20:14:27.067Z","s","l"
"0.38120000","72.94041263","2024-05-21T20:14:27.067Z","s","l"
"0.38110000","109.05958737","2024-05-21T20:14:27.067Z","s","l"
"0.38250000","4.21100000","2024-05-21T20:27:13.338Z","s","l"
"0.38780000","100.00000000","2024-05-21T21:01:30.121Z","s","l"