"price","volume","timestamp","type"
"0.38480000","100.000","2024-05-21T21:05:00.000Z","ask"
"0.38510000","200.000","2024-05-21T21:04:59.000Z","ask"
"0.38560000","400.000","2024-05-21T21:06:04.000Z","ask"
"0.38730000","972.816","2024-05-21T21:06:15.000Z","ask"
"0.38740000","261.454","2024-05-21T21:06:15.000Z","ask"
"0.38760000","676.540","2024-05-21T21:03:13.000Z","ask"
"0.38800000","8000.000","2024-05-21T21:05:19.000Z","ask"
"0.38810000","621.761","2024-05-21T21:07:55.000Z","ask"
"0.38820000","2000.000","2024-05-21T21:04:59.000Z","ask"
"0.39560000","89.498","2024-05-21T21:07:14.000Z","ask"
"0.39590000","9249.052","2024-05-21T21:08:03.000Z","ask"
"0.39600000","2677.210","2024-05-21T21:03:13.000Z","ask"
"0.39620000","6000.000","2024-05-21T21:04:59.000Z","ask"
"0.40230000","6166.035","2024-05-21T21:02:56.000Z","ask"
"0.40550000","88.968","2024-05-21T21:01:30.000Z","ask"
"0.40600000","6485.560","2024-05-21T21:01:50.000Z","ask"
"0.41220000","556.940","2024-05-21T21:06:47.000Z","ask"
"0.41260000","88.921","2024-05-21T21:00:40.000Z","ask"
"0.41930000","15000.000","2024-05-21T21:05:00.000Z","ask"
"0.44050000","69.070","2024-04-26T07:43:58.000Z","ask"
"0.45010000","2023.653","2024-05-21T00:57:16.000Z","ask"
"0.45960000","20.000","2024-04-24T11:40:43.000Z","ask"
"0.47200000","1269.158","2024-04-23T17:50:41.000Z","ask"
"0.48120000","20.000","2024-04-23T00:13:01.000Z","ask"
"0.48720000","20.000","2024-04-16T10:53:59.000Z","ask"
"0.50000000","149.207","2024-05-09T14:04:21.000Z","ask"
"0.51160000","503.335","2024-04-14T15:30:48.000Z","ask"
"0.53000000","20.000","2024-04-14T21:05:10.000Z","ask"
"0.55000000","100.000","2024-04-10T05:48:26.000Z","ask"
"0.56000000","370.722","2024-05-09T14:04:38.000Z","ask"
"0.57240000","20.000","2024-05-20T02:32:07.000Z","ask"
"0.57500000","433.545","2024-04-09T16:43:55.000Z","ask"
"0.57550000","1962.541","2024-05-17T17:34:47.000Z","ask"
"0.58000000","53.648","2024-05-03T19:28:27.000Z","ask"
"0.60000000","1551.912","2024-05-11T16:46:09.000Z","ask"
"0.60080000","2152.115","2024-04-25T19:17:40.000Z","ask"
"0.61890000","81.562","2024-04-08T23:05:05.000Z","ask"
"0.62000000","298.413","2024-05-10T18:08:57.000Z","ask"
"0.63330000","647.387","2024-04-14T09:59:20.000Z","ask"
"0.64190000","36.450","2024-03-27T05:00:50.000Z","ask"
"0.64820000","251.613","2024-04-09T10:36:45.000Z","ask"
"0.65000000","587.221","2024-04-08T23:13:13.000Z","ask"
"0.66000000","455.471","2024-04-19T23:06:15.000Z","ask"
"0.67000000","20.000","2024-05-13T07:49:16.000Z","ask"
"0.70000000","76.130","2024-05-07T16:45:35.000Z","ask"
"0.71000000","400.000","2024-04-04T09:52:50.000Z","ask"
"0.72150000","40.000","2024-03-28T06:59:22.000Z","ask"
"0.72350000","75.494","2024-03-24T22:16:07.000Z","ask"
"0.72980000","298.776","2024-03-25T20:22:09.000Z","ask"
"0.73620000","435.781","2024-04-12T17:36:04.000Z","ask"
"0.74900000","87.652","2024-03-20T16:32:56.000Z","ask"
"0.75000000","2179.048","2024-03-20T15:09:47.000Z","ask"
"0.75090000","386.103","2024-03-20T00:41:41.000Z","ask"
"0.75330000","20.000","2024-03-24T14:17:39.000Z","ask"
"0.75530000","386.103","2024-03-20T00:41:41.000Z","ask"
"0.75980000","386.130","2024-03-20T00:41:41.000Z","ask"
"0.76200000","7312.424","2024-03-26T03:25:26.000Z","ask"
"0.76430000","386.130","2024-03-20T00:41:41.000Z","ask"
"0.76870000","386.130","2024-03-20T00:41:41.000Z","ask"
"0.77320000","386.130","2024-03-20T00:41:42.000Z","ask"
"0.77770000","386.130","2024-03-20T00:41:42.000Z","ask"
"0.79200000","436.423","2024-04-05T06:37:45.000Z","ask"
"0.79450000","435.166","2024-04-05T05:14:19.000Z","ask"
"0.79850000","20.000","2024-03-24T13:34:59.000Z","ask"
"0.80000000","320.000","2024-03-21T09:45:04.000Z","ask"
"0.82720000","80.000","2024-03-24T19:54:25.000Z","ask"
"0.83000000","300.374","2024-04-19T00:22:45.000Z","ask"
"0.83440000","20.000","2024-03-30T23:31:55.000Z","ask"
"0.83810000","117.230","2024-03-25T15:59:09.000Z","ask"
"0.84100000","20.000","2024-03-24T14:15:42.000Z","ask"
"0.86000000","1038.778","2024-03-25T14:27:14.000Z","ask"
"0.88000000","200.000","2024-04-14T21:37:27.000Z","ask"
"0.88450000","20.000","2024-03-20T06:48:08.000Z","ask"
"0.89000000","3893.815","2024-03-19T06:01:06.000Z","ask"
"0.89750000","314.686","2024-03-19T18:55:07.000Z","ask"
"0.90000000","151.334","2024-05-19T08:08:33.000Z","ask"
"0.91000000","6050.589","2024-03-20T15:48:48.000Z","ask"
"0.92710000","20.000","2024-03-24T14:16:30.000Z","ask"
"0.93000000","20.000","2024-03-19T08:42:57.000Z","ask"
"0.93970000","267.000","2024-05-13T02:48:43.000Z","ask"
"0.94470000","343.053","2024-03-18T17:05:32.000Z","ask"
"0.94760000","342.243","2024-03-18T16:56:48.000Z","ask"
"0.95000000","221.644","2024-04-03T19:15:30.000Z","ask"
"0.95500000","200.000","2024-03-19T05:55:43.000Z","ask"
"0.96840000","980.992","2024-03-18T19:50:29.000Z","ask"
"0.97500000","165.379","2024-03-18T20:10:38.000Z","ask"
"0.97570000","20.000","2024-03-20T06:48:24.000Z","ask"
"0.98000000","150.187","2024-04-19T00:23:37.000Z","ask"
"1.00000000","225.497","2024-03-27T09:52:24.000Z","ask"
"1.01620000","31.169","2024-03-18T09:31:37.000Z","ask"
"1.01690000","29.706","2024-03-18T09:31:38.000Z","ask"
"1.02040000","20.000","2024-03-24T14:29:02.000Z","ask"
"1.03000000","250.000","2024-03-19T04:28:54.000Z","ask"
"1.03360000","543.321","2024-03-25T02:50:57.000Z","ask"
"1.05130000","191.690","2024-03-25T16:04:33.000Z","ask"
"1.05810000","78.943","2024-03-25T15:59:09.000Z","ask"
"1.06560000","51.615","2024-03-24T13:51:35.000Z","ask"
"1.06580000","20.000","2024-03-20T06:48:16.000Z","ask"
"1.07000000","20.000","2024-04-14T21:06:18.000Z","ask"
"1.07230000","87.652","2024-03-20T16:33:32.000Z","ask"
"0.38370000","100.000","2024-05-21T21:04:58.000Z","bid"
"0.38340000","200.000","2024-05-21T21:04:58.000Z","bid"
"0.38310000","35.242","2024-05-21T21:08:43.000Z","bid"
"0.38300000","41202.160","2024-05-21T21:08:43.000Z","bid"
"0.38290000","400.000","2024-05-21T21:04:59.000Z","bid"
"0.38250000","842.890","2024-05-21T21:07:05.000Z","bid"
"0.38060000","1924.287","2024-05-21T21:07:17.000Z","bid"
"0.38050000","8000.000","2024-05-21T21:05:14.000Z","bid"
"0.38030000","2000.000","2024-05-21T21:04:59.000Z","bid"
"0.37890000","818.158","2024-05-21T21:06:36.000Z","bid"
"0.37840000","4827.335","2024-05-21T20:19:25.000Z","bid"
"0.37410000","488.487","2024-05-21T21:07:50.000Z","bid"
"0.37400000","3014.250","2024-05-21T21:06:34.000Z","bid"
"0.37260000","6000.000","2024-05-21T21:06:34.000Z","bid"
"0.36950000","106.459","2024-05-21T21:07:22.000Z","bid"
"0.36840000","58.993","2024-05-21T21:07:22.000Z","bid"
"0.36510000","6387.940","2024-05-21T21:08:32.000Z","bid"
"0.36470000","234.672","2024-05-21T21:01:47.000Z","bid"
"0.36460000","241.299","2024-05-21T21:01:41.000Z","bid"
"0.36270000","59.932","2024-05-21T21:08:06.000Z","bid"
"0.36150000","75.159","2024-05-21T21:03:39.000Z","bid"
"0.35810000","60.695","2024-05-21T21:03:14.000Z","bid"
"0.35700000","15000.765","2024-05-21T21:08:14.000Z","bid"
"0.35230000","598.493","2024-05-21T21:08:43.000Z","bid"
"0.35220000","15000.000","2024-05-21T21:04:59.000Z","bid"
"0.35180000","2216.752","2024-05-21T17:49:15.000Z","bid"
"0.34760000","81.065","2024-05-21T19:51:15.000Z","bid"
"0.32820000","91.408","2024-05-21T01:33:09.000Z","bid"
"0.32730000","20.000","2024-05-21T16:30:43.000Z","bid"
"0.32380000","20.000","2024-05-20T21:44:09.000Z","bid"
"0.31910000","20.000","2024-05-20T22:01:58.000Z","bid"
"0.31500000","1010.000","2024-05-20T15:35:17.000Z","bid"
"0.31090000","20.000","2024-05-20T21:18:43.000Z","bid"
"0.31000000","300.000","2024-05-20T09:27:00.000Z","bid"
"0.30280000","20.000","2024-05-19T21:33:29.000Z","bid"
"0.30220000","99.273","2024-05-19T13:57:07.000Z","bid"
"0.30100000","353.479","2024-05-19T21:39:41.000Z","bid"
"0.29750000","20.000","2024-05-19T11:15:35.000Z","bid"
"0.29460000","20.000","2024-05-19T09:15:30.000Z","bid"
"0.28710000","574.713","2024-05-14T15:44:20.000Z","bid"
"0.28640000","20.000","2024-05-17T17:13:43.000Z","bid"
"0.28500000","3500.000","2024-05-19T09:16:01.000Z","bid"
"0.28200000","25.000","2024-05-13T05:33:19.000Z","bid"
"0.27720000","400.000","2024-04-23T13:23:37.000Z","bid"
"0.26870000","20.000","2024-03-15T07:45:02.000Z","bid"
"0.26300000","1500.000","2024-05-01T15:13:26.000Z","bid"
"0.26000000","50.000","2024-04-21T16:49:14.000Z","bid"
"0.25000000","400.000","2024-04-24T10:47:58.000Z","bid"
"0.24260000","20.000","2024-03-15T07:44:23.000Z","bid"
"0.23600000","3000.000","2024-05-01T15:13:46.000Z","bid"
"0.22010000","40.000","2024-02-09T22:18:39.000Z","bid"
"0.22000000","63.680","2024-04-02T04:10:08.000Z","bid"
"0.21760000","400.000","2024-04-23T13:23:59.000Z","bid"
"0.20730000","40.000","2024-02-09T22:18:48.000Z","bid"
"0.20100000","497.513","2023-12-29T05:16:05.000Z","bid"
"0.20000000","89.607","2024-04-13T22:02:56.000Z","bid"
"0.19300000","40.000","2024-02-09T22:20:25.000Z","bid"
"0.17430000","40.000","2024-02-09T22:20:51.000Z","bid"
"0.17170000","800.000","2024-04-23T13:24:21.000Z","bid"
"0.17100000","438.597","2024-01-07T21:39:16.000Z","bid"
"0.16280000","40.000","2024-02-09T22:21:42.000Z","bid"
"0.15900000","1257.862","2023-12-24T15:38:34.000Z","bid"
"0.15200000","90.000","2023-12-23T00:07:47.000Z","bid"
"0.15100000","40.000","2023-12-26T10:30:12.000Z","bid"
"0.15000000","40.000","2024-03-14T18:14:50.000Z","bid"
"0.13900000","40.000","2023-12-23T03:34:35.000Z","bid"
"0.12390000","40.000","2024-02-09T03:15:11.000Z","bid"
"0.12220000","40.000","2024-03-23T00:59:44.000Z","bid"
"0.11900000","3500.000","2023-12-09T09:46:48.000Z","bid"
"0.10790000","40.000","2024-02-09T03:14:38.000Z","bid"
"0.10120000","3952.570","2024-04-22T21:34:13.000Z","bid"
"0.09940000","1006.037","2024-04-24T03:26:00.000Z","bid"
"0.08790000","25.000","2023-07-11T05:32:10.000Z","bid"
"0.06640000","40.000","2024-02-09T03:13:58.000Z","bid"
"0.06500000","20.000","2024-03-14T18:17:24.000Z","bid"
"0.04230000","40.000","2023-12-26T10:30:55.000Z","bid"
"0.02860000","40.000","2023-12-26T10:31:24.000Z","bid"
"0.02510000","99.602","2024-03-25T09:43:52.000Z","bid"
"0.02270000","40.000","2023-12-26T10:31:36.000Z","bid"
"0.01860000","40.000","2023-12-26T10:31:52.000Z","bid"
"0.01350000","40.000","2023-12-26T10:31:58.000Z","bid"
"0.00010000","1246999.000","2023-11-23T01:50:43.000Z","bid"