"price","volume","time","side"
"0.00002549","869722.00000000","2024-06-13T22:57:37.524Z","sell"
"0.00002549","6318999.00000000","2024-06-13T22:57:37.523Z","sell"
"0.00002549","8459262.00000000","2024-06-13T22:57:37.522Z","sell"
"0.00002549","2291936.00000000","2024-06-13T22:57:37.521Z","sell"
"0.00002549","9846921.00000000","2024-06-13T22:57:37.521Z","sell"
"0.00002549","9967804.00000000","2024-06-13T22:57:37.521Z","sell"
"0.00002549","10000000.00000000","2024-06-13T22:57:37.521Z","sell"
"0.00002549","10431225.00000000","2024-06-13T22:57:37.521Z","sell"
"0.00002549","25107249.00000000","2024-06-13T22:57:37.521Z","sell"
"0.00002549","10000000.00000000","2024-06-13T22:57:37.520Z","sell"
"0.00002549","10000000.00000000","2024-06-13T22:57:37.520Z","sell"
"0.00002549","20000000.00000000","2024-06-13T22:57:37.520Z","sell"
"0.00002549","4204298.00000000","2024-06-13T22:57:37.518Z","sell"
"0.00002549","13614250.00000000","2024-06-13T22:57:37.517Z","sell"
"0.00002549","20107360.00000000","2024-06-13T22:57:37.516Z","sell"
"0.00002549","7087035.00000000","2024-06-13T22:57:37.516Z","sell"
"0.00002549","11075566.00000000","2024-06-13T22:57:37.516Z","sell"
"0.00002549","25737411.00000000","2024-06-13T22:57:37.516Z","sell"
"0.00002549","10798398.00000000","2024-06-13T22:57:37.516Z","sell"
"0.00002549","16223405.00000000","2024-06-13T22:57:37.516Z","sell"
"0.00002549","9941902.00000000","2024-06-13T22:57:37.516Z","sell"
"0.00002549","24393515.00000000","2024-06-13T22:57:37.516Z","sell"
"0.00002549","13931879.00000000","2024-06-13T22:57:37.515Z","sell"
"0.00002549","7917959.00000000","2024-06-13T22:57:37.514Z","sell"
"0.00002549","26844047.00000000","2024-06-13T22:57:37.513Z","sell"
"0.00002549","13362734.00000000","2024-06-13T22:57:37.512Z","sell"
"0.00002549","5513632.00000000","2024-06-13T22:57:37.511Z","sell"
"0.00002549","14223638.00000000","2024-06-13T22:57:37.511Z","sell"
"0.00002549","6391878.00000000","2024-06-13T22:57:37.510Z","sell"
"0.00002549","7970448.00000000","2024-06-13T22:57:37.510Z","sell"
"0.00002549","4733058.00000000","2024-06-13T22:57:37.510Z","sell"
"0.00002549","2290218.00000000","2024-06-13T22:57:37.510Z","sell"
"0.00002549","6662507.00000000","2024-06-13T22:57:37.509Z","sell"
"0.00002549","4182026.00000000","2024-06-13T22:57:37.508Z","sell"
"0.00002549","4109730.00000000","2024-06-13T22:57:37.506Z","sell"
"0.00002549","13906970.00000000","2024-06-13T22:57:37.505Z","sell"
"0.00002549","12959618.00000000","2024-06-13T22:57:37.505Z","sell"
"0.00002549","14387583.00000000","2024-06-13T22:57:37.505Z","sell"
"0.00002549","11010669.00000000","2024-06-13T22:57:37.505Z","sell"
"0.00002549","23993175.00000000","2024-06-13T22:57:37.505Z","sell"
"0.00002549","10187285.00000000","2024-06-13T22:57:37.504Z","sell"
"0.00002549","3923253.00000000","2024-06-13T22:57:37.504Z","sell"
"0.00002549","5854989.00000000","2024-06-13T22:57:37.504Z","sell"
"0.00002549","13792114.00000000","2024-06-13T22:57:37.503Z","sell"
"0.00002549","6747790.00000000","2024-06-13T22:57:37.503Z","sell"
"0.00002549","9908102.00000000","2024-06-13T22:57:37.500Z","sell"
"0.00002549","6380079.00000000","2024-06-13T22:57:37.499Z","sell"
"0.00002549","10337133.00000000","2024-06-13T22:57:37.499Z","sell"
"0.00002549","6478221.00000000","2024-06-13T22:57:37.498Z","sell"
"0.00002549","9338457.00000000","2024-06-13T22:57:37.494Z","sell"
"0.00002549","21568324.00000000","2024-06-13T22:57:37.494Z","sell"
"0.00002549","20832210.00000000","2024-06-13T22:57:37.494Z","sell"
"0.00002549","19538554.00000000","2024-06-13T22:57:37.493Z","sell"
"0.00002549","2888814.00000000","2024-06-13T22:57:37.493Z","sell"
"0.00002549","4287765.00000000","2024-06-13T22:57:37.493Z","sell"
"0.00002549","5212362.00000000","2024-06-13T22:57:37.491Z","sell"
"0.00002549","8461077.00000000","2024-06-13T22:57:37.488Z","sell"
"0.00002549","13332543.00000000","2024-06-13T22:57:37.488Z","sell"
"0.00002549","5703067.00000000","2024-06-13T22:57:37.488Z","sell"
"0.00002549","11959591.00000000","2024-06-13T22:57:37.487Z","sell"
"0.00002549","6642695.00000000","2024-06-13T22:57:37.486Z","sell"
"0.00002549","11093789.00000000","2024-06-13T22:57:37.483Z","sell"
"0.00002549","9443442.00000000","2024-06-13T22:57:37.483Z","sell"
"0.00002549","5625575.00000000","2024-06-13T22:57:37.482Z","sell"
"0.00002549","10376010.00000000","2024-06-13T22:57:37.482Z","sell"
"0.00002549","4541737.00000000","2024-06-13T22:57:37.482Z","sell"
"0.00002549","8212491.00000000","2024-06-13T22:57:37.481Z","sell"
"0.00002549","8132106.00000000","2024-06-13T22:57:37.477Z","sell"
"0.00002549","5156961.00000000","2024-06-13T22:57:37.472Z","sell"
"0.00002549","14847902.00000000","2024-06-13T22:57:37.471Z","sell"
"0.00002549","13403493.00000000","2024-06-13T22:57:36.754Z","sell"
"0.00002549","41771677.00000000","2024-06-13T22:57:36.753Z","sell"
"0.00002549","34038154.00000000","2024-06-13T22:57:36.750Z","sell"
"0.00002549","26850224.00000000","2024-06-13T22:57:36.737Z","buy"
"0.00002549","39231071.00000000","2024-06-13T22:57:36.737Z","buy"
"0.00002549","51293884.00000000","2024-06-13T22:57:36.737Z","buy"
"0.00002549","39231071.00000000","2024-06-13T22:57:36.737Z","buy"
"0.00002549","9807767.00000000","2024-06-13T22:57:36.737Z","buy"
"0.00002549","20166156.00000000","2024-06-13T22:57:36.737Z","buy"
"0.00002549","23980581.00000000","2024-06-13T22:57:36.737Z","buy"
"0.00002549","22249046.00000000","2024-06-13T22:57:36.737Z","buy"
"0.00002549","37914356.00000000","2024-06-13T22:57:36.737Z","buy"
"0.00002549","24108161.00000000","2024-06-13T22:57:36.737Z","buy"
"0.00002549","3782175.00000000","2024-06-13T22:57:36.737Z","buy"
"0.00002549","228067.00000000","2024-06-13T22:57:36.737Z","buy"
"0.00002549","8640560.00000000","2024-06-13T22:57:36.737Z","buy"
"0.00002549","4217921.00000000","2024-06-13T22:57:36.737Z","buy"
"0.00002550","15550957.00000000","2024-06-13T22:57:35.811Z","sell"
"0.00002550","315474.00000000","2024-06-13T22:57:33.305Z","sell"
"0.00002550","38124127.00000000","2024-06-13T22:57:33.126Z","sell"
"0.00002550","1084873.00000000","2024-06-13T22:57:33.045Z","sell"
"0.00002549","9807767.00000000","2024-06-13T22:57:30.697Z","sell"
"0.00002549","34367634.00000000","2024-06-13T22:57:30.697Z","sell"
"0.00002549","2212816.00000000","2024-06-13T22:57:30.697Z","sell"
"0.00002549","9904190.00000000","2024-06-13T22:57:30.697Z","sell"
"0.00002549","13211891.00000000","2024-06-13T22:57:30.697Z","sell"
"0.00002549","13902174.00000000","2024-06-13T22:57:30.697Z","sell"
"0.00002548","9813823.00000000","2024-06-13T22:57:25.613Z","sell"
"0.00002548","19399176.00000000","2024-06-13T22:57:25.613Z","sell"
"0.00002548","19847291.00000000","2024-06-13T22:57:25.612Z","sell"
"0.00002548","8551852.00000000","2024-06-13T22:57:25.612Z","sell"
"0.00002548","14385617.00000000","2024-06-13T22:57:25.612Z","sell"
"0.00002548","5955781.00000000","2024-06-13T22:57:25.611Z","sell"
"0.00002548","10353217.00000000","2024-06-13T22:57:25.610Z","sell"
"0.00002548","5957308.00000000","2024-06-13T22:57:25.610Z","sell"
"0.00002548","42496114.00000000","2024-06-13T22:57:25.610Z","sell"
"0.00002547","9815469.00000000","2024-06-13T22:57:24.266Z","sell"
"0.00002547","228096.00000000","2024-06-13T22:57:24.266Z","sell"
"0.00002547","936038.00000000","2024-06-13T22:57:23.271Z","buy"
"0.00002547","4680193.00000000","2024-06-13T22:57:23.217Z","buy"
"0.00002547","11996425.00000000","2024-06-13T22:57:23.163Z","buy"
"0.00002547","11358875.00000000","2024-06-13T22:57:23.163Z","buy"
"0.00002547","45665.00000000","2024-06-13T22:57:23.163Z","buy"
"0.00002548","4543869.00000000","2024-06-13T22:57:22.057Z","buy"
"0.00002548","64854420.00000000","2024-06-13T22:57:22.057Z","buy"
"0.00002548","1442025.00000000","2024-06-13T22:57:22.048Z","buy"
"0.00002547","53183792.00000000","2024-06-13T22:57:22.046Z","buy"
"0.00002547","80000000.00000000","2024-06-13T22:57:22.046Z","buy"
"0.00002547","40000000.00000000","2024-06-13T22:57:22.046Z","buy"
"0.00002547","65466696.00000000","2024-06-13T22:57:22.046Z","buy"
"0.00002547","58890750.00000000","2024-06-13T22:57:22.046Z","buy"
"0.00002547","67052822.00000000","2024-06-13T22:57:22.046Z","buy"
"0.00002548","39234720.00000000","2024-06-13T22:57:22.045Z","buy"
"0.00002548","67791074.00000000","2024-06-13T22:57:22.045Z","buy"
"0.00002548","34416231.00000000","2024-06-13T22:57:22.045Z","buy"
"0.00002549","80000000.00000000","2024-06-13T22:57:22.038Z","buy"
"0.00002549","23493203.00000000","2024-06-13T22:57:22.038Z","buy"
"0.00002549","39231071.00000000","2024-06-13T22:57:22.038Z","buy"
"0.00002549","28655576.00000000","2024-06-13T22:57:22.038Z","buy"
"0.00002549","39231071.00000000","2024-06-13T22:57:22.038Z","buy"
"0.00002549","6478200.00000000","2024-06-13T22:57:22.038Z","buy"
"0.00002549","39231071.00000000","2024-06-13T22:57:22.038Z","buy"
"0.00002550","697411.00000000","2024-06-13T22:57:22.038Z","buy"
"0.00002550","228093.00000000","2024-06-13T22:57:22.038Z","buy"
"0.00002550","4217921.00000000","2024-06-13T22:57:22.038Z","buy"
"0.00002550","1960784.00000000","2024-06-13T22:57:22.038Z","buy"
"0.00002550","9803921.00000000","2024-06-13T22:57:22.038Z","buy"
"0.00002550","228446.00000000","2024-06-13T22:57:21.068Z","sell"
"0.00002550","10332402.00000000","2024-06-13T22:57:09.758Z","buy"
"0.00002550","228405.00000000","2024-06-13T22:57:09.758Z","buy"
"0.00002550","2617921.00000000","2024-06-13T22:57:09.758Z","buy"
"0.00002550","1600000.00000000","2024-06-13T22:57:09.758Z","buy"
"0.00002551","19561022.00000000","2024-06-13T22:57:07.528Z","sell"
"0.00002549","39231071.00000000","2024-06-13T22:57:03.774Z","sell"
"0.00002549","9497489.00000000","2024-06-13T22:57:03.774Z","sell"
"0.00002549","84517.00000000","2024-06-13T22:57:00.973Z","sell"
"0.00002549","225761.00000000","2024-06-13T22:56:58.208Z","sell"
"0.00002550","1750000.00000000","2024-06-13T22:56:56.129Z","sell"
"0.00002549","1221253.00000000","2024-06-13T22:56:54.379Z","sell"
"0.00002549","232509.00000000","2024-06-13T22:56:54.379Z","sell"
"0.00002549","48453422.00000000","2024-06-13T22:56:54.379Z","sell"
"0.00002548","6546064.00000000","2024-06-13T22:56:47.510Z","buy"
"0.00002548","4557936.00000000","2024-06-13T22:56:47.510Z","buy"
"0.00002548","22598101.00000000","2024-06-13T22:56:47.463Z","buy"
"0.00002548","7395000.00000000","2024-06-13T22:56:47.460Z","buy"
"0.00002549","26427983.00000000","2024-06-13T22:56:47.312Z","buy"
"0.00002549","26416578.00000000","2024-06-13T22:56:47.304Z","buy"
"0.00002549","39227952.00000000","2024-06-13T22:56:47.304Z","buy"
"0.00002549","14218566.00000000","2024-06-13T22:56:47.304Z","buy"
"0.00002549","65781434.00000000","2024-06-13T22:56:47.304Z","buy"
"0.00002549","9805169.00000000","2024-06-13T22:56:47.304Z","buy"
"0.00002549","66325741.00000000","2024-06-13T22:56:47.304Z","buy"
"0.00002549","39221872.00000000","2024-06-13T22:56:47.304Z","buy"
"0.00002549","39225799.00000000","2024-06-13T22:56:47.304Z","buy"
"0.00002549","7554221.00000000","2024-06-13T22:56:47.304Z","buy"
"0.00002549","23233644.00000000","2024-06-13T22:56:47.304Z","buy"
"0.00002549","40000000.00000000","2024-06-13T22:56:47.304Z","buy"
"0.00002549","28655576.00000000","2024-06-13T22:56:47.304Z","buy"
"0.00002550","79863097.00000000","2024-06-13T22:56:47.304Z","buy"
"0.00002551","32100851.00000000","2024-06-13T22:56:44.032Z","buy"
"0.00002551","34696936.00000000","2024-06-13T22:56:44.032Z","buy"
"0.00002552","4950242.00000000","2024-06-13T22:56:41.463Z","sell"
"0.00002551","8379000.00000000","2024-06-13T22:56:33.137Z","buy"
"0.00002552","2119809.00000000","2024-06-13T22:56:32.886Z","buy"
"0.00002552","14488566.00000000","2024-06-13T22:56:32.872Z","buy"
"0.00002553","758464.00000000","2024-06-13T22:56:30.315Z","sell"
"0.00002552","228004.00000000","2024-06-13T22:56:29.543Z","buy"
"0.00002552","34603862.00000000","2024-06-13T22:56:29.543Z","buy"
"0.00002552","4581090.00000000","2024-06-13T22:56:29.540Z","buy"
"0.00002552","9793654.00000000","2024-06-13T22:56:29.540Z","buy"
"0.00002552","15539369.00000000","2024-06-13T22:56:29.540Z","buy"
"0.00002552","7696852.00000000","2024-06-13T22:56:29.540Z","buy"
"0.00002552","38484261.00000000","2024-06-13T22:56:29.540Z","buy"
"0.00002553","3227086.00000000","2024-06-13T22:56:27.042Z","sell"
"0.00002553","678544.00000000","2024-06-13T22:56:27.042Z","sell"
"0.00002552","700691.00000000","2024-06-13T22:56:26.903Z","buy"
"0.00002552","39184952.00000000","2024-06-13T22:56:26.903Z","buy"
"0.00002552","9793654.00000000","2024-06-13T22:56:26.903Z","buy"
"0.00002552","35702007.00000000","2024-06-13T22:56:26.903Z","buy"
"0.00002553","40798.00000000","2024-06-13T22:56:18.335Z","sell"
"0.00002553","225408.00000000","2024-06-13T22:56:18.082Z","sell"
"0.00002552","9794594.00000000","2024-06-13T22:56:17.147Z","buy"
"0.00002553","228321.00000000","2024-06-13T22:56:17.053Z","buy"
"0.00002553","3436903.00000000","2024-06-13T22:56:16.808Z","sell"
"0.00002553","6355498.00000000","2024-06-13T22:56:16.798Z","buy"
"0.00002553","228324.00000000","2024-06-13T22:56:16.798Z","buy"
"0.00002553","2183242.00000000","2024-06-13T22:56:16.798Z","buy"
"0.00002553","3436903.00000000","2024-06-13T22:56:16.787Z","buy"
"0.00002553","28100721.00000000","2024-06-13T22:56:16.787Z","buy"
"0.00002553","11068883.00000000","2024-06-13T22:56:16.656Z","buy"
"0.00002553","228324.00000000","2024-06-13T22:56:16.656Z","buy"
"0.00002553","9792401.00000000","2024-06-13T22:56:16.656Z","buy"
"0.00002553","11488196.00000000","2024-06-13T22:56:15.062Z","sell"
"0.00002553","9012121.00000000","2024-06-13T22:56:15.062Z","sell"
"0.00002553","1840999.00000000","2024-06-13T22:56:15.062Z","sell"
"0.00002553","46612423.00000000","2024-06-13T22:56:15.061Z","sell"
"0.00002552","471827.00000000","2024-06-13T22:56:12.807Z","buy"
"0.00002553","25362410.00000000","2024-06-13T22:56:10.633Z","sell"
"0.00002552","4619985.00000000","2024-06-13T22:56:10.027Z","buy"
"0.00002552","16469623.00000000","2024-06-13T22:56:10.027Z","buy"
"0.00002552","31537624.00000000","2024-06-13T22:56:10.025Z","sell"
"0.00002552","36407266.00000000","2024-06-13T22:56:10.025Z","sell"
"0.00002552","544409.00000000","2024-06-13T22:56:10.025Z","sell"
"0.00002552","21618781.00000000","2024-06-13T22:56:10.024Z","sell"
"0.00002552","6492386.00000000","2024-06-13T22:56:10.023Z","sell"
"0.00002552","1943114.00000000","2024-06-13T22:56:10.023Z","sell"
"0.00002552","37241838.00000000","2024-06-13T22:56:10.022Z","sell"
"0.00002552","8947353.00000000","2024-06-13T22:56:10.022Z","sell"
"0.00002552","30237599.00000000","2024-06-13T22:56:10.021Z","sell"
"0.00002551","38925652.00000000","2024-06-13T22:56:10.018Z","sell"
"0.00002551","39200313.00000000","2024-06-13T22:56:10.018Z","sell"
"0.00002551","9800078.00000000","2024-06-13T22:56:10.018Z","sell"
"0.00002551","8000000.00000000","2024-06-13T22:56:10.018Z","sell"
"0.00002550","3375567.00000000","2024-06-13T22:56:06.176Z","buy"
"0.00002552","3885841.00000000","2024-06-13T22:55:58.207Z","sell"
"0.00002552","457544.00000000","2024-06-13T22:55:57.178Z","sell"
"0.00002551","42456.00000000","2024-06-13T22:55:57.178Z","sell"
"0.00002551","189403.00000000","2024-06-13T22:55:56.578Z","sell"
"0.00002550","14394515.00000000","2024-06-13T22:55:54.369Z","buy"
"0.00002550","4440000.00000000","2024-06-13T22:55:54.369Z","buy"
"0.00002550","78000000.00000000","2024-06-13T22:55:54.369Z","buy"
"0.00002551","34459990.00000000","2024-06-13T22:55:54.369Z","buy"
"0.00002551","881369.00000000","2024-06-13T22:55:54.369Z","buy"
"0.00002552","19339779.00000000","2024-06-13T22:55:43.691Z","sell"
"0.00002552","19769891.00000000","2024-06-13T22:55:43.691Z","sell"
"0.00002552","37728778.00000000","2024-06-13T22:55:43.200Z","buy"
"0.00002552","229920.00000000","2024-06-13T22:55:43.200Z","buy"
"0.00002553","2000000.00000000","2024-06-13T22:55:25.726Z","sell"
"0.00002554","225319.00000000","2024-06-13T22:55:19.903Z","sell"
"0.00002553","717779.00000000","2024-06-13T22:55:17.785Z","sell"
"0.00002553","8000000.00000000","2024-06-13T22:55:14.511Z","buy"
"0.00002554","24016588.00000000","2024-06-13T22:55:14.497Z","sell"
"0.00002554","48453422.00000000","2024-06-13T22:55:14.497Z","sell"
"0.00002554","38925652.00000000","2024-06-13T22:55:14.497Z","sell"
"0.00002553","234391.00000000","2024-06-13T22:55:14.497Z","sell"
"0.00002553","39169604.00000000","2024-06-13T22:55:14.497Z","sell"
"0.00002553","48585118.00000000","2024-06-13T22:55:14.497Z","sell"
"0.00002553","48453422.00000000","2024-06-13T22:55:14.497Z","sell"
"0.00002553","39169604.00000000","2024-06-13T22:55:14.497Z","sell"
"0.00002553","9792401.00000000","2024-06-13T22:55:14.497Z","sell"
"0.00002553","38925652.00000000","2024-06-13T22:55:14.497Z","sell"
"0.00002554","25.00000000","2024-06-13T22:55:09.454Z","sell"
"0.00002553","3631446.00000000","2024-06-13T22:55:09.066Z","sell"
"0.00002553","2232472.00000000","2024-06-13T22:55:09.057Z","buy"
"0.00002553","7557777.00000000","2024-06-13T22:55:09.054Z","buy"
"0.00002553","12773761.00000000","2024-06-13T22:55:09.054Z","buy"
"0.00002553","4200000.00000000","2024-06-13T22:55:09.023Z","buy"
"0.00002553","9800000.00000000","2024-06-13T22:55:08.971Z","buy"
"0.00002553","7800000.00000000","2024-06-13T22:55:08.970Z","buy"
"0.00002554","9786568.00000000","2024-06-13T22:55:08.899Z","buy"
"0.00002554","10358139.00000000","2024-06-13T22:55:08.899Z","buy"
"0.00002554","28790692.00000000","2024-06-13T22:55:08.895Z","buy"
"0.00002555","1904091.00000000","2024-06-13T22:55:06.602Z","sell"
"0.00002555","234367.00000000","2024-06-13T22:55:06.054Z","buy"
"0.00002555","39138943.00000000","2024-06-13T22:55:06.054Z","buy"
"0.00002555","5677720.00000000","2024-06-13T22:55:06.054Z","buy"
"0.00002555","33461223.00000000","2024-06-13T22:55:06.050Z","buy"
"0.00002555","9784735.00000000","2024-06-13T22:55:06.050Z","buy"
"0.00002555","21089608.00000000","2024-06-13T22:55:06.050Z","buy"
"0.00002555","236770.00000000","2024-06-13T22:55:04.566Z","sell"
"0.00002555","3885507.00000000","2024-06-13T22:55:04.566Z","sell"
"0.00002555","4063172.00000000","2024-06-13T22:55:04.565Z","sell"
"0.00002555","5746409.00000000","2024-06-13T22:55:04.564Z","sell"
"0.00002555","20575541.00000000","2024-06-13T22:55:04.563Z","sell"
"0.00002555","521688.00000000","2024-06-13T22:55:04.563Z","sell"
"0.00002555","21208776.00000000","2024-06-13T22:55:04.563Z","sell"
"0.00002555","46617692.00000000","2024-06-13T22:55:04.562Z","sell"
"0.00002555","38541930.00000000","2024-06-13T22:55:04.559Z","sell"
"0.00002555","1860270.00000000","2024-06-13T22:55:04.232Z","sell"
"0.00002555","3729840.00000000","2024-06-13T22:55:00.160Z","sell"
"0.00002554","967088.00000000","2024-06-13T22:54:58.605Z","buy"
"0.00002554","39154267.00000000","2024-06-13T22:54:58.605Z","buy"
"0.00002554","9788566.00000000","2024-06-13T22:54:58.605Z","buy"
"0.00002554","236125.00000000","2024-06-13T22:54:58.605Z","buy"
"0.00002555","2080531.00000000","2024-06-13T22:54:49.035Z","sell"
"0.00002555","1985107.00000000","2024-06-13T22:54:30.266Z","sell"
"0.00002555","7.00000000","2024-06-13T22:54:21.500Z","sell"
"0.00002554","300631.00000000","2024-06-13T22:54:16.189Z","sell"
"0.00002554","911312.00000000","2024-06-13T22:54:09.764Z","sell"
"0.00002554","5638254.00000000","2024-06-13T22:54:03.011Z","buy"
"0.00002554","157762.00000000","2024-06-13T22:54:03.011Z","buy"
"0.00002555","1937378.00000000","2024-06-13T22:54:01.032Z","sell"
"0.00002555","349115.00000000","2024-06-13T22:53:59.203Z","sell"
"0.00002555","246423.00000000","2024-06-13T22:53:43.274Z","buy"
"0.00002555","39138943.00000000","2024-06-13T22:53:43.274Z","buy"
"0.00002555","8854328.00000000","2024-06-13T22:53:43.074Z","buy"
"0.00002555","39138943.00000000","2024-06-13T22:53:42.647Z","buy"
"0.00002555","9784735.00000000","2024-06-13T22:53:42.647Z","buy"
"0.00002555","246139.00000000","2024-06-13T22:53:42.647Z","buy"
"0.00002556","348979.00000000","2024-06-13T22:53:34.735Z","sell"
"0.00002555","243441.00000000","2024-06-13T22:53:13.529Z","sell"
"0.00002555","1720086.00000000","2024-06-13T22:53:12.659Z","buy"
"0.00002555","9781534.00000000","2024-06-13T22:53:12.659Z","buy"
"0.00002556","1858815.00000000","2024-06-13T22:53:07.879Z","sell"
"0.00002556","4635971.00000000","2024-06-13T22:53:05.351Z","sell"
"0.00002556","245490.00000000","2024-06-13T22:53:04.285Z","buy"
"0.00002556","39123630.00000000","2024-06-13T22:53:04.285Z","buy"
"0.00002556","9780907.00000000","2024-06-13T22:53:04.285Z","buy"
"0.00002556","40590.00000000","2024-06-13T22:52:57.423Z","sell"
"0.00002555","36199.00000000","2024-06-13T22:52:45.922Z","buy"
"0.00002556","774042.00000000","2024-06-13T22:52:45.728Z","sell"
"0.00002556","19098493.00000000","2024-06-13T22:52:40.570Z","sell"
"0.00002558","401860.00000000","2024-06-13T22:52:40.526Z","sell"
"0.00002556","9163223.00000000","2024-06-13T22:52:40.525Z","sell"
"0.00002556","21366280.00000000","2024-06-13T22:52:40.522Z","sell"
"0.00002556","8396149.00000000","2024-06-13T22:52:40.519Z","sell"
"0.00002556","6489426.00000000","2024-06-13T22:52:40.510Z","sell"
"0.00002556","32634204.00000000","2024-06-13T22:52:40.505Z","sell"
"0.00002556","6291448.00000000","2024-06-13T22:52:40.505Z","sell"
"0.00002556","32634204.00000000","2024-06-13T22:52:40.503Z","sell"
"0.00002558","27448995.00000000","2024-06-13T22:52:40.488Z","sell"
"0.00002558","28024344.00000000","2024-06-13T22:52:40.488Z","sell"
"0.00002558","39105731.00000000","2024-06-13T22:52:40.488Z","sell"
"0.00002558","67022199.00000000","2024-06-13T22:52:40.488Z","sell"
"0.00002558","28655576.00000000","2024-06-13T22:52:40.488Z","sell"
"0.00002558","9534372.00000000","2024-06-13T22:52:40.488Z","sell"
"0.00002558","25265436.00000000","2024-06-13T22:52:40.488Z","sell"
"0.00002558","26272077.00000000","2024-06-13T22:52:40.488Z","sell"
"0.00002558","48453422.00000000","2024-06-13T22:52:40.488Z","sell"
"0.00002557","105521870.00000000","2024-06-13T22:52:40.488Z","sell"
"0.00002557","28655576.00000000","2024-06-13T22:52:40.488Z","sell"
"0.00002557","34619259.00000000","2024-06-13T22:52:40.488Z","sell"
"0.00002557","39118430.00000000","2024-06-13T22:52:40.488Z","sell"
"0.00002557","5576658.00000000","2024-06-13T22:52:40.488Z","sell"
"0.00002557","195465207.00000000","2024-06-13T22:52:40.488Z","sell"
"0.00002557","68151994.00000000","2024-06-13T22:52:40.488Z","sell"
"0.00002557","48377688.00000000","2024-06-13T22:52:40.488Z","sell"
"0.00002556","21899973.00000000","2024-06-13T22:52:40.488Z","sell"
"0.00002556","39123630.00000000","2024-06-13T22:52:40.488Z","sell"
"0.00002556","39123630.00000000","2024-06-13T22:52:40.488Z","sell"
"0.00002556","9780907.00000000","2024-06-13T22:52:40.488Z","sell"
"0.00002556","21748842.00000000","2024-06-13T22:52:40.488Z","sell"
"0.00002556","48453422.00000000","2024-06-13T22:52:40.488Z","sell"
"0.00002556","194542.00000000","2024-06-13T22:52:36.677Z","buy"
"0.00002556","9781373.00000000","2024-06-13T22:52:32.242Z","sell"
"0.00002556","9738733.00000000","2024-06-13T22:52:29.096Z","sell"
"0.00002556","9784024.00000000","2024-06-13T22:52:29.096Z","sell"
"0.00002555","2934272.00000000","2024-06-13T22:52:10.898Z","buy"
"0.00002556","193270.00000000","2024-06-13T22:52:04.983Z","buy"
"0.00002555","9784735.00000000","2024-06-13T22:51:49.146Z","sell"
"0.00002554","5000000.00000000","2024-06-13T22:51:45.142Z","buy"
"0.00002555","9784735.00000000","2024-06-13T22:51:23.691Z","sell"
"0.00002555","38021037.00000000","2024-06-13T22:51:20.857Z","sell"
"0.00002554","1746630.00000000","2024-06-13T22:51:18.713Z","buy"
"0.00002555","7746663.00000000","2024-06-13T22:51:18.031Z","sell"
"0.00002555","1460649.00000000","2024-06-13T22:51:16.365Z","sell"
"0.00002555","475213.00000000","2024-06-13T22:51:16.365Z","sell"
"0.00002555","238755.00000000","2024-06-13T22:51:13.926Z","buy"
"0.00002555","9781407.00000000","2024-06-13T22:51:13.790Z","buy"
"0.00002556","238861.00000000","2024-06-13T22:51:13.745Z","buy"
"0.00002557","75734.00000000","2024-06-13T22:51:05.379Z","sell"
"0.00002556","237362.00000000","2024-06-13T22:51:02.569Z","sell"
"0.00002556","39123630.00000000","2024-06-13T22:50:50.414Z","buy"
"0.00002556","9780907.00000000","2024-06-13T22:50:50.414Z","buy"
"0.00002556","34326657.00000000","2024-06-13T22:50:50.414Z","buy"
"0.00002557","237147.00000000","2024-06-13T22:50:48.940Z","buy"
"0.00002558","1704696.00000000","2024-06-13T22:50:36.320Z","sell"
"0.00002558","39093041.00000000","2024-06-13T22:50:36.320Z","sell"
"0.00002557","114089.00000000","2024-06-13T22:50:29.541Z","sell"
"0.00002557","587287.00000000","2024-06-13T22:50:28.599Z","buy"
"0.00002559","422272.00000000","2024-06-13T22:50:24.763Z","sell"
"0.00002559","3399237.00000000","2024-06-13T22:50:20.696Z","sell"
"0.00002560","38415460.00000000","2024-06-13T22:50:18.276Z","sell"
"0.00002560","38925652.00000000","2024-06-13T22:50:18.276Z","sell"
"0.00002559","21748842.00000000","2024-06-13T22:50:18.276Z","sell"
"0.00002559","9769441.00000000","2024-06-13T22:50:18.276Z","sell"
"0.00002559","34297071.00000000","2024-06-13T22:50:07.337Z","buy"
"0.00002562","4849516.00000000","2024-06-13T22:49:56.892Z","sell"
"0.00002562","76293.00000000","2024-06-13T22:49:55.630Z","sell"
"0.00002562","190320.00000000","2024-06-13T22:49:50.282Z","sell"
"0.00002561","49200.00000000","2024-06-13T22:49:45.705Z","buy"
"0.00002561","986328.00000000","2024-06-13T22:49:44.996Z","buy"
"0.00002561","258602.00000000","2024-06-13T22:49:44.736Z","sell"
"0.00002561","1707662.00000000","2024-06-13T22:49:35.922Z","buy"
"0.00002561","382011.00000000","2024-06-13T22:49:35.922Z","buy"
"0.00002562","1855187.00000000","2024-06-13T22:49:34.440Z","sell"
"0.00002562","378279.00000000","2024-06-13T22:49:34.045Z","sell"
"0.00002562","232055.00000000","2024-06-13T22:49:28.351Z","sell"
"0.00002561","20729041.00000000","2024-06-13T22:49:27.152Z","buy"
"0.00002561","13358977.00000000","2024-06-13T22:49:27.097Z","buy"
"0.00002562","258501.00000000","2024-06-13T22:49:26.887Z","buy"
"0.00002563","113279633.00000000","2024-06-13T22:49:26.872Z","buy"
"0.00002563","9756000.00000000","2024-06-13T22:49:26.304Z","buy"
"0.00002563","9756000.00000000","2024-06-13T22:49:25.876Z","buy"
"0.00002563","11600000.00000000","2024-06-13T22:49:25.656Z","buy"
"0.00002563","9755978.00000000","2024-06-13T22:49:23.589Z","buy"
"0.00002563","9755978.00000000","2024-06-13T22:49:23.438Z","buy"
"0.00002563","9756000.00000000","2024-06-13T22:49:20.633Z","buy"
"0.00002563","87636281.00000000","2024-06-13T22:49:20.571Z","buy"
"0.00002563","3276000.00000000","2024-06-13T22:49:20.173Z","buy"
"0.00002564","3307024.00000000","2024-06-13T22:49:03.224Z","sell"
"0.00002564","969317.00000000","2024-06-13T22:49:00.180Z","sell"
"0.00002563","210110689.00000000","2024-06-13T22:48:58.485Z","buy"
"0.00002563","120000000.00000000","2024-06-13T22:48:58.447Z","buy"
"0.00002563","30000000.00000000","2024-06-13T22:48:58.447Z","buy"
"0.00002563","150042578.00000000","2024-06-13T22:48:58.446Z","buy"
"0.00002563","117115357.00000000","2024-06-13T22:48:58.441Z","buy"
"0.00002563","32914376.00000000","2024-06-13T22:48:58.284Z","buy"
"0.00002563","23224952.00000000","2024-06-13T22:48:58.272Z","sell"
"0.00002563","9754194.00000000","2024-06-13T22:48:58.272Z","sell"
"0.00002563","48453422.00000000","2024-06-13T22:48:58.272Z","sell"
"0.00002562","1109914.00000000","2024-06-13T22:48:52.351Z","buy"
"0.00002563","9551578.00000000","2024-06-13T22:48:47.956Z","sell"
"0.00002563","9754194.00000000","2024-06-13T22:48:47.956Z","sell"
"0.00002563","14079463.00000000","2024-06-13T22:48:46.701Z","buy"
"0.00002563","37634627.00000000","2024-06-13T22:48:46.695Z","buy"
"0.00002563","9754194.00000000","2024-06-13T22:48:46.690Z","sell"
"0.00002563","26649444.00000000","2024-06-13T22:48:46.690Z","sell"
"0.00002563","268661.00000000","2024-06-13T22:48:46.690Z","sell"
"0.00002563","48199153.00000000","2024-06-13T22:48:46.690Z","sell"
"0.00002563","385965.00000000","2024-06-13T22:48:45.833Z","sell"
"0.00002562","1216639.00000000","2024-06-13T22:48:43.822Z","buy"
"0.00002564","268678.00000000","2024-06-13T22:48:38.614Z","buy"
"0.00002564","25955882.00000000","2024-06-13T22:48:38.614Z","buy"
"0.00002562","27233922.00000000","2024-06-13T22:48:31.036Z","sell"
"0.00002562","7562067.00000000","2024-06-13T22:48:31.027Z","sell"
"0.00002562","29488082.00000000","2024-06-13T22:48:31.027Z","sell"
"0.00002561","266963.00000000","2024-06-13T22:48:20.101Z","sell"
"0.00002561","21748842.00000000","2024-06-13T22:48:19.516Z","sell"
"0.00002561","39041806.00000000","2024-06-13T22:48:19.510Z","buy"
"0.00002561","3157541.00000000","2024-06-13T22:48:19.510Z","buy"
"0.00002561","6604270.00000000","2024-06-13T22:48:19.507Z","buy"
"0.00002561","39037192.00000000","2024-06-13T22:48:19.507Z","buy"
"0.00002562","18965340.00000000","2024-06-13T22:48:16.428Z","sell"
"0.00002562","39032006.00000000","2024-06-13T22:48:07.975Z","buy"
"0.00002562","266936.00000000","2024-06-13T22:48:07.975Z","buy"
"0.00002562","39032006.00000000","2024-06-13T22:48:07.975Z","buy"
"0.00002562","9758001.00000000","2024-06-13T22:48:07.975Z","buy"
"0.00002562","39032006.00000000","2024-06-13T22:47:59.385Z","buy"
"0.00002562","9404139.00000000","2024-06-13T22:47:59.385Z","buy"
"0.00002562","236534.00000000","2024-06-13T22:47:59.253Z","buy"
"0.00002562","117328.00000000","2024-06-13T22:47:59.158Z","buy"
"0.00002562","4097624.00000000","2024-06-13T22:47:50.622Z","sell"
"0.00002561","5330310.00000000","2024-06-13T22:47:49.739Z","buy"
"0.00002561","9761811.00000000","2024-06-13T22:47:41.167Z","buy"
"0.00002560","9765625.00000000","2024-06-13T22:47:40.421Z","sell"
"0.00002560","6398437.00000000","2024-06-13T22:47:40.291Z","buy"
"0.00002562","773298570.00000000","2024-06-13T22:47:40.280Z","sell"
"0.00002562","58550401.00000000","2024-06-13T22:47:40.280Z","sell"
"0.00002562","44231298.00000000","2024-06-13T22:47:40.280Z","sell"
"0.00002562","50244581.00000000","2024-06-13T22:47:40.280Z","sell"
"0.00002562","28655576.00000000","2024-06-13T22:47:40.280Z","sell"
"0.00002562","51789732.00000000","2024-06-13T22:47:40.280Z","sell"
"0.00002562","8923863.00000000","2024-06-13T22:47:40.280Z","sell"
"0.00002562","10465501.00000000","2024-06-13T22:47:40.280Z","sell"
"0.00002562","10598475.00000000","2024-06-13T22:47:40.280Z","sell"
"0.00002562","11406179.00000000","2024-06-13T22:47:40.280Z","sell"
"0.00002562","48453422.00000000","2024-06-13T22:47:40.280Z","sell"
"0.00002562","48585118.00000000","2024-06-13T22:47:40.280Z","sell"
"0.00002561","58585016.00000000","2024-06-13T22:47:40.280Z","sell"
"0.00002561","54040000.00000000","2024-06-13T22:47:40.280Z","sell"
"0.00002561","65221657.00000000","2024-06-13T22:47:40.280Z","sell"
"0.00002561","28655576.00000000","2024-06-13T22:47:40.280Z","sell"
"0.00002561","39047247.00000000","2024-06-13T22:47:40.280Z","sell"
"0.00002561","87567754.00000000","2024-06-13T22:47:40.280Z","sell"
"0.00002561","33621493.00000000","2024-06-13T22:47:40.280Z","sell"
"0.00002561","49433811.00000000","2024-06-13T22:47:40.280Z","sell"
"0.00002561","11618037.00000000","2024-06-13T22:47:40.280Z","sell"
"0.00002561","48453422.00000000","2024-06-13T22:47:40.280Z","sell"
"0.00002561","48585118.00000000","2024-06-13T22:47:40.280Z","sell"
"0.00002560","9767817.00000000","2024-06-13T22:47:40.280Z","sell"
"0.00002560","65333345.00000000","2024-06-13T22:47:40.280Z","sell"
"0.00002560","34686085.00000000","2024-06-13T22:47:40.280Z","sell"
"0.00002560","39062500.00000000","2024-06-13T22:47:40.280Z","sell"
"0.00002560","25901721.00000000","2024-06-13T22:47:40.280Z","sell"
"0.00002560","28655576.00000000","2024-06-13T22:47:40.280Z","sell"
"0.00002560","45697026.00000000","2024-06-13T22:47:40.280Z","sell"
"0.00002560","13289278.00000000","2024-06-13T22:47:40.280Z","sell"
"0.00002560","43184196.00000000","2024-06-13T22:47:40.280Z","sell"
"0.00002559","8530927.00000000","2024-06-13T22:47:37.729Z","sell"
"0.00002559","27344910.00000000","2024-06-13T22:47:37.729Z","sell"
"0.00002559","21240208.00000000","2024-06-13T22:47:36.484Z","sell"
"0.00002560","5400922.00000000","2024-06-13T22:47:28.990Z","sell"
"0.00002559","37690694.00000000","2024-06-13T22:47:25.829Z","sell"
"0.00002559","269619.00000000","2024-06-13T22:47:25.829Z","sell"
"0.00002558","4947948.00000000","2024-06-13T22:47:22.192Z","buy"
"0.00002559","3868699.00000000","2024-06-13T22:47:19.449Z","sell"
"0.00002559","3721101.00000000","2024-06-13T22:47:16.727Z","sell"
"0.00002559","15908267.00000000","2024-06-13T22:47:16.131Z","sell"
"0.00002559","48585118.00000000","2024-06-13T22:47:16.131Z","sell"
"0.00002559","28661278.00000000","2024-06-13T22:47:13.632Z","buy"
"0.00002559","10416486.00000000","2024-06-13T22:47:13.631Z","buy"
"0.00002559","9766470.00000000","2024-06-13T22:47:13.631Z","buy"
"0.00002559","39068783.00000000","2024-06-13T22:47:13.631Z","buy"
"0.00002559","264384.00000000","2024-06-13T22:47:13.631Z","buy"
"0.00002559","38558300.00000000","2024-06-13T22:47:13.631Z","buy"
"0.00002559","62398169.00000000","2024-06-13T22:47:13.631Z","buy"
"0.00002559","61381.00000000","2024-06-13T22:47:09.434Z","buy"
"0.00002560","9765625.00000000","2024-06-13T22:46:58.024Z","buy"
"0.00002560","18458301.00000000","2024-06-13T22:46:55.165Z","buy"
"0.00002560","787863.00000000","2024-06-13T22:46:50.980Z","sell"
"0.00002560","22759208.00000000","2024-06-13T22:46:50.980Z","sell"
"0.00002560","264378.00000000","2024-06-13T22:46:48.744Z","buy"
"0.00002560","39055273.00000000","2024-06-13T22:46:48.735Z","buy"
"0.00002560","264388.00000000","2024-06-13T22:46:48.735Z","buy"
"0.00002560","9763178.00000000","2024-06-13T22:46:48.725Z","buy"
"0.00002560","264388.00000000","2024-06-13T22:46:48.725Z","buy"
"0.00002560","39062500.00000000","2024-06-13T22:46:48.725Z","buy"
"0.00002560","39062500.00000000","2024-06-13T22:46:48.725Z","buy"
"0.00002561","39047247.00000000","2024-06-13T22:46:46.952Z","buy"
"0.00002561","9761811.00000000","2024-06-13T22:46:46.952Z","buy"
"0.00002560","264087.00000000","2024-06-13T22:46:45.463Z","sell"
"0.00002560","47414093.00000000","2024-06-13T22:46:45.463Z","sell"
"0.00002560","1171025.00000000","2024-06-13T22:46:44.407Z","sell"
"0.00002560","9761977.00000000","2024-06-13T22:46:44.162Z","buy"
"0.00002560","39053473.00000000","2024-06-13T22:46:44.162Z","buy"
"0.00002561","648523.00000000","2024-06-13T22:46:41.697Z","sell"
"0.00002561","39047247.00000000","2024-06-13T22:46:39.051Z","buy"
"0.00002561","9761811.00000000","2024-06-13T22:46:39.051Z","buy"
"0.00002561","10025014.00000000","2024-06-13T22:46:31.633Z","buy"
"0.00002561","9760875.00000000","2024-06-13T22:46:31.632Z","buy"
"0.00002561","264139.00000000","2024-06-13T22:46:31.632Z","buy"
"0.00002562","6398437.00000000","2024-06-13T22:46:31.389Z","buy"
"0.00002562","46948684.00000000","2024-06-13T22:46:31.374Z","sell"
"0.00002562","11607157.00000000","2024-06-13T22:46:31.374Z","sell"
"0.00002562","40000000.00000000","2024-06-13T22:46:31.374Z","sell"
"0.00002562","80000000.00000000","2024-06-13T22:46:31.374Z","sell"
"0.00002562","36591695.00000000","2024-06-13T22:46:31.374Z","sell"
"0.00002562","13374223.00000000","2024-06-13T22:46:31.374Z","sell"
"0.00002562","84206847.00000000","2024-06-13T22:46:31.373Z","sell"
"0.00002561","66600687.00000000","2024-06-13T22:46:31.366Z","sell"
"0.00002561","54100000.00000000","2024-06-13T22:46:31.366Z","sell"
"0.00002561","10188544.00000000","2024-06-13T22:46:31.366Z","sell"
"0.00002561","34751539.00000000","2024-06-13T22:46:31.366Z","sell"
"0.00002561","28655576.00000000","2024-06-13T22:46:31.366Z","sell"
"0.00002561","24804971.00000000","2024-06-13T22:46:31.366Z","sell"
"0.00002561","58578696.00000000","2024-06-13T22:46:31.366Z","sell"
"0.00002560","22639455.00000000","2024-06-13T22:46:31.366Z","sell"
"0.00002560","39066029.00000000","2024-06-13T22:46:31.366Z","sell"
"0.00002560","9767771.00000000","2024-06-13T22:46:31.366Z","sell"
"0.00002560","39071618.00000000","2024-06-13T22:46:31.366Z","sell"
"0.00002560","22614985.00000000","2024-06-13T22:46:31.366Z","sell"
"0.00002560","28655576.00000000","2024-06-13T22:46:31.366Z","sell"
"0.00002560","48404020.00000000","2024-06-13T22:46:31.366Z","sell"
"0.00002560","181098.00000000","2024-06-13T22:46:29.666Z","sell"
"0.00002559","38717484.00000000","2024-06-13T22:46:25.103Z","sell"
"0.00002559","360280.00000000","2024-06-13T22:46:25.103Z","sell"
"0.00002559","9769441.00000000","2024-06-13T22:46:25.103Z","sell"
"0.00002559","28438473.00000000","2024-06-13T22:46:25.100Z","sell"
"0.00002559","306652.00000000","2024-06-13T22:46:17.586Z","sell"
"0.00002559","1601563.00000000","2024-06-13T22:46:15.416Z","buy"
"0.00002558","1047134.00000000","2024-06-13T22:46:04.516Z","sell"
"0.00002558","8729703.00000000","2024-06-13T22:46:04.515Z","sell"
"0.00002558","38242948.00000000","2024-06-13T22:46:04.515Z","sell"
"0.00002558","8436581.00000000","2024-06-13T22:46:04.514Z","sell"
"0.00002558","3183682.00000000","2024-06-13T22:46:04.514Z","sell"
"0.00002558","1050373.00000000","2024-06-13T22:46:04.513Z","sell"
"0.00002558","27519125.00000000","2024-06-13T22:46:04.513Z","sell"
"0.00002558","13641669.00000000","2024-06-13T22:46:04.511Z","sell"
"0.00002558","7424324.00000000","2024-06-13T22:46:04.510Z","sell"
"0.00002557","23842847.00000000","2024-06-13T22:46:03.140Z","sell"
"0.00002557","24742271.00000000","2024-06-13T22:46:03.137Z","sell"
"0.00002556","10531559.00000000","2024-06-13T22:46:00.679Z","sell"
"0.00002556","5720977.00000000","2024-06-13T22:46:00.623Z","sell"
"0.00002556","19676945.00000000","2024-06-13T22:46:00.623Z","sell"
"0.00002554","258911.00000000","2024-06-13T22:45:56.101Z","sell"
"0.00002553","258868.00000000","2024-06-13T22:45:54.122Z","buy"
"0.00002554","1862457.00000000","2024-06-13T22:45:52.401Z","sell"
"0.00002552","263163.00000000","2024-06-13T22:45:45.998Z","sell"
"0.00002552","12050968.00000000","2024-06-13T22:45:45.995Z","sell"
"0.00002552","9793364.00000000","2024-06-13T22:45:43.122Z","buy"
"0.00002553","263145.00000000","2024-06-13T22:45:38.034Z","buy"
"0.00002553","4252217.00000000","2024-06-13T22:45:33.169Z","buy"
"0.00002553","26446926.00000000","2024-06-13T22:45:32.585Z","sell"
"0.00002553","7591907.00000000","2024-06-13T22:45:32.584Z","sell"
"0.00002553","16661968.00000000","2024-06-13T22:45:32.580Z","sell"
"0.00002552","7106553.00000000","2024-06-13T22:45:22.375Z","sell"
"0.00002552","2692822.00000000","2024-06-13T22:45:22.374Z","sell"
"0.00002552","37307178.00000000","2024-06-13T22:45:22.374Z","sell"
"0.00002552","1888614.00000000","2024-06-13T22:45:22.374Z","sell"
"0.00002552","18111386.00000000","2024-06-13T22:45:22.374Z","sell"
"0.00002552","10000000.00000000","2024-06-13T22:45:22.373Z","sell"
"0.00002552","11081199.00000000","2024-06-13T22:45:22.373Z","sell"
"0.00002552","9846821.00000000","2024-06-13T22:45:22.369Z","sell"
"0.00002552","37712882.00000000","2024-06-13T22:45:22.369Z","sell"
"0.00002552","10872236.00000000","2024-06-13T22:45:22.367Z","sell"
"0.00002551","39200313.00000000","2024-06-13T22:45:16.055Z","sell"
"0.00002551","264944.00000000","2024-06-13T22:45:16.055Z","sell"
"0.00002551","9802391.00000000","2024-06-13T22:45:16.055Z","sell"
"0.00002551","11152921.00000000","2024-06-13T22:45:13.519Z","sell"
"0.00002550","12625826.00000000","2024-06-13T22:45:10.308Z","buy"
"0.00002550","46196758.00000000","2024-06-13T22:45:10.305Z","buy"
"0.00002550","35053590.00000000","2024-06-13T22:45:10.305Z","buy"
"0.00002550","10188544.00000000","2024-06-13T22:45:10.305Z","buy"
"0.00002550","58822584.00000000","2024-06-13T22:45:10.305Z","buy"
"0.00002550","67959168.00000000","2024-06-13T22:45:10.305Z","buy"
"0.00002550","28655576.00000000","2024-06-13T22:45:10.305Z","buy"
"0.00002550","7823529.00000000","2024-06-13T22:45:10.305Z","buy"
"0.00002551","9796505.00000000","2024-06-13T22:45:10.299Z","buy"
"0.00002551","39192679.00000000","2024-06-13T22:45:10.299Z","buy"
"0.00002551","2218426.00000000","2024-06-13T22:45:10.299Z","buy"
"0.00002551","39192993.00000000","2024-06-13T22:45:10.299Z","buy"
"0.00002551","28655576.00000000","2024-06-13T22:45:10.299Z","buy"
"0.00002551","24023906.00000000","2024-06-13T22:45:10.299Z","buy"
"0.00002552","112233.00000000","2024-06-13T22:45:08.414Z","buy"
"0.00002552","264921.00000000","2024-06-13T22:45:08.414Z","buy"
"0.00002552","21652696.00000000","2024-06-13T22:45:05.902Z","sell"
"0.00002552","9796238.00000000","2024-06-13T22:45:05.902Z","sell"
"0.00002552","267244.00000000","2024-06-13T22:45:05.902Z","sell"
"0.00002552","39174405.00000000","2024-06-13T22:45:03.825Z","buy"
"0.00002552","22094002.00000000","2024-06-13T22:45:03.825Z","buy"
"0.00002552","58775659.00000000","2024-06-13T22:45:03.825Z","buy"
"0.00002552","35367553.00000000","2024-06-13T22:45:03.825Z","buy"
"0.00002552","28655576.00000000","2024-06-13T22:45:03.825Z","buy"
"0.00002552","80000000.00000000","2024-06-13T22:45:03.825Z","buy"
"0.00002552","10188544.00000000","2024-06-13T22:45:03.825Z","buy"
"0.00002553","39169604.00000000","2024-06-13T22:45:03.825Z","buy"
"0.00002553","9791471.00000000","2024-06-13T22:45:03.825Z","buy"
"0.00002553","22372395.00000000","2024-06-13T22:45:03.825Z","buy"
"0.00002554","264624.00000000","2024-06-13T22:45:02.689Z","buy"
"0.00002554","9788566.00000000","2024-06-13T22:45:02.689Z","buy"
"0.00002555","455571.00000000","2024-06-13T22:45:02.330Z","sell"
"0.00002554","9792209.00000000","2024-06-13T22:45:01.925Z","sell"
"0.00002554","29257625.00000000","2024-06-13T22:45:01.925Z","sell"
"0.00002554","9903472.00000000","2024-06-13T22:45:01.925Z","sell"
"0.00002554","2848899.00000000","2024-06-13T22:45:01.925Z","sell"
"0.00002554","36305368.00000000","2024-06-13T22:45:01.924Z","sell"
"0.00002554","13040479.00000000","2024-06-13T22:45:01.923Z","sell"
"0.00002554","34914149.00000000","2024-06-13T22:45:01.923Z","sell"
"0.00002554","1614981.00000000","2024-06-13T22:45:01.923Z","sell"
"0.00002554","15444473.00000000","2024-06-13T22:45:01.922Z","sell"
"0.00002554","30466852.00000000","2024-06-13T22:45:01.921Z","sell"
"0.00002553","526680.00000000","2024-06-13T22:45:01.779Z","sell"
"0.00002553","899725.00000000","2024-06-13T22:45:01.108Z","buy"
"0.00002554","19554.00000000","2024-06-13T22:44:56.860Z","sell"
"0.00002554","190822.00000000","2024-06-13T22:44:56.313Z","sell"
"0.00002554","387476.00000000","2024-06-13T22:44:51.384Z","sell"
"0.00002554","421856.00000000","2024-06-13T22:44:51.123Z","sell"
"0.00002554","39104.00000000","2024-06-13T22:44:43.326Z","sell"
"0.00002553","17135138.00000000","2024-06-13T22:44:42.978Z","buy"
"0.00002554","35413001.00000000","2024-06-13T22:44:42.978Z","buy"
"0.00002555","264410.00000000","2024-06-13T22:44:38.564Z","buy"
"0.00002555","39138943.00000000","2024-06-13T22:44:38.559Z","buy"
"0.00002555","21388500.00000000","2024-06-13T22:44:38.552Z","sell"
"0.00002555","28655576.00000000","2024-06-13T22:44:38.550Z","buy"
"0.00002555","39130402.00000000","2024-06-13T22:44:38.550Z","buy"
"0.00002555","22406415.00000000","2024-06-13T22:44:38.550Z","buy"
"0.00002555","1000000.00000000","2024-06-13T22:44:38.550Z","buy"
"0.00002556","38240143.00000000","2024-06-13T22:44:38.545Z","buy"
"0.00002556","883487.00000000","2024-06-13T22:44:38.545Z","buy"
"0.00002556","264609.00000000","2024-06-13T22:44:38.545Z","buy"
"0.00002556","39123630.00000000","2024-06-13T22:44:38.545Z","buy"
"0.00002556","7757243.00000000","2024-06-13T22:44:38.545Z","buy"
"0.00002556","2023664.00000000","2024-06-13T22:44:38.109Z","buy"
"0.00002556","295040.00000000","2024-06-13T22:44:29.776Z","sell"
"0.00002556","4158009.00000000","2024-06-13T22:44:21.482Z","sell"
"0.00002556","3728380.00000000","2024-06-13T22:44:19.709Z","sell"
"0.00002556","307265.00000000","2024-06-13T22:44:19.103Z","sell"
"0.00002556","286551.00000000","2024-06-13T22:44:18.940Z","buy"
"0.00002556","30872719.00000000","2024-06-13T22:44:18.940Z","buy"
"0.00002556","200000000.00000000","2024-06-13T22:44:18.936Z","buy"
"0.00002556","252945459.00000000","2024-06-13T22:44:18.936Z","buy"
"0.00002556","29679803.00000000","2024-06-13T22:44:18.932Z","buy"
"0.00002556","58924919.00000000","2024-06-13T22:44:17.229Z","buy"
"0.00002556","29103222.00000000","2024-06-13T22:44:11.724Z","sell"
"0.00002556","9780907.00000000","2024-06-13T22:44:11.724Z","sell"
"0.00002556","20040790.00000000","2024-06-13T22:44:11.724Z","sell"
"0.00002556","28544328.00000000","2024-06-13T22:44:11.720Z","sell"
"0.00002556","1135475.00000000","2024-06-13T22:44:11.720Z","sell"
"0.00002557","2369975.00000000","2024-06-13T22:43:53.604Z","sell"
"0.00002557","286699.00000000","2024-06-13T22:43:49.252Z","buy"
"0.00002557","286699.00000000","2024-06-13T22:43:49.197Z","buy"
"0.00002557","28655576.00000000","2024-06-13T22:43:49.197Z","buy"
"0.00002558","286658.00000000","2024-06-13T22:43:48.992Z","buy"
"0.00002558","10733932.00000000","2024-06-13T22:43:48.944Z","buy"
"0.00002558","56933720.00000000","2024-06-13T22:43:48.938Z","buy"
"0.00002558","28655576.00000000","2024-06-13T22:43:48.938Z","buy"
"0.00002558","286166.00000000","2024-06-13T22:43:48.938Z","buy"
"0.00002559","27732.00000000","2024-06-13T22:43:39.721Z","sell"
"0.00002559","8471436.00000000","2024-06-13T22:43:37.873Z","sell"
"0.00002559","10872058.00000000","2024-06-13T22:43:37.873Z","sell"
"0.00002559","28205706.00000000","2024-06-13T22:43:27.083Z","sell"
"0.00002559","9769441.00000000","2024-06-13T22:43:27.083Z","sell"
"0.00002559","1581843.00000000","2024-06-13T22:43:18.104Z","sell"
"0.00002559","71479.00000000","2024-06-13T22:43:16.774Z","sell"
"0.00002557","68912.00000000","2024-06-13T22:43:09.485Z","buy"
"0.00002558","1859542.00000000","2024-06-13T22:43:08.382Z","sell"
"0.00002558","11796718.00000000","2024-06-13T22:43:04.716Z","sell"
"0.00002557","31219814.00000000","2024-06-13T22:43:04.338Z","buy"
"0.00002557","8780186.00000000","2024-06-13T22:43:04.318Z","buy"
"0.00002557","40442739.00000000","2024-06-13T22:43:04.307Z","buy"
"0.00002557","39120263.00000000","2024-06-13T22:43:04.292Z","sell"
"0.00002557","39121259.00000000","2024-06-13T22:43:04.292Z","sell"
"0.00002557","67666365.00000000","2024-06-13T22:43:04.292Z","sell"
"0.00002556","30032905.00000000","2024-06-13T22:43:04.280Z","sell"
"0.00002556","9090725.00000000","2024-06-13T22:43:04.279Z","sell"
"0.00002556","9780907.00000000","2024-06-13T22:43:04.279Z","sell"
"0.00002556","30394734.00000000","2024-06-13T22:43:04.279Z","sell"
"0.00002556","18190384.00000000","2024-06-13T22:43:03.228Z","sell"
"0.00002555","6576191.00000000","2024-06-13T22:43:00.090Z","sell"
"0.00002555","1203809.00000000","2024-06-13T22:42:55.038Z","sell"
"0.00002555","325642.00000000","2024-06-13T22:42:55.038Z","sell"
"0.00002555","2162667.00000000","2024-06-13T22:42:38.627Z","sell"
"0.00002555","41257149.00000000","2024-06-13T22:42:38.268Z","sell"
"0.00002555","48453422.00000000","2024-06-13T22:42:38.268Z","sell"
"0.00002555","9781075.00000000","2024-06-13T22:42:33.902Z","buy"
"0.00002555","36037079.00000000","2024-06-13T22:42:33.902Z","buy"
"0.00002556","39625.00000000","2024-06-13T22:42:33.105Z","buy"
"0.00002557","5820252.00000000","2024-06-13T22:42:22.096Z","sell"
"0.00002557","2322127.00000000","2024-06-13T22:42:20.712Z","sell"
"0.00002557","7740422.00000000","2024-06-13T22:42:20.223Z","sell"
"0.00002557","285897.00000000","2024-06-13T22:42:18.130Z","buy"
"0.00002558","190599.00000000","2024-06-13T22:42:16.360Z","sell"
"0.00002558","75840.00000000","2024-06-13T22:42:10.692Z","sell"
"0.00002558","4214.00000000","2024-06-13T22:42:09.994Z","sell"
"0.00002558","561787.00000000","2024-06-13T22:42:09.311Z","sell"
"0.00002558","9140010.00000000","2024-06-13T22:42:08.703Z","sell"
"0.00002557","39108330.00000000","2024-06-13T22:42:06.103Z","sell"
"0.00002557","9777082.00000000","2024-06-13T22:42:06.103Z","sell"
"0.00002557","337513.00000000","2024-06-13T22:42:06.103Z","sell"
"0.00002557","387021.00000000","2024-06-13T22:41:54.768Z","sell"
"0.00002558","1946086.00000000","2024-06-13T22:41:50.058Z","sell"
"0.00002558","1162500.00000000","2024-06-13T22:41:45.197Z","sell"
"0.00002556","3174753.00000000","2024-06-13T22:41:29.709Z","buy"
"0.00002556","39116947.00000000","2024-06-13T22:41:29.709Z","buy"
"0.00002556","36662149.00000000","2024-06-13T22:41:29.709Z","buy"
"0.00002556","28655576.00000000","2024-06-13T22:41:29.709Z","buy"
"0.00002557","286168.00000000","2024-06-13T22:41:29.709Z","buy"
"0.00002557","9774013.00000000","2024-06-13T22:41:29.709Z","buy"
"0.00002557","39099360.00000000","2024-06-13T22:41:29.709Z","buy"
"0.00002557","39099626.00000000","2024-06-13T22:41:29.709Z","buy"
"0.00002557","28655576.00000000","2024-06-13T22:41:29.709Z","buy"
"0.00002557","24837956.00000000","2024-06-13T22:41:29.709Z","buy"
"0.00002559","3725465.00000000","2024-06-13T22:41:20.784Z","sell"
"0.00002559","374343.00000000","2024-06-13T22:41:18.889Z","sell"
"0.00002558","49276.00000000","2024-06-13T22:41:14.521Z","buy"
"0.00002559","189642.00000000","2024-06-13T22:41:13.870Z","sell"
"0.00002559","36251579.00000000","2024-06-13T22:41:13.500Z","sell"
"0.00002559","6567734.00000000","2024-06-13T22:41:13.500Z","sell"
"0.00002559","11502291.00000000","2024-06-13T22:41:13.500Z","sell"
"0.00002559","38835710.00000000","2024-06-13T22:41:13.500Z","sell"
"0.00002559","3181674.00000000","2024-06-13T22:41:09.552Z","sell"
"0.00002558","542335.00000000","2024-06-13T22:41:09.552Z","sell"
"0.00002557","1086703.00000000","2024-06-13T22:41:01.844Z","buy"
"0.00002557","9774150.00000000","2024-06-13T22:40:46.444Z","buy"
"0.00002557","9774150.00000000","2024-06-13T22:40:46.280Z","buy"
"0.00002557","272483.00000000","2024-06-13T22:40:46.280Z","buy"
"0.00002557","39099538.00000000","2024-06-13T22:40:46.131Z","buy"
"0.00002557","23136467.00000000","2024-06-13T22:40:46.131Z","buy"
"0.00002557","23099419.00000000","2024-06-13T22:40:46.131Z","buy"
"0.00002557","24249740.00000000","2024-06-13T22:40:46.131Z","buy"
"0.00002557","67403688.00000000","2024-06-13T22:40:46.131Z","buy"
"0.00002558","13017110.00000000","2024-06-13T22:40:46.127Z","buy"
"0.00002558","26075931.00000000","2024-06-13T22:40:46.127Z","buy"
"0.00002558","39093041.00000000","2024-06-13T22:40:46.127Z","buy"
"0.00002558","6153829.00000000","2024-06-13T22:40:46.127Z","buy"
"0.00002558","3619431.00000000","2024-06-13T22:40:46.126Z","buy"
"0.00002558","272583.00000000","2024-06-13T22:40:46.126Z","buy"
"0.00002559","4624321.00000000","2024-06-13T22:40:46.033Z","sell"
"0.00002559","1943413.00000000","2024-06-13T22:40:45.161Z","sell"
"0.00002560","3450554.00000000","2024-06-13T22:40:38.753Z","sell"
"0.00002559","272001.00000000","2024-06-13T22:40:38.753Z","sell"
"0.00002559","23925295.00000000","2024-06-13T22:40:32.327Z","sell"
"0.00002559","39077764.00000000","2024-06-13T22:40:32.321Z","buy"
"0.00002559","39077764.00000000","2024-06-13T22:40:32.321Z","buy"
"0.00002559","9769441.00000000","2024-06-13T22:40:32.321Z","buy"
"0.00002559","37018077.00000000","2024-06-13T22:40:32.321Z","buy"
"0.00002560","5745377.00000000","2024-06-13T22:40:20.316Z","buy"
"0.00002561","272171.00000000","2024-06-13T22:40:20.316Z","buy"
"0.00002560","6699000.00000000","2024-06-13T22:40:17.650Z","buy"
"0.00002560","255196.00000000","2024-06-13T22:40:17.475Z","sell"
"0.00002560","189210.00000000","2024-06-13T22:40:16.993Z","sell"
"0.00002560","39078.00000000","2024-06-13T22:40:10.932Z","sell"
"0.00002559","1460907.00000000","2024-06-13T22:40:06.212Z","buy"
"0.00002559","1600107.00000000","2024-06-13T22:40:05.886Z","buy"
"0.00002559","291301.00000000","2024-06-13T22:40:05.886Z","buy"
"0.00002560","8567063.00000000","2024-06-13T22:40:02.106Z","sell"
"0.00002560","27013136.00000000","2024-06-13T22:40:02.055Z","sell"
"0.00002559","549477.00000000","2024-06-13T22:40:00.894Z","sell"
"0.00002559","19147376.00000000","2024-06-13T22:40:00.894Z","sell"
"0.00002559","1855912.00000000","2024-06-13T22:39:55.975Z","sell"
"0.00002558","1848401.00000000","2024-06-13T22:39:44.871Z","buy"
"0.00002558","20472242.00000000","2024-06-13T22:39:44.871Z","buy"
"0.00002559","3722555.00000000","2024-06-13T22:39:39.054Z","sell"
"0.00002559","42064.00000000","2024-06-13T22:39:38.054Z","sell"
"0.00002558","950963.00000000","2024-06-13T22:39:36.452Z","buy"
"0.00002559","39077764.00000000","2024-06-13T22:39:35.960Z","buy"
"0.00002559","39077764.00000000","2024-06-13T22:39:35.960Z","buy"
"0.00002559","22598914.00000000","2024-06-13T22:39:35.960Z","buy"
"0.00002559","16478850.00000000","2024-06-13T22:39:35.953Z","buy"
"0.00002559","8402438.00000000","2024-06-13T22:39:35.953Z","buy"
"0.00002560","7655761.00000000","2024-06-13T22:39:35.938Z","buy"
"0.00002561","1856637.00000000","2024-06-13T22:39:35.215Z","sell"
"0.00002560","348434.00000000","2024-06-13T22:39:33.805Z","sell"
"0.00002559","1367003.00000000","2024-06-13T22:39:22.958Z","buy"
"0.00002558","1210938.00000000","2024-06-13T22:39:01.165Z","buy"
"0.00002559","299952.00000000","2024-06-13T22:39:00.257Z","buy"
"0.00002559","300030.00000000","2024-06-13T22:39:00.163Z","buy"
"0.00002559","300427.00000000","2024-06-13T22:38:58.837Z","buy"
"0.00002559","39065535.00000000","2024-06-13T22:38:58.837Z","buy"
"0.00002559","9765757.00000000","2024-06-13T22:38:58.837Z","buy"
"0.00002559","302238.00000000","2024-06-13T22:38:44.225Z","sell"
"0.00002560","3825098.00000000","2024-06-13T22:38:40.507Z","sell"
"0.00002559","3160838.00000000","2024-06-13T22:38:39.987Z","buy"
"0.00002559","58877938.00000000","2024-06-13T22:38:39.987Z","buy"
"0.00002559","4428000.00000000","2024-06-13T22:38:39.198Z","buy"
"0.00002560","9762311.00000000","2024-06-13T22:38:38.716Z","buy"
"0.00002561","302283.00000000","2024-06-13T22:38:37.358Z","buy"
"0.00002562","1702279.00000000","2024-06-13T22:38:28.920Z","sell"
"0.00002561","297721.00000000","2024-06-13T22:38:28.920Z","sell"
"0.00002562","1854464.00000000","2024-06-13T22:38:19.408Z","sell"
"0.00002562","297717.00000000","2024-06-13T22:38:17.885Z","buy"
"0.00002563","49928.00000000","2024-06-13T22:38:15.484Z","sell"
"0.00002562","298098.00000000","2024-06-13T22:38:15.484Z","sell"
"0.00002562","990254.00000000","2024-06-13T22:38:11.876Z","sell"
"0.00002563","5779380.00000000","2024-06-13T22:38:06.906Z","sell"
"0.00002563","15064294.00000000","2024-06-13T22:38:06.906Z","sell"
"0.00002563","15574414.00000000","2024-06-13T22:38:06.906Z","sell"
"0.00002563","10222480.00000000","2024-06-13T22:38:06.906Z","sell"
"0.00002563","48585118.00000000","2024-06-13T22:38:06.906Z","sell"
"0.00002561","3892014.00000000","2024-06-13T22:38:05.128Z","buy"
"0.00002562","298085.00000000","2024-06-13T22:38:05.128Z","buy"
"0.00002562","85308.00000000","2024-06-13T22:38:01.416Z","buy"
"0.00002561","5599838.00000000","2024-06-13T22:38:00.374Z","buy"
"0.00002561","1851660.00000000","2024-06-13T22:37:44.745Z","sell"
"0.00002560","299399.00000000","2024-06-13T22:37:43.211Z","sell"
"0.00002560","9765625.00000000","2024-06-13T22:37:36.614Z","buy"
"0.00002559","2068714.00000000","2024-06-13T22:37:24.728Z","buy"
"0.00002560","299399.00000000","2024-06-13T22:37:24.728Z","buy"
"0.00002559","1353659.00000000","2024-06-13T22:37:20.616Z","sell"
"0.00002559","37724105.00000000","2024-06-13T22:37:20.616Z","sell"
"0.00002559","2922197.00000000","2024-06-13T22:37:20.616Z","sell"
"0.00002559","6847244.00000000","2024-06-13T22:37:20.615Z","sell"
"0.00002559","299385.00000000","2024-06-13T22:37:20.615Z","sell"
"0.00002559","22375652.00000000","2024-06-13T22:37:16.911Z","buy"
"0.00002559","9769441.00000000","2024-06-13T22:37:16.911Z","buy"
"0.00002560","299384.00000000","2024-06-13T22:37:15.331Z","buy"
"0.00002560","299510.00000000","2024-06-13T22:37:09.881Z","sell"
"0.00002560","155014.00000000","2024-06-13T22:37:03.946Z","sell"
"0.00002560","39046.00000000","2024-06-13T22:37:01.796Z","sell"
"0.00002560","299517.00000000","2024-06-13T22:36:58.527Z","buy"
"0.00002561","348434.00000000","2024-06-13T22:36:55.700Z","sell"
"0.00002560","8169486.00000000","2024-06-13T22:36:52.803Z","sell"
"0.00002560","18566735.00000000","2024-06-13T22:36:52.803Z","sell"
"0.00002560","12326279.00000000","2024-06-13T22:36:52.802Z","sell"
"0.00002560","298879.00000000","2024-06-13T22:36:52.802Z","sell"
"0.00002560","9765625.00000000","2024-06-13T22:36:52.802Z","sell"
"0.00002560","5765143.00000000","2024-06-13T22:36:52.802Z","sell"
"0.00002560","32145093.00000000","2024-06-13T22:36:52.802Z","sell"
"0.00002559","35819609.00000000","2024-06-13T22:36:45.085Z","buy"
"0.00002559","298849.00000000","2024-06-13T22:36:45.085Z","buy"
"0.00002559","9769441.00000000","2024-06-13T22:36:45.085Z","buy"
"0.00002560","155074.00000000","2024-06-13T22:36:42.080Z","sell"
"0.00002560","475195.00000000","2024-06-13T22:36:36.322Z","sell"
"0.00002559","301758.00000000","2024-06-13T22:36:36.322Z","sell"
"0.00002559","39077764.00000000","2024-06-13T22:36:33.768Z","buy"
"0.00002559","6118431.00000000","2024-06-13T22:36:33.768Z","buy"
"0.00002559","3651010.00000000","2024-06-13T22:36:33.765Z","buy"
"0.00002559","15545134.00000000","2024-06-13T22:36:33.765Z","buy"
"0.00002559","38397518.00000000","2024-06-13T22:36:33.765Z","buy"
"0.00002562","940013.00000000","2024-06-13T22:36:21.469Z","sell"
"0.00002561","298741.00000000","2024-06-13T22:36:20.634Z","buy"
"0.00002561","8850838.00000000","2024-06-13T22:36:19.635Z","sell"
"0.00002561","600482.00000000","2024-06-13T22:36:19.635Z","sell"
"0.00002561","1825642.00000000","2024-06-13T22:36:13.128Z","sell"
"0.00002562","298814.00000000","2024-06-13T22:36:03.906Z","buy"
"0.00002562","298744.00000000","2024-06-13T22:36:03.852Z","buy"
"0.00002562","889999.00000000","2024-06-13T22:36:02.358Z","sell"
"0.00002562","67161.00000000","2024-06-13T22:36:01.443Z","sell"
"0.00002563","298449.00000000","2024-06-13T22:35:55.849Z","buy"
"0.00002563","298446.00000000","2024-06-13T22:35:55.757Z","buy"
"0.00002563","299073.00000000","2024-06-13T22:35:55.705Z","buy"
"0.00002564","11671216.00000000","2024-06-13T22:35:44.803Z","sell"
"0.00002563","299020.00000000","2024-06-13T22:35:39.327Z","sell"
"0.00002563","6224070.00000000","2024-06-13T22:35:38.291Z","sell"
"0.00002563","9754194.00000000","2024-06-13T22:35:36.479Z","buy"
"0.00002565","299007.00000000","2024-06-13T22:35:33.776Z","buy"
"0.00002565","25294240.00000000","2024-06-13T22:35:32.033Z","sell"
"0.00002565","300325.00000000","2024-06-13T22:35:32.033Z","sell"
"0.00002565","31974206.00000000","2024-06-13T22:35:25.555Z","buy"
"0.00002565","10188544.00000000","2024-06-13T22:35:25.555Z","buy"
"0.00002565","38977873.00000000","2024-06-13T22:35:25.555Z","buy"
"0.00002565","1458193.00000000","2024-06-13T22:35:17.516Z","buy"
"0.00002566","26328616.00000000","2024-06-13T22:35:17.330Z","sell"
"0.00002566","38967188.00000000","2024-06-13T22:35:17.320Z","buy"
"0.00002566","38963265.00000000","2024-06-13T22:35:17.320Z","buy"
"0.00002567","9738994.00000000","2024-06-13T22:35:17.219Z","buy"
"0.00002568","976667.00000000","2024-06-13T22:35:16.546Z","sell"
"0.00002568","1086267.00000000","2024-06-13T22:35:15.133Z","sell"
"0.00002567","11306407.00000000","2024-06-13T22:35:14.285Z","buy"
"0.00002568","8000000.00000000","2024-06-13T22:35:14.046Z","sell"
"0.00002568","297373.00000000","2024-06-13T22:35:14.026Z","buy"
"0.00002568","38940809.00000000","2024-06-13T22:35:14.026Z","buy"
"0.00002568","38940809.00000000","2024-06-13T22:35:14.026Z","buy"
"0.00002568","4416665.00000000","2024-06-13T22:35:14.026Z","buy"
"0.00002569","19316854.00000000","2024-06-13T22:35:13.207Z","sell"
"0.00002568","3483534.00000000","2024-06-13T22:35:12.767Z","buy"
"0.00002568","1835003.00000000","2024-06-13T22:35:11.286Z","buy"
"0.00002568","2779128.00000000","2024-06-13T22:35:05.780Z","sell"
"0.00002568","37422986.00000000","2024-06-13T22:35:05.780Z","sell"
"0.00002568","592582.00000000","2024-06-13T22:35:05.780Z","sell"
"0.00002568","37142019.00000000","2024-06-13T22:35:04.907Z","buy"
"0.00002569","154531.00000000","2024-06-13T22:35:02.707Z","sell"
"0.00002569","77458.00000000","2024-06-13T22:34:55.462Z","sell"
"0.00002569","905991.00000000","2024-06-13T22:34:54.164Z","sell"
"0.00002569","297733.00000000","2024-06-13T22:34:47.134Z","buy"
"0.00002569","25541266.00000000","2024-06-13T22:34:47.014Z","buy"
"0.00002569","297733.00000000","2024-06-13T22:34:47.014Z","buy"
"0.00002569","23303530.00000000","2024-06-13T22:34:46.346Z","sell"
"0.00002569","64266574.00000000","2024-06-13T22:34:46.346Z","sell"
"0.00002569","61833759.00000000","2024-06-13T22:34:46.346Z","sell"
"0.00002569","9735035.00000000","2024-06-13T22:34:46.346Z","sell"
"0.00002569","38929825.00000000","2024-06-13T22:34:46.346Z","sell"
"0.00002569","65981475.00000000","2024-06-13T22:34:46.346Z","sell"
"0.00002569","195465207.00000000","2024-06-13T22:34:46.346Z","sell"
"0.00002569","28655576.00000000","2024-06-13T22:34:46.346Z","sell"
"0.00002569","79036590.00000000","2024-06-13T22:34:46.346Z","sell"
"0.00002569","963410.00000000","2024-06-13T22:34:43.379Z","sell"
"0.00002568","307089.00000000","2024-06-13T22:34:39.678Z","sell"
"0.00002568","9735202.00000000","2024-06-13T22:34:38.634Z","buy"
"0.00002568","55935.00000000","2024-06-13T22:34:38.634Z","buy"
"0.00002568","127614.00000000","2024-06-13T22:34:37.242Z","buy"
"0.00002568","9735202.00000000","2024-06-13T22:34:37.242Z","buy"
"0.00002567","365325.00000000","2024-06-13T22:34:37.032Z","buy"
"0.00002568","191208.00000000","2024-06-13T22:34:36.917Z","sell"
"0.00002568","9735202.00000000","2024-06-13T22:34:36.858Z","buy"
"0.00002568","124710.00000000","2024-06-13T22:34:36.858Z","buy"
"0.00002568","190159.00000000","2024-06-13T22:34:33.802Z","buy"
"0.00002567","8288986.00000000","2024-06-13T22:34:31.863Z","sell"
"0.00002567","46011963.00000000","2024-06-13T22:34:31.862Z","sell"
"0.00002567","10641107.00000000","2024-06-13T22:34:31.862Z","sell"
"0.00002567","9742487.00000000","2024-06-13T22:34:31.862Z","sell"
"0.00002566","295113.00000000","2024-06-13T22:34:26.362Z","sell"
"0.00002566","295113.00000000","2024-06-13T22:34:21.184Z","buy"
"0.00002567","77163.00000000","2024-06-13T22:34:19.213Z","sell"
"0.00002566","295051.00000000","2024-06-13T22:34:16.160Z","sell"
"0.00002566","295058.00000000","2024-06-13T22:34:15.556Z","buy"
"0.00002568","60236635.00000000","2024-06-13T22:34:12.358Z","sell"
"0.00002568","12735682.00000000","2024-06-13T22:34:12.358Z","sell"
"0.00002568","49189337.00000000","2024-06-13T22:34:12.358Z","sell"
"0.00002567","38961569.00000000","2024-06-13T22:34:12.358Z","sell"
"0.00002567","28655576.00000000","2024-06-13T22:34:12.358Z","sell"
"0.00002567","80625091.00000000","2024-06-13T22:34:12.358Z","sell"
"0.00002567","608125.00000000","2024-06-13T22:34:12.358Z","sell"
"0.00002567","38955979.00000000","2024-06-13T22:34:12.358Z","sell"
"0.00002567","80000000.00000000","2024-06-13T22:34:12.358Z","sell"
"0.00002567","53556060.00000000","2024-06-13T22:34:12.358Z","sell"
"0.00002567","61271147.00000000","2024-06-13T22:34:12.358Z","sell"
"0.00002567","36667501.00000000","2024-06-13T22:34:12.358Z","sell"
"0.00002566","38971161.00000000","2024-06-13T22:34:12.358Z","sell"
"0.00002566","9742790.00000000","2024-06-13T22:34:12.358Z","sell"
"0.00002566","22713570.00000000","2024-06-13T22:34:12.358Z","sell"
"0.00002566","14519263.00000000","2024-06-13T22:34:12.358Z","sell"
"0.00002566","294419.00000000","2024-06-13T22:34:12.358Z","sell"
"0.00002566","26776676.00000000","2024-06-13T22:34:12.358Z","sell"
"0.00002566","28655576.00000000","2024-06-13T22:34:12.358Z","sell"
"0.00002566","20537821.00000000","2024-06-13T22:34:12.358Z","sell"
"0.00002566","38971161.00000000","2024-06-13T22:34:06.062Z","buy"
"0.00002566","9742790.00000000","2024-06-13T22:34:06.062Z","buy"
"0.00002566","294415.00000000","2024-06-13T22:34:06.062Z","buy"
"0.00002566","20508625.00000000","2024-06-13T22:34:03.740Z","sell"
"0.00002566","18475980.00000000","2024-06-13T22:34:03.740Z","sell"
"0.00002566","21524020.00000000","2024-06-13T22:34:03.740Z","sell"
"0.00002566","10000000.00000000","2024-06-13T22:34:03.740Z","sell"
"0.00002566","6247453.00000000","2024-06-13T22:34:03.740Z","sell"
"0.00002566","38984197.00000000","2024-06-13T22:34:03.740Z","sell"
"0.00002566","64768350.00000000","2024-06-13T22:34:03.740Z","sell"
"0.00002565","9750268.00000000","2024-06-13T22:34:03.732Z","sell"
"0.00002565","22255509.00000000","2024-06-13T22:34:03.732Z","sell"
"0.00002565","22496196.00000000","2024-06-13T22:34:03.732Z","sell"
"0.00002565","28655576.00000000","2024-06-13T22:34:03.732Z","sell"
"0.00002565","48585118.00000000","2024-06-13T22:34:03.732Z","sell"
"0.00002565","48453422.00000000","2024-06-13T22:34:03.732Z","sell"
"0.00002564","294729.00000000","2024-06-13T22:34:02.540Z","sell"
"0.00002564","294736.00000000","2024-06-13T22:33:58.653Z","buy"
"0.00002564","294044.00000000","2024-06-13T22:33:55.219Z","sell"
"0.00002564","38994060.00000000","2024-06-13T22:33:53.717Z","buy"
"0.00002564","38993899.00000000","2024-06-13T22:33:53.717Z","buy"
"0.00002564","22881967.00000000","2024-06-13T22:33:53.717Z","buy"
"0.00002565","38986354.00000000","2024-06-13T22:33:53.717Z","buy"
"0.00002565","9746588.00000000","2024-06-13T22:33:53.717Z","buy"
"0.00002565","294062.00000000","2024-06-13T22:33:53.717Z","buy"
"0.00002565","80000000.00000000","2024-06-13T22:33:49.394Z","sell"
"0.00002565","1300000.00000000","2024-06-13T22:33:49.394Z","sell"
"0.00002565","1300000.00000000","2024-06-13T22:33:49.314Z","sell"
"0.00002564","8161374.00000000","2024-06-13T22:33:49.161Z","sell"
"0.00002564","18208788.00000000","2024-06-13T22:33:49.161Z","sell"
"0.00002564","20882374.00000000","2024-06-13T22:33:49.160Z","sell"
"0.00002564","20468931.00000000","2024-06-13T22:33:49.160Z","sell"
"0.00002564","4979182.00000000","2024-06-13T22:33:49.160Z","sell"
"0.00002564","3185803.00000000","2024-06-13T22:33:49.157Z","sell"
"0.00002564","41707.00000000","2024-06-13T22:33:38.170Z","sell"
"0.00002564","7786885.00000000","2024-06-13T22:33:34.391Z","sell"
"0.00002563","25541266.00000000","2024-06-13T22:33:27.966Z","buy"
"0.00002563","7530332.00000000","2024-06-13T22:33:27.966Z","buy"
"0.00002563","5321258.00000000","2024-06-13T22:33:27.915Z","sell"
"0.00002563","8293176.00000000","2024-06-13T22:33:27.914Z","sell"
"0.00002563","292316.00000000","2024-06-13T22:33:27.914Z","sell"
"0.00002563","6262959.00000000","2024-06-13T22:33:27.912Z","sell"
"0.00002563","3111711.00000000","2024-06-13T22:33:27.912Z","sell"