"price","volume","timestamp","type"
"0.00000395","1023207","2024-06-13T22:52:44.362Z","bid"
"0.00000391","809801","2024-06-13T22:52:44.362Z","bid"
"0.00000388","1966277","2024-06-13T22:52:44.362Z","bid"
"0.0000038","3443769","2024-06-13T22:52:44.362Z","bid"
"0.00000378","3000000","2024-06-13T22:52:44.362Z","bid"
"0.0000037","25000000","2024-06-13T22:52:44.362Z","bid"
"0.00000369","858082","2024-06-13T22:52:44.362Z","bid"
"0.00000367","3000000","2024-06-13T22:52:44.362Z","bid"
"0.00000359","1073613237","2024-06-13T22:52:44.362Z","bid"
"0.00000349","907256","2024-06-13T22:52:44.362Z","bid"
"0.00000339","934018","2024-06-13T22:52:44.362Z","bid"
"0.0000033","151515151","2024-06-13T22:52:44.362Z","bid"
"0.00000329","962408","2024-06-13T22:52:44.362Z","bid"
"0.0000032","989476","2024-06-13T22:52:44.362Z","bid"
"0.00000316","14515190","2024-06-13T22:52:44.362Z","bid"
"0.00000315","191","2024-06-13T22:52:44.362Z","bid"
"0.00000311","1018110","2024-06-13T22:52:44.362Z","bid"
"0.00000302","1048451","2024-06-13T22:52:44.362Z","bid"
"0.000003","100000000","2024-06-13T22:52:44.362Z","bid"
"0.00000293","1080656","2024-06-13T22:52:44.362Z","bid"
"0.0000029","470181","2024-06-13T22:52:44.362Z","bid"
"0.00000285","1110990","2024-06-13T22:52:44.362Z","bid"
"0.00000277","1143077","2024-06-13T22:52:44.362Z","bid"
"0.00000269","1177072","2024-06-13T22:52:44.362Z","bid"
"0.00000261","1213150","2024-06-13T22:52:44.362Z","bid"
"0.00000253","45666511","2024-06-13T22:52:44.362Z","bid"
"0.0000025","100399999","2024-06-13T22:52:44.362Z","bid"
"0.00000246","1287123","2024-06-13T22:52:44.362Z","bid"
"0.00000239","1324821","2024-06-13T22:52:44.362Z","bid"
"0.00000232","1364794","2024-06-13T22:52:44.362Z","bid"
"0.00000227","22026431","2024-06-13T22:52:44.362Z","bid"
"0.00000225","1407255","2024-06-13T22:52:44.362Z","bid"
"0.00000218","1452442","2024-06-13T22:52:44.362Z","bid"
"0.00000215","1","2024-06-13T22:52:44.362Z","bid"
"0.00000212","1493549","2024-06-13T22:52:44.362Z","bid"
"0.0000021","791475192","2024-06-13T22:52:44.362Z","bid"
"0.00000206","1537050","2024-06-13T22:52:44.362Z","bid"
"0.00000201","99400000","2024-06-13T22:52:44.362Z","bid"
"0.000002","689775683","2024-06-13T22:52:44.362Z","bid"
"0.00000194","1632125","2024-06-13T22:52:44.362Z","bid"
"0.00000188","1684214","2024-06-13T22:52:44.362Z","bid"
"0.00000158","71865000","2024-06-13T22:52:44.362Z","bid"
"0.0000015","6340000","2024-06-13T22:52:44.362Z","bid"
"0.00000128","1204453125","2024-06-13T22:52:44.362Z","bid"
"0.00000125","39680000","2024-06-13T22:52:44.362Z","bid"
"0.00000116","25000000","2024-06-13T22:52:44.362Z","bid"
"0.00000111","109400000","2024-06-13T22:52:44.362Z","bid"
"0.00000101","799400000","2024-06-13T22:52:44.362Z","bid"
"0.000001","747209423","2024-06-13T22:52:44.362Z","bid"
"0.00000099","116280000","2024-06-13T22:52:44.362Z","bid"
"0.0000009","1112111111","2024-06-13T22:52:44.362Z","bid"
"0.0000008","15838028996","2024-06-13T22:52:44.362Z","bid"
"0.00000076","26000000","2024-06-13T22:52:44.362Z","bid"
"0.00000073","658923718","2024-06-13T22:52:44.362Z","bid"
"0.0000007","101000000","2024-06-13T22:52:44.362Z","bid"
"0.00000062","188145000","2024-06-13T22:52:44.362Z","bid"
"0.0000006","2000000","2024-06-13T22:52:44.362Z","bid"
"0.0000005","761400941","2024-06-13T22:52:44.362Z","bid"
"0.00000045","99400000","2024-06-13T22:52:44.362Z","bid"
"0.00000041","250000000","2024-06-13T22:52:44.362Z","bid"
"0.0000004","406825000","2024-06-13T22:52:44.362Z","bid"
"0.00000035","99400000","2024-06-13T22:52:44.362Z","bid"
"0.00000034","1500000000","2024-06-13T22:52:44.362Z","bid"
"0.0000003","102400001","2024-06-13T22:52:44.362Z","bid"
"0.00000025","635970000","2024-06-13T22:52:44.362Z","bid"
"0.00000023","862608695","2024-06-13T22:52:44.362Z","bid"
"0.0000002","1044051946","2024-06-13T22:52:44.362Z","bid"
"0.00000019","99400000","2024-06-13T22:52:44.362Z","bid"
"0.00000018","99400000","2024-06-13T22:52:44.362Z","bid"
"0.00000017","99400000","2024-06-13T22:52:44.362Z","bid"
"0.00000016","99400000","2024-06-13T22:52:44.362Z","bid"
"0.00000015","99400000","2024-06-13T22:52:44.362Z","bid"
"0.00000014","99400000","2024-06-13T22:52:44.362Z","bid"
"0.00000013","99400000","2024-06-13T22:52:44.362Z","bid"
"0.00000012","344900000","2024-06-13T22:52:44.362Z","bid"
"0.00000011","1051211667","2024-06-13T22:52:44.362Z","bid"
"0.0000001","621035501","2024-06-13T22:52:44.362Z","bid"
"0.00000009","451311109","2024-06-13T22:52:44.362Z","bid"
"0.00000008","124250000","2024-06-13T22:52:44.362Z","bid"
"0.00000007","499142857","2024-06-13T22:52:44.362Z","bid"
"0.00000006","165832333","2024-06-13T22:52:44.362Z","bid"
"0.00000005","4401543600","2024-06-13T22:52:44.362Z","bid"
"0.00000004","5237250000","2024-06-13T22:52:44.362Z","bid"
"0.00000003","3985333332","2024-06-13T22:52:44.362Z","bid"
"0.00000002","13246932082","2024-06-13T22:52:44.362Z","bid"
"0.00000001","85119246372","2024-06-13T22:52:44.362Z","bid"
"0.0000197","25264143","2024-06-13T22:52:44.361Z","bid"
"0.00001969","25393600","2024-06-13T22:52:44.361Z","bid"
"0.00001968","2000000","2024-06-13T22:52:44.361Z","bid"
"0.00001962","50662","2024-06-13T22:52:44.361Z","bid"
"0.0000196","101479591","2024-06-13T22:52:44.361Z","bid"
"0.00001958","60515040","2024-06-13T22:52:44.361Z","bid"
"0.00001957","18515791","2024-06-13T22:52:44.361Z","bid"
"0.00001956","17212984","2024-06-13T22:52:44.361Z","bid"
"0.00001955","2531969","2024-06-13T22:52:44.361Z","bid"
"0.00001953","42193","2024-06-13T22:52:44.361Z","bid"
"0.00001952","11559110","2024-06-13T22:52:44.361Z","bid"
"0.00001951","15315222","2024-06-13T22:52:44.361Z","bid"
"0.0000195","154378511","2024-06-13T22:52:44.361Z","bid"
"0.00001949","46505794","2024-06-13T22:52:44.361Z","bid"
"0.00001948","30555778","2024-06-13T22:52:44.361Z","bid"
"0.00001947","11043656","2024-06-13T22:52:44.361Z","bid"
"0.00001945","15183415","2024-06-13T22:52:44.361Z","bid"
"0.00001939","275372","2024-06-13T22:52:44.361Z","bid"
"0.00001937","1703445","2024-06-13T22:52:44.361Z","bid"
"0.00001936","11276870","2024-06-13T22:52:44.361Z","bid"
"0.00001935","13082084","2024-06-13T22:52:44.361Z","bid"
"0.00001933","105471857","2024-06-13T22:52:44.361Z","bid"
"0.00001932","1085194","2024-06-13T22:52:44.361Z","bid"
"0.0000193","1541968","2024-06-13T22:52:44.361Z","bid"
"0.00001929","421512","2024-06-13T22:52:44.361Z","bid"
"0.00001928","51659751","2024-06-13T22:52:44.361Z","bid"
"0.00001926","190439","2024-06-13T22:52:44.361Z","bid"
"0.00001921","14106045","2024-06-13T22:52:44.361Z","bid"
"0.0000192","126141250","2024-06-13T22:52:44.361Z","bid"
"0.00001915","886","2024-06-13T22:52:44.361Z","bid"
"0.00001914","287311","2024-06-13T22:52:44.361Z","bid"
"0.00001912","43098","2024-06-13T22:52:44.361Z","bid"
"0.0000191","4937630","2024-06-13T22:52:44.361Z","bid"
"0.00001909","224","2024-06-13T22:52:44.361Z","bid"
"0.00001908","59925098","2024-06-13T22:52:44.361Z","bid"
"0.00001905","116503071","2024-06-13T22:52:44.361Z","bid"
"0.00001903","192741","2024-06-13T22:52:44.361Z","bid"
"0.000019","1990431452","2024-06-13T22:52:44.361Z","bid"
"0.00001899","6582411","2024-06-13T22:52:44.361Z","bid"
"0.00001896","1473027","2024-06-13T22:52:44.361Z","bid"
"0.00001895","10549357","2024-06-13T22:52:44.361Z","bid"
"0.00001894","31555332","2024-06-13T22:52:44.361Z","bid"
"0.00001893","144764","2024-06-13T22:52:44.361Z","bid"
"0.00001891","2952963","2024-06-13T22:52:44.361Z","bid"
"0.0000189","644927","2024-06-13T22:52:44.361Z","bid"
"0.00001889","47945049","2024-06-13T22:52:44.361Z","bid"
"0.00001888","80280103","2024-06-13T22:52:44.361Z","bid"
"0.00001886","832381026","2024-06-13T22:52:44.361Z","bid"
"0.00001885","30674053","2024-06-13T22:52:44.361Z","bid"
"0.00001882","451955","2024-06-13T22:52:44.361Z","bid"
"0.00001881","194995","2024-06-13T22:52:44.361Z","bid"
"0.0000188","62772340","2024-06-13T22:52:44.361Z","bid"
"0.00001878","15815455","2024-06-13T22:52:44.361Z","bid"
"0.00001876","44929920","2024-06-13T22:52:44.361Z","bid"
"0.00001875","855600","2024-06-13T22:52:44.361Z","bid"
"0.00001874","5533333","2024-06-13T22:52:44.361Z","bid"
"0.00001873","5035170","2024-06-13T22:52:44.361Z","bid"
"0.00001871","18039017","2024-06-13T22:52:44.361Z","bid"
"0.0000187","138826168","2024-06-13T22:52:44.361Z","bid"
"0.00001868","2000000","2024-06-13T22:52:44.361Z","bid"
"0.00001867","435510","2024-06-13T22:52:44.361Z","bid"
"0.00001865","941129","2024-06-13T22:52:44.361Z","bid"
"0.0000186","8939462","2024-06-13T22:52:44.361Z","bid"
"0.00001859","197302","2024-06-13T22:52:44.361Z","bid"
"0.00001857","88337","2024-06-13T22:52:44.361Z","bid"
"0.00001856","730253","2024-06-13T22:52:44.361Z","bid"
"0.00001855","220","2024-06-13T22:52:44.361Z","bid"
"0.00001853","2683486","2024-06-13T22:52:44.361Z","bid"
"0.00001852","90378674","2024-06-13T22:52:44.361Z","bid"
"0.00001851","2745322","2024-06-13T22:52:44.361Z","bid"
"0.0000185","102745454","2024-06-13T22:52:44.361Z","bid"
"0.00001849","1727230","2024-06-13T22:52:44.361Z","bid"
"0.00001847","440226","2024-06-13T22:52:44.361Z","bid"
"0.00001845","94849627","2024-06-13T22:52:44.361Z","bid"
"0.00001843","1053728","2024-06-13T22:52:44.361Z","bid"
"0.0000184","1042542","2024-06-13T22:52:44.361Z","bid"
"0.00001838","1199557","2024-06-13T22:52:44.361Z","bid"
"0.00001836","5136641","2024-06-13T22:52:44.361Z","bid"
"0.00001835","780950844","2024-06-13T22:52:44.361Z","bid"
"0.00001832","5324455","2024-06-13T22:52:44.361Z","bid"
"0.00001831","173402","2024-06-13T22:52:44.361Z","bid"
"0.0000183","21857923","2024-06-13T22:52:44.361Z","bid"
"0.00001828","100","2024-06-13T22:52:44.361Z","bid"
"0.00001827","737298","2024-06-13T22:52:44.361Z","bid"
"0.00001825","1753588","2024-06-13T22:52:44.361Z","bid"
"0.00001822","8150384","2024-06-13T22:52:44.361Z","bid"
"0.0000182","10000000","2024-06-13T22:52:44.361Z","bid"
"0.00001819","27500000","2024-06-13T22:52:44.361Z","bid"
"0.00001816","11171136","2024-06-13T22:52:44.361Z","bid"
"0.00001815","100000","2024-06-13T22:52:44.361Z","bid"
"0.00001812","1399228","2024-06-13T22:52:44.361Z","bid"
"0.00001809","40657887","2024-06-13T22:52:44.361Z","bid"
"0.00001808","449722","2024-06-13T22:52:44.361Z","bid"
"0.00001806","919","2024-06-13T22:52:44.361Z","bid"
"0.00001802","440427","2024-06-13T22:52:44.361Z","bid"
"0.00001801","5236465","2024-06-13T22:52:44.361Z","bid"
"0.000018","1768498835","2024-06-13T22:52:44.361Z","bid"
"0.00001798","1080101","2024-06-13T22:52:44.361Z","bid"
"0.00001797","110690","2024-06-13T22:52:44.361Z","bid"
"0.00001795","1246879","2024-06-13T22:52:44.361Z","bid"
"0.00001794","2220030","2024-06-13T22:52:44.361Z","bid"
"0.00001793","45958","2024-06-13T22:52:44.361Z","bid"
"0.00001791","553880","2024-06-13T22:52:44.361Z","bid"
"0.0000179","111821844","2024-06-13T22:52:44.361Z","bid"
"0.00001788","454752","2024-06-13T22:52:44.361Z","bid"
"0.00001787","18840849","2024-06-13T22:52:44.361Z","bid"
"0.00001785","30136363","2024-06-13T22:52:44.361Z","bid"
"0.00001781","177783","2024-06-13T22:52:44.361Z","bid"
"0.0000178","7305648347","2024-06-13T22:52:44.361Z","bid"
"0.00001775","1108160","2024-06-13T22:52:44.361Z","bid"
"0.00001774","347435","2024-06-13T22:52:44.361Z","bid"
"0.0000177","123349963","2024-06-13T22:52:44.361Z","bid"
"0.00001769","12614526","2024-06-13T22:52:44.361Z","bid"
"0.00001766","11234428","2024-06-13T22:52:44.361Z","bid"
"0.00001765","12000000","2024-06-13T22:52:44.361Z","bid"
"0.0000176","3795272","2024-06-13T22:52:44.361Z","bid"
"0.00001757","110451707","2024-06-13T22:52:44.361Z","bid"
"0.00001755","46953","2024-06-13T22:52:44.361Z","bid"
"0.00001754","1316310","2024-06-13T22:52:44.361Z","bid"
"0.00001753","1251853","2024-06-13T22:52:44.361Z","bid"
"0.00001751","1042542","2024-06-13T22:52:44.361Z","bid"
"0.0000175","27476703","2024-06-13T22:52:44.361Z","bid"
"0.00001744","30000000","2024-06-13T22:52:44.361Z","bid"
"0.00001736","47467","2024-06-13T22:52:44.361Z","bid"
"0.00001734","211526","2024-06-13T22:52:44.361Z","bid"
"0.00001732","182813","2024-06-13T22:52:44.361Z","bid"
"0.00001731","469727","2024-06-13T22:52:44.361Z","bid"
"0.00001724","579851","2024-06-13T22:52:44.361Z","bid"
"0.00001722","310074","2024-06-13T22:52:44.361Z","bid"
"0.00001718","47965","2024-06-13T22:52:44.361Z","bid"
"0.00001716","6480000","2024-06-13T22:52:44.361Z","bid"
"0.00001714","213994","2024-06-13T22:52:44.361Z","bid"
"0.00001712","938521","2024-06-13T22:52:44.361Z","bid"
"0.00001711","1135021","2024-06-13T22:52:44.361Z","bid"
"0.0000171","41352045","2024-06-13T22:52:44.361Z","bid"
"0.00001709","1042542","2024-06-13T22:52:44.361Z","bid"
"0.00001706","8744138","2024-06-13T22:52:44.361Z","bid"
"0.00001704","605193624","2024-06-13T22:52:44.361Z","bid"
"0.00001703","19770169","2024-06-13T22:52:44.361Z","bid"
"0.00001701","2910052","2024-06-13T22:52:44.361Z","bid"
"0.000017","132861208","2024-06-13T22:52:44.361Z","bid"
"0.00001694","696507","2024-06-13T22:52:44.361Z","bid"
"0.0000169","70298698","2024-06-13T22:52:44.361Z","bid"
"0.00001686","10200000","2024-06-13T22:52:44.361Z","bid"
"0.00001685","187912","2024-06-13T22:52:44.361Z","bid"
"0.00001679","1785714","2024-06-13T22:52:44.361Z","bid"
"0.00001676","485142","2024-06-13T22:52:44.361Z","bid"
"0.00001674","219107","2024-06-13T22:52:44.361Z","bid"
"0.00001672","319346","2024-06-13T22:52:44.361Z","bid"
"0.00001669","1639108","2024-06-13T22:52:44.361Z","bid"
"0.00001667","1042542","2024-06-13T22:52:44.361Z","bid"
"0.00001666","24000000","2024-06-13T22:52:44.361Z","bid"
"0.00001658","490409","2024-06-13T22:52:44.361Z","bid"
"0.00001655","221623","2024-06-13T22:52:44.361Z","bid"
"0.00001652","10000000","2024-06-13T22:52:44.361Z","bid"
"0.0000165","1795684","2024-06-13T22:52:44.361Z","bid"
"0.0000164","495791","2024-06-13T22:52:44.361Z","bid"
"0.00001639","1360209694","2024-06-13T22:52:44.361Z","bid"
"0.00001636","224196","2024-06-13T22:52:44.361Z","bid"
"0.00001629","1192156","2024-06-13T22:52:44.361Z","bid"
"0.00001627","1530342","2024-06-13T22:52:44.361Z","bid"
"0.00001624","15384615","2024-06-13T22:52:44.361Z","bid"
"0.00001623","1615124","2024-06-13T22:52:44.361Z","bid"
"0.00001622","501293","2024-06-13T22:52:44.361Z","bid"
"0.00001617","226831","2024-06-13T22:52:44.361Z","bid"
"0.00001615","9236842","2024-06-13T22:52:44.361Z","bid"
"0.00001612","372208436","2024-06-13T22:52:44.361Z","bid"
"0.00001607","78337","2024-06-13T22:52:44.361Z","bid"
"0.00001605","1503641","2024-06-13T22:52:44.361Z","bid"
"0.00001604","7112219","2024-06-13T22:52:44.361Z","bid"
"0.000016","821232886","2024-06-13T22:52:44.361Z","bid"
"0.00001599","35423705","2024-06-13T22:52:44.361Z","bid"
"0.00001598","229528","2024-06-13T22:52:44.361Z","bid"
"0.00001597","115000000","2024-06-13T22:52:44.361Z","bid"
"0.00001595","6200000","2024-06-13T22:52:44.361Z","bid"
"0.00001594","198640","2024-06-13T22:52:44.361Z","bid"
"0.00001589","27741331","2024-06-13T22:52:44.361Z","bid"
"0.00001587","1042542","2024-06-13T22:52:44.361Z","bid"
"0.00001586","500410","2024-06-13T22:52:44.361Z","bid"
"0.0000158","53569620","2024-06-13T22:52:44.361Z","bid"
"0.00001579","232290","2024-06-13T22:52:44.361Z","bid"
"0.00001576","1500000","2024-06-13T22:52:44.361Z","bid"
"0.00001575","339014","2024-06-13T22:52:44.361Z","bid"
"0.0000157","52421","2024-06-13T22:52:44.361Z","bid"
"0.00001568","1177101","2024-06-13T22:52:44.361Z","bid"
"0.00001565","10163825","2024-06-13T22:52:44.361Z","bid"
"0.00001561","234968","2024-06-13T22:52:44.361Z","bid"
"0.0000156","321226117","2024-06-13T22:52:44.361Z","bid"
"0.00001554","51480052","2024-06-13T22:52:44.361Z","bid"
"0.0000155","159363432","2024-06-13T22:52:44.361Z","bid"
"0.00001549","1042542","2024-06-13T22:52:44.361Z","bid"
"0.00001547","1740950","2024-06-13T22:52:44.361Z","bid"
"0.00001546","513357","2024-06-13T22:52:44.361Z","bid"
"0.00001543","39237709","2024-06-13T22:52:44.361Z","bid"
"0.0000154","39032272","2024-06-13T22:52:44.361Z","bid"
"0.00001539","2000000","2024-06-13T22:52:44.361Z","bid"
"0.00001534","100000000","2024-06-13T22:52:44.361Z","bid"
"0.0000153","1633986","2024-06-13T22:52:44.361Z","bid"
"0.00001529","4681365","2024-06-13T22:52:44.361Z","bid"
"0.00001525","240515","2024-06-13T22:52:44.361Z","bid"
"0.00001522","330826576","2024-06-13T22:52:44.361Z","bid"
"0.00001521","812843392","2024-06-13T22:52:44.361Z","bid"
"0.00001519","130612244","2024-06-13T22:52:44.361Z","bid"
"0.00001518","327404","2024-06-13T22:52:44.361Z","bid"
"0.00001517","20000000","2024-06-13T22:52:44.361Z","bid"
"0.00001512","1284406","2024-06-13T22:52:44.361Z","bid"
"0.00001511","1804971","2024-06-13T22:52:44.361Z","bid"
"0.0000151","22638410","2024-06-13T22:52:44.361Z","bid"
"0.00001508","7999357","2024-06-13T22:52:44.361Z","bid"
"0.00001507","770030","2024-06-13T22:52:44.361Z","bid"
"0.00001505","659136","2024-06-13T22:52:44.361Z","bid"
"0.000015","7691810198","2024-06-13T22:52:44.361Z","bid"
"0.00001499","663442","2024-06-13T22:52:44.361Z","bid"
"0.00001497","660654","2024-06-13T22:52:44.361Z","bid"
"0.00001495","3660218","2024-06-13T22:52:44.361Z","bid"
"0.0000149","246165","2024-06-13T22:52:44.361Z","bid"
"0.00001488","251501051","2024-06-13T22:52:44.361Z","bid"
"0.00001485","35571681","2024-06-13T22:52:44.361Z","bid"
"0.00001483","10520364","2024-06-13T22:52:44.361Z","bid"
"0.00001481","1671168","2024-06-13T22:52:44.361Z","bid"
"0.0000148","2000000","2024-06-13T22:52:44.361Z","bid"
"0.00001477","338016249","2024-06-13T22:52:44.361Z","bid"
"0.00001476","5053353","2024-06-13T22:52:44.361Z","bid"
"0.00001475","1316625","2024-06-13T22:52:44.361Z","bid"
"0.00001474","1042542","2024-06-13T22:52:44.361Z","bid"
"0.00001473","249006","2024-06-13T22:52:44.361Z","bid"
"0.0000147","33928571","2024-06-13T22:52:44.361Z","bid"
"0.00001469","540266","2024-06-13T22:52:44.361Z","bid"
"0.00001468","78149863","2024-06-13T22:52:44.361Z","bid"
"0.00001467","215836","2024-06-13T22:52:44.361Z","bid"
"0.0000146","16363013","2024-06-13T22:52:44.361Z","bid"
"0.00001459","500000","2024-06-13T22:52:44.361Z","bid"
"0.00001456","251913","2024-06-13T22:52:44.361Z","bid"
"0.0000145","32330856","2024-06-13T22:52:44.361Z","bid"
"0.00001449","348928801","2024-06-13T22:52:44.361Z","bid"
"0.00001448","4590055","2024-06-13T22:52:44.361Z","bid"
"0.00001446","68732016","2024-06-13T22:52:44.361Z","bid"
"0.00001439","1604452","2024-06-13T22:52:44.361Z","bid"
"0.00001438","1042542","2024-06-13T22:52:44.361Z","bid"
"0.00001432","554225","2024-06-13T22:52:44.361Z","bid"
"0.00001428","71739074","2024-06-13T22:52:44.361Z","bid"
"0.00001427","221886","2024-06-13T22:52:44.361Z","bid"
"0.00001426","9570664","2024-06-13T22:52:44.361Z","bid"
"0.00001422","257936","2024-06-13T22:52:44.361Z","bid"
"0.0000142","69420000","2024-06-13T22:52:44.361Z","bid"
"0.00001419","18441198","2024-06-13T22:52:44.361Z","bid"
"0.00001415","14052320","2024-06-13T22:52:44.361Z","bid"
"0.00001413","40238853","2024-06-13T22:52:44.361Z","bid"
"0.00001412","55000000","2024-06-13T22:52:44.361Z","bid"
"0.00001411","9075924","2024-06-13T22:52:44.361Z","bid"
"0.0000141","315000","2024-06-13T22:52:44.361Z","bid"
"0.00001405","261057","2024-06-13T22:52:44.361Z","bid"
"0.00001404","1383206","2024-06-13T22:52:44.361Z","bid"
"0.00001403","1042542","2024-06-13T22:52:44.361Z","bid"
"0.00001402","713266","2024-06-13T22:52:44.361Z","bid"
"0.00001401","3559957","2024-06-13T22:52:44.361Z","bid"
"0.000014","974411991","2024-06-13T22:52:44.361Z","bid"
"0.00001399","266458901","2024-06-13T22:52:44.361Z","bid"
"0.00001396","568517","2024-06-13T22:52:44.361Z","bid"
"0.00001394","185775894","2024-06-13T22:52:44.361Z","bid"
"0.00001392","2533477","2024-06-13T22:52:44.361Z","bid"
"0.0000139","4000000","2024-06-13T22:52:44.361Z","bid"
"0.00001389","264064","2024-06-13T22:52:44.361Z","bid"
"0.00001388","228121","2024-06-13T22:52:44.361Z","bid"
"0.00001382","15195369","2024-06-13T22:52:44.361Z","bid"
"0.0000138","21907108","2024-06-13T22:52:44.361Z","bid"
"0.00001377","2084625","2024-06-13T22:52:44.361Z","bid"
"0.00001373","93900","2024-06-13T22:52:44.361Z","bid"
"0.00001372","50000008","2024-06-13T22:52:44.361Z","bid"
"0.0000137","219738701","2024-06-13T22:52:44.361Z","bid"
"0.00001369","1042542","2024-06-13T22:52:44.361Z","bid"
"0.00001365","100000","2024-06-13T22:52:44.361Z","bid"
"0.00001364","3636363","2024-06-13T22:52:44.361Z","bid"
"0.00001363","3631694","2024-06-13T22:52:44.361Z","bid"
"0.00001361","583137","2024-06-13T22:52:44.361Z","bid"
"0.00001355","158171738","2024-06-13T22:52:44.361Z","bid"
"0.00001353","10000000","2024-06-13T22:52:44.361Z","bid"
"0.00001351","740192","2024-06-13T22:52:44.361Z","bid"
"0.0000135","228895903","2024-06-13T22:52:44.361Z","bid"
"0.00001349","1852469","2024-06-13T22:52:44.361Z","bid"
"0.0000134","149404477","2024-06-13T22:52:44.361Z","bid"
"0.00001337","91485293","2024-06-13T22:52:44.361Z","bid"
"0.00001336","1042542","2024-06-13T22:52:44.361Z","bid"
"0.00001335","380000000","2024-06-13T22:52:44.361Z","bid"
"0.00001331","500000","2024-06-13T22:52:44.361Z","bid"
"0.00001327","598078","2024-06-13T22:52:44.361Z","bid"
"0.00001325","405938830","2024-06-13T22:52:44.361Z","bid"
"0.00001324","15765861","2024-06-13T22:52:44.361Z","bid"
"0.00001323","11292517","2024-06-13T22:52:44.361Z","bid"
"0.00001322","2250000","2024-06-13T22:52:44.361Z","bid"
"0.0000132","22727272","2024-06-13T22:52:44.361Z","bid"
"0.00001318","16666666","2024-06-13T22:52:44.361Z","bid"
"0.00001313","441151","2024-06-13T22:52:44.361Z","bid"
"0.0000131","151500","2024-06-13T22:52:44.361Z","bid"
"0.00001306","15229709","2024-06-13T22:52:44.361Z","bid"
"0.00001304","2531822","2024-06-13T22:52:44.361Z","bid"
"0.00001303","5752085","2024-06-13T22:52:44.361Z","bid"
"0.00001302","763824","2024-06-13T22:52:44.361Z","bid"
"0.00001301","3833589","2024-06-13T22:52:44.361Z","bid"
"0.000013","3809633788","2024-06-13T22:52:44.361Z","bid"
"0.00001297","843446","2024-06-13T22:52:44.361Z","bid"
"0.00001293","613805","2024-06-13T22:52:44.361Z","bid"
"0.00001292","7377164","2024-06-13T22:52:44.361Z","bid"
"0.0000129","350000000","2024-06-13T22:52:44.361Z","bid"
"0.0000128","19336867","2024-06-13T22:52:44.361Z","bid"
"0.00001277","247950","2024-06-13T22:52:44.361Z","bid"
"0.00001272","2569289","2024-06-13T22:52:44.361Z","bid"
"0.00001271","400","2024-06-13T22:52:44.361Z","bid"
"0.00001264","783227","2024-06-13T22:52:44.361Z","bid"
"0.00001263","374825","2024-06-13T22:52:44.361Z","bid"
"0.00001261","629382","2024-06-13T22:52:44.361Z","bid"
"0.0000126","1010952626","2024-06-13T22:52:44.361Z","bid"
"0.00001255","46675247","2024-06-13T22:52:44.361Z","bid"
"0.00001254","797448","2024-06-13T22:52:44.361Z","bid"
"0.00001252","39716453","2024-06-13T22:52:44.361Z","bid"
"0.0000125","2703950655","2024-06-13T22:52:44.361Z","bid"
"0.00001246","441249465","2024-06-13T22:52:44.361Z","bid"
"0.00001244","82765","2024-06-13T22:52:44.361Z","bid"
"0.00001243","3694124","2024-06-13T22:52:44.361Z","bid"
"0.00001242","254937","2024-06-13T22:52:44.361Z","bid"
"0.00001241","2607427","2024-06-13T22:52:44.361Z","bid"
"0.0000124","1009620160","2024-06-13T22:52:44.361Z","bid"
"0.00001238","106000000","2024-06-13T22:52:44.361Z","bid"
"0.00001235","10000000","2024-06-13T22:52:44.361Z","bid"
"0.00001234","100803890","2024-06-13T22:52:44.361Z","bid"
"0.00001231","21088633","2024-06-13T22:52:44.361Z","bid"
"0.00001229","645769","2024-06-13T22:52:44.361Z","bid"
"0.00001226","19091353","2024-06-13T22:52:44.361Z","bid"
"0.00001225","3887579","2024-06-13T22:52:44.361Z","bid"
"0.00001222","16357911","2024-06-13T22:52:44.361Z","bid"
"0.00001221","16380016","2024-06-13T22:52:44.361Z","bid"
"0.0000122","58157837","2024-06-13T22:52:44.361Z","bid"
"0.00001219","844191","2024-06-13T22:52:44.361Z","bid"
"0.00001218","500000","2024-06-13T22:52:44.361Z","bid"
"0.00001214","1005369","2024-06-13T22:52:44.361Z","bid"
"0.00001212","41140675","2024-06-13T22:52:44.361Z","bid"
"0.00001211","2646193","2024-06-13T22:52:44.361Z","bid"
"0.0000121","95131983","2024-06-13T22:52:44.361Z","bid"
"0.00001209","8238213","2024-06-13T22:52:44.361Z","bid"
"0.00001208","21382281","2024-06-13T22:52:44.361Z","bid"
"0.00001205","9431534","2024-06-13T22:52:44.361Z","bid"
"0.00001203","28000000","2024-06-13T22:52:44.361Z","bid"
"0.00001201","16987926","2024-06-13T22:52:44.361Z","bid"
"0.000012","49774506919","2024-06-13T22:52:44.361Z","bid"
"0.00001198","662479","2024-06-13T22:52:44.361Z","bid"
"0.00001196","8327759","2024-06-13T22:52:44.361Z","bid"
"0.00001191","5000000","2024-06-13T22:52:44.361Z","bid"
"0.00001188","31439393","2024-06-13T22:52:44.361Z","bid"
"0.00001182","4230118","2024-06-13T22:52:44.361Z","bid"
"0.00001181","2686930","2024-06-13T22:52:44.361Z","bid"
"0.0000118","89420000","2024-06-13T22:52:44.361Z","bid"
"0.00001177","14780160","2024-06-13T22:52:44.361Z","bid"
"0.00001175","269474","2024-06-13T22:52:44.361Z","bid"
"0.0000117","8070940","2024-06-13T22:52:44.361Z","bid"
"0.00001169","333333","2024-06-13T22:52:44.361Z","bid"
"0.00001168","679495","2024-06-13T22:52:44.361Z","bid"
"0.00001166","102658662","2024-06-13T22:52:44.361Z","bid"
"0.00001163","4361092","2024-06-13T22:52:44.361Z","bid"
"0.00001162","19285714","2024-06-13T22:52:44.361Z","bid"
"0.0000116","85689","2024-06-13T22:52:44.361Z","bid"
"0.00001153","2726863","2024-06-13T22:52:44.361Z","bid"
"0.00001151","811604752","2024-06-13T22:52:44.361Z","bid"
"0.0000115","1074122791","2024-06-13T22:52:44.361Z","bid"
"0.00001149","9289164","2024-06-13T22:52:44.361Z","bid"
"0.00001147","20564666","2024-06-13T22:52:44.361Z","bid"
"0.00001144","867132","2024-06-13T22:52:44.361Z","bid"
"0.00001143","277018","2024-06-13T22:52:44.361Z","bid"
"0.0000114","6238870","2024-06-13T22:52:44.361Z","bid"
"0.00001139","696796","2024-06-13T22:52:44.361Z","bid"
"0.00001138","439367311","2024-06-13T22:52:44.361Z","bid"
"0.00001137","26590105","2024-06-13T22:52:44.361Z","bid"
"0.00001134","873015","2024-06-13T22:52:44.361Z","bid"
"0.00001133","123256840","2024-06-13T22:52:44.361Z","bid"
"0.0000113","3954655985","2024-06-13T22:52:44.361Z","bid"
"0.00001129","300000000","2024-06-13T22:52:44.361Z","bid"
"0.00001125","19597208","2024-06-13T22:52:44.361Z","bid"
"0.00001124","1727777","2024-06-13T22:52:44.361Z","bid"
"0.00001122","15888888","2024-06-13T22:52:44.361Z","bid"
"0.0000112","21468961","2024-06-13T22:52:44.361Z","bid"
"0.00001112","284741","2024-06-13T22:52:44.361Z","bid"
"0.00001111","15805674","2024-06-13T22:52:44.361Z","bid"
"0.0000111","4843404","2024-06-13T22:52:44.361Z","bid"
"0.00001101","18092642","2024-06-13T22:52:44.361Z","bid"
"0.000011","2042230269","2024-06-13T22:52:44.361Z","bid"
"0.00001097","3812844","2024-06-13T22:52:44.361Z","bid"
"0.00001093","272827","2024-06-13T22:52:44.361Z","bid"
"0.00001089","13762730","2024-06-13T22:52:44.361Z","bid"
"0.00001086","34741595","2024-06-13T22:52:44.361Z","bid"
"0.00001085","9165898","2024-06-13T22:52:44.361Z","bid"
"0.00001082","733503","2024-06-13T22:52:44.361Z","bid"
"0.00001081","4504046463","2024-06-13T22:52:44.361Z","bid"
"0.00001079","6751397418","2024-06-13T22:52:44.361Z","bid"
"0.00001077","281143","2024-06-13T22:52:44.361Z","bid"
"0.00001075","32475679","2024-06-13T22:52:44.361Z","bid"
"0.00001071","1042542","2024-06-13T22:52:44.361Z","bid"
"0.0000107","1814974","2024-06-13T22:52:44.361Z","bid"
"0.00001065","938967","2024-06-13T22:52:44.361Z","bid"
"0.00001062","10485000","2024-06-13T22:52:44.361Z","bid"
"0.0000106","9339622","2024-06-13T22:52:44.361Z","bid"
"0.00001056","1","2024-06-13T22:52:44.361Z","bid"
"0.00001055","752275","2024-06-13T22:52:44.361Z","bid"
"0.00001053","690911","2024-06-13T22:52:44.361Z","bid"
"0.00001052","151080603","2024-06-13T22:52:44.361Z","bid"
"0.00001051","301267","2024-06-13T22:52:44.361Z","bid"
"0.0000105","24735714","2024-06-13T22:52:44.361Z","bid"
"0.00001048","9541529","2024-06-13T22:52:44.361Z","bid"
"0.00001045","5675493","2024-06-13T22:52:44.361Z","bid"
"0.00001044","1860174","2024-06-13T22:52:44.361Z","bid"
"0.00001043","9491850","2024-06-13T22:52:44.361Z","bid"
"0.00001042","27422774","2024-06-13T22:52:44.361Z","bid"
"0.00001035","100000","2024-06-13T22:52:44.361Z","bid"
"0.00001034","9666038","2024-06-13T22:52:44.361Z","bid"
"0.00001033","2400774","2024-06-13T22:52:44.361Z","bid"
"0.00001028","5772033","2024-06-13T22:52:44.361Z","bid"
"0.00001022","309816","2024-06-13T22:52:44.361Z","bid"
"0.00001019","2948353","2024-06-13T22:52:44.361Z","bid"
"0.00001015","122739709","2024-06-13T22:52:44.361Z","bid"
"0.00001012","8000000","2024-06-13T22:52:44.361Z","bid"
"0.00001011","39817012","2024-06-13T22:52:44.361Z","bid"
"0.0000101","14851485","2024-06-13T22:52:44.361Z","bid"
"0.00001006","50623494","2024-06-13T22:52:44.361Z","bid"
"0.00001005","1050000","2024-06-13T22:52:44.361Z","bid"
"0.00001002","792066","2024-06-13T22:52:44.361Z","bid"
"0.00001","8462955703","2024-06-13T22:52:44.361Z","bid"
"0.00000999","8000000","2024-06-13T22:52:44.361Z","bid"
"0.00000998","54100000","2024-06-13T22:52:44.361Z","bid"
"0.00000996","125837605","2024-06-13T22:52:44.361Z","bid"
"0.00000994","3314829","2024-06-13T22:52:44.361Z","bid"
"0.00000993","1000000","2024-06-13T22:52:44.361Z","bid"
"0.00000991","20800000","2024-06-13T22:52:44.361Z","bid"
"0.0000099","151818181","2024-06-13T22:52:44.361Z","bid"
"0.00000986","4967682","2024-06-13T22:52:44.361Z","bid"
"0.00000983","505849","2024-06-13T22:52:44.361Z","bid"
"0.0000098","5071490","2024-06-13T22:52:44.361Z","bid"
"0.00000979","41836734","2024-06-13T22:52:44.361Z","bid"
"0.00000977","812334","2024-06-13T22:52:44.361Z","bid"
"0.00000974","15315708","2024-06-13T22:52:44.361Z","bid"
"0.0000097","1162542","2024-06-13T22:52:44.361Z","bid"
"0.00000969","2004150","2024-06-13T22:52:44.361Z","bid"
"0.00000967","36211614","2024-06-13T22:52:44.361Z","bid"
"0.00000965","120000","2024-06-13T22:52:44.361Z","bid"
"0.0000096","119903505","2024-06-13T22:52:44.361Z","bid"
"0.00000955","76989528","2024-06-13T22:52:44.361Z","bid"
"0.00000952","833666","2024-06-13T22:52:44.361Z","bid"
"0.0000095","98416297","2024-06-13T22:52:44.361Z","bid"
"0.00000947","19042542","2024-06-13T22:52:44.361Z","bid"
"0.00000946","2052877","2024-06-13T22:52:44.361Z","bid"
"0.00000944","2942372","2024-06-13T22:52:44.361Z","bid"
"0.00000942","22595541","2024-06-13T22:52:44.361Z","bid"
"0.0000094","4116416","2024-06-13T22:52:44.361Z","bid"
"0.00000935","10609625","2024-06-13T22:52:44.361Z","bid"
"0.0000093","2150538","2024-06-13T22:52:44.361Z","bid"
"0.00000928","855227","2024-06-13T22:52:44.361Z","bid"
"0.00000925","4000000","2024-06-13T22:52:44.361Z","bid"
"0.00000924","1042542","2024-06-13T22:52:44.361Z","bid"
"0.00000923","9604032","2024-06-13T22:52:44.361Z","bid"
"0.00000921","1995000","2024-06-13T22:52:44.361Z","bid"
"0.0000092","16757335","2024-06-13T22:52:44.361Z","bid"
"0.00000914","346424","2024-06-13T22:52:44.361Z","bid"
"0.0000091","1860660","2024-06-13T22:52:44.361Z","bid"
"0.00000909","550549","2024-06-13T22:52:44.361Z","bid"
"0.00000901","1042542","2024-06-13T22:52:44.361Z","bid"
"0.000009","846820888","2024-06-13T22:52:44.361Z","bid"
"0.00000899","4000000","2024-06-13T22:52:44.361Z","bid"
"0.00000889","356166","2024-06-13T22:52:44.361Z","bid"
"0.0000088","68306477","2024-06-13T22:52:44.361Z","bid"
"0.00000879","1042542","2024-06-13T22:52:44.361Z","bid"
"0.00000878","2211870","2024-06-13T22:52:44.361Z","bid"
"0.00000877","114025085","2024-06-13T22:52:44.361Z","bid"
"0.00000867","37941176","2024-06-13T22:52:44.361Z","bid"
"0.00000864","366472","2024-06-13T22:52:44.361Z","bid"
"0.0000086","1700000","2024-06-13T22:52:44.361Z","bid"
"0.00000858","1042542","2024-06-13T22:52:44.361Z","bid"
"0.00000857","2266070","2024-06-13T22:52:44.361Z","bid"
"0.00000855","7320467","2024-06-13T22:52:44.361Z","bid"
"0.00000853","46635404","2024-06-13T22:52:44.361Z","bid"
"0.0000085","8963312","2024-06-13T22:52:44.361Z","bid"
"0.00000844","120645638","2024-06-13T22:52:44.361Z","bid"
"0.0000084","376943","2024-06-13T22:52:44.361Z","bid"
"0.00000837","1042542","2024-06-13T22:52:44.361Z","bid"
"0.00000836","2322993","2024-06-13T22:52:44.361Z","bid"
"0.00000821","10000000","2024-06-13T22:52:44.361Z","bid"
"0.0000082","1000000","2024-06-13T22:52:44.361Z","bid"
"0.00000817","1430096","2024-06-13T22:52:44.361Z","bid"
"0.00000816","2379929","2024-06-13T22:52:44.361Z","bid"
"0.00000805","5000000","2024-06-13T22:52:44.361Z","bid"
"0.00000804","126559043","2024-06-13T22:52:44.361Z","bid"
"0.000008","367937782","2024-06-13T22:52:44.361Z","bid"
"0.00000797","1042542","2024-06-13T22:52:44.361Z","bid"
"0.00000794","398781","2024-06-13T22:52:44.361Z","bid"
"0.00000792","4419192","2024-06-13T22:52:44.361Z","bid"
"0.00000781","19129321","2024-06-13T22:52:44.361Z","bid"
"0.00000777","161223672","2024-06-13T22:52:44.361Z","bid"
"0.00000772","410145","2024-06-13T22:52:44.361Z","bid"
"0.00000762","1500000","2024-06-13T22:52:44.361Z","bid"
"0.0000076","1500000","2024-06-13T22:52:44.361Z","bid"
"0.00000758","41141160","2024-06-13T22:52:44.361Z","bid"
"0.00000751","421614","2024-06-13T22:52:44.361Z","bid"
"0.0000075","160900000","2024-06-13T22:52:44.361Z","bid"
"0.00000739","1000000","2024-06-13T22:52:44.361Z","bid"
"0.0000073","433743","2024-06-13T22:52:44.361Z","bid"
"0.00000729","102880658","2024-06-13T22:52:44.361Z","bid"
"0.00000728","1000000","2024-06-13T22:52:44.361Z","bid"
"0.0000071","445961","2024-06-13T22:52:44.361Z","bid"
"0.00000708","1619736","2024-06-13T22:52:44.361Z","bid"
"0.000007","41405713","2024-06-13T22:52:44.361Z","bid"
"0.00000699","10000000","2024-06-13T22:52:44.361Z","bid"
"0.00000692","850000","2024-06-13T22:52:44.361Z","bid"
"0.0000069","7001546","2024-06-13T22:52:44.361Z","bid"
"0.00000671","471881","2024-06-13T22:52:44.361Z","bid"
"0.00000663","2500000","2024-06-13T22:52:44.361Z","bid"
"0.00000659","1000000","2024-06-13T22:52:44.361Z","bid"
"0.00000658","16965000","2024-06-13T22:52:44.361Z","bid"
"0.00000652","485632","2024-06-13T22:52:44.361Z","bid"
"0.0000065","700000","2024-06-13T22:52:44.361Z","bid"
"0.00000649","1000000","2024-06-13T22:52:44.361Z","bid"
"0.00000634","12795908","2024-06-13T22:52:44.361Z","bid"
"0.0000063","421487","2024-06-13T22:52:44.361Z","bid"
"0.00000628","1000000","2024-06-13T22:52:44.361Z","bid"
"0.00000624","16025641","2024-06-13T22:52:44.361Z","bid"
"0.00000621","25000000","2024-06-13T22:52:44.361Z","bid"
"0.0000062","431946757","2024-06-13T22:52:44.361Z","bid"
"0.00000616","514013","2024-06-13T22:52:44.361Z","bid"
"0.00000613","4988257","2024-06-13T22:52:44.361Z","bid"
"0.0000061","440198","2024-06-13T22:52:44.361Z","bid"
"0.00000607","2500000","2024-06-13T22:52:44.361Z","bid"
"0.00000605","1570554615","2024-06-13T22:52:44.361Z","bid"
"0.000006","26200000","2024-06-13T22:52:44.361Z","bid"
"0.00000599","528601","2024-06-13T22:52:44.361Z","bid"
"0.00000593","12521548","2024-06-13T22:52:44.361Z","bid"
"0.00000582","544041","2024-06-13T22:52:44.361Z","bid"
"0.0000058","459083","2024-06-13T22:52:44.361Z","bid"
"0.00000566","559421","2024-06-13T22:52:44.361Z","bid"
"0.0000056","1256808","2024-06-13T22:52:44.361Z","bid"
"0.0000055","23635123","2024-06-13T22:52:44.361Z","bid"
"0.00000545","54743119","2024-06-13T22:52:44.361Z","bid"
"0.00000542","2000000","2024-06-13T22:52:44.361Z","bid"
"0.0000054","499317","2024-06-13T22:52:44.361Z","bid"
"0.00000536","1000000","2024-06-13T22:52:44.361Z","bid"
"0.00000535","591836","2024-06-13T22:52:44.361Z","bid"
"0.0000053","30377358","2024-06-13T22:52:44.361Z","bid"
"0.00000525","7558095","2024-06-13T22:52:44.361Z","bid"
"0.00000522","10000000","2024-06-13T22:52:44.361Z","bid"
"0.0000052","608908","2024-06-13T22:52:44.361Z","bid"
"0.0000051","4520737","2024-06-13T22:52:44.361Z","bid"
"0.00000505","626994","2024-06-13T22:52:44.361Z","bid"
"0.000005","4126619708","2024-06-13T22:52:44.361Z","bid"
"0.00000497","5000000","2024-06-13T22:52:44.361Z","bid"
"0.00000491","644872","2024-06-13T22:52:44.361Z","bid"
"0.0000049","1001543077","2024-06-13T22:52:44.361Z","bid"
"0.00000477","663799","2024-06-13T22:52:44.361Z","bid"
"0.0000047","21305682","2024-06-13T22:52:44.361Z","bid"
"0.00000464","682397","2024-06-13T22:52:44.361Z","bid"
"0.00000459","23442139","2024-06-13T22:52:44.361Z","bid"
"0.00000451","702067","2024-06-13T22:52:44.361Z","bid"
"0.0000045","111831582","2024-06-13T22:52:44.361Z","bid"
"0.0000044","616012","2024-06-13T22:52:44.361Z","bid"
"0.00000438","722905","2024-06-13T22:52:44.361Z","bid"
"0.00000436","228832951","2024-06-13T22:52:44.361Z","bid"
"0.00000433","2000000","2024-06-13T22:52:44.361Z","bid"
"0.00000426","743268","2024-06-13T22:52:44.361Z","bid"
"0.0000042","642439","2024-06-13T22:52:44.361Z","bid"
"0.00000414","764812","2024-06-13T22:52:44.361Z","bid"
"0.0000041","18686573","2024-06-13T22:52:44.361Z","bid"
"0.00000408","27450000","2024-06-13T22:52:44.361Z","bid"
"0.00000402","787642","2024-06-13T22:52:44.361Z","bid"
"0.000004","3139165747","2024-06-13T22:52:44.361Z","bid"
"0.00000399","18000000","2024-06-13T22:52:44.361Z","bid"
"0.9","13888452","2024-06-13T22:52:44.360Z","ask"
"0.91","16560185","2024-06-13T22:52:44.360Z","ask"
"0.91091901","1","2024-06-13T22:52:44.360Z","ask"
"0.95","23374030","2024-06-13T22:52:44.360Z","ask"
"0.96","281250","2024-06-13T22:52:44.360Z","ask"
"0.965","211492","2024-06-13T22:52:44.360Z","ask"
"0.97","473427","2024-06-13T22:52:44.360Z","ask"
"0.98","4080135","2024-06-13T22:52:44.360Z","ask"
"0.981","8701512","2024-06-13T22:52:44.360Z","ask"
"0.9875","1000000","2024-06-13T22:52:44.360Z","ask"
"0.99","6579592","2024-06-13T22:52:44.360Z","ask"
"1","1254664736","2024-06-13T22:52:44.360Z","ask"
"1.00000001","10000000","2024-06-13T22:52:44.360Z","ask"
"1.00000099","166923","2024-06-13T22:52:44.360Z","ask"
"1.000001","12555926","2024-06-13T22:52:44.360Z","ask"
"1.00002441","1","2024-06-13T22:52:44.360Z","ask"
"1.00100112","1","2024-06-13T22:52:44.360Z","ask"
"1.00100227","1","2024-06-13T22:52:44.360Z","ask"
"1.00102471","1","2024-06-13T22:52:44.360Z","ask"
"1.01","10791824","2024-06-13T22:52:44.360Z","ask"
"1.01001793","1","2024-06-13T22:52:44.360Z","ask"
"1.01019651","1","2024-06-13T22:52:44.360Z","ask"
"1.01019653","1","2024-06-13T22:52:44.360Z","ask"
"1.021083","1","2024-06-13T22:52:44.360Z","ask"
"1.0217302","1","2024-06-13T22:52:44.360Z","ask"
"1.03","122250","2024-06-13T22:52:44.360Z","ask"
"1.05","1096970","2024-06-13T22:52:44.360Z","ask"
"1.06004521","1","2024-06-13T22:52:44.360Z","ask"
"1.07","57032","2024-06-13T22:52:44.360Z","ask"
"1.0731019","12","2024-06-13T22:52:44.360Z","ask"
"1.0731091","11","2024-06-13T22:52:44.360Z","ask"
"1.09","9635958","2024-06-13T22:52:44.360Z","ask"
"1.09180179","214","2024-06-13T22:52:44.360Z","ask"
"1.0971386","1","2024-06-13T22:52:44.360Z","ask"
"1.09999","12890183","2024-06-13T22:52:44.360Z","ask"
"1.1","218951","2024-06-13T22:52:44.360Z","ask"
"1.11","14886131","2024-06-13T22:52:44.360Z","ask"
"1.2","966874","2024-06-13T22:52:44.360Z","ask"
"1.23","18109786","2024-06-13T22:52:44.360Z","ask"
"1.25","14939213","2024-06-13T22:52:44.360Z","ask"
"1.27","100000","2024-06-13T22:52:44.360Z","ask"
"1.3","285293","2024-06-13T22:52:44.360Z","ask"
"1.30013001","1001","2024-06-13T22:52:44.360Z","ask"
"1.32","7179557","2024-06-13T22:52:44.360Z","ask"
"1.3718819","11","2024-06-13T22:52:44.360Z","ask"
"1.4","10100001","2024-06-13T22:52:44.360Z","ask"
"1.5","2833871","2024-06-13T22:52:44.360Z","ask"
"1.50323917","127200","2024-06-13T22:52:44.360Z","ask"
"1.532","66917","2024-06-13T22:52:44.360Z","ask"
"1.6","3125000","2024-06-13T22:52:44.360Z","ask"
"1.75","250000","2024-06-13T22:52:44.360Z","ask"
"1.8","5533508","2024-06-13T22:52:44.360Z","ask"
"1.9","82000","2024-06-13T22:52:44.360Z","ask"
"2","317247967","2024-06-13T22:52:44.360Z","ask"
"2.01","50100000","2024-06-13T22:52:44.360Z","ask"
"2.04","1000000","2024-06-13T22:52:44.360Z","ask"
"2.1","139488891","2024-06-13T22:52:44.360Z","ask"
"2.19","550000","2024-06-13T22:52:44.360Z","ask"
"2.2","139488891","2024-06-13T22:52:44.360Z","ask"
"2.3","139488891","2024-06-13T22:52:44.360Z","ask"
"2.39","1000000","2024-06-13T22:52:44.360Z","ask"
"2.4","139488891","2024-06-13T22:52:44.360Z","ask"
"2.5","141024501","2024-06-13T22:52:44.360Z","ask"
"2.55","229057","2024-06-13T22:52:44.360Z","ask"
"2.6","139488891","2024-06-13T22:52:44.360Z","ask"
"2.7","139488891","2024-06-13T22:52:44.360Z","ask"
"2.8","139488891","2024-06-13T22:52:44.360Z","ask"
"2.85","1811170","2024-06-13T22:52:44.360Z","ask"
"2.9","139487898","2024-06-13T22:52:44.360Z","ask"
"2.99","1733509","2024-06-13T22:52:44.360Z","ask"
"3","29806277","2024-06-13T22:52:44.360Z","ask"
"3.2","1562500","2024-06-13T22:52:44.360Z","ask"
"3.25","199362","2024-06-13T22:52:44.360Z","ask"
"3.3","1000000","2024-06-13T22:52:44.360Z","ask"
"3.33","100000","2024-06-13T22:52:44.360Z","ask"
"3.33333333","333333","2024-06-13T22:52:44.360Z","ask"
"4","5958638","2024-06-13T22:52:44.360Z","ask"
"4.2069","297130","2024-06-13T22:52:44.360Z","ask"
"4.25","10848493","2024-06-13T22:52:44.360Z","ask"
"4.5","100000","2024-06-13T22:52:44.360Z","ask"
"4.8","331023","2024-06-13T22:52:44.360Z","ask"
"4.9","100000","2024-06-13T22:52:44.360Z","ask"
"4.99","103446","2024-06-13T22:52:44.360Z","ask"
"5","20873570","2024-06-13T22:52:44.360Z","ask"
"5.25","96970","2024-06-13T22:52:44.360Z","ask"
"5.3","120104","2024-06-13T22:52:44.360Z","ask"
"5.5","3987565","2024-06-13T22:52:44.360Z","ask"
"5.75","199362","2024-06-13T22:52:44.360Z","ask"
"6","9366817","2024-06-13T22:52:44.360Z","ask"
"6.4","1562499","2024-06-13T22:52:44.360Z","ask"
"6.45","97000","2024-06-13T22:52:44.360Z","ask"
"6.75","98000","2024-06-13T22:52:44.360Z","ask"
"6.83","1501222","2024-06-13T22:52:44.360Z","ask"
"7","2766527","2024-06-13T22:52:44.360Z","ask"
"7.45","97000","2024-06-13T22:52:44.360Z","ask"
"7.62310179","1","2024-06-13T22:52:44.360Z","ask"
"7.62310197","1","2024-06-13T22:52:44.360Z","ask"
"7.62310199","1","2024-06-13T22:52:44.360Z","ask"
"7.62310207","1","2024-06-13T22:52:44.360Z","ask"
"7.62310297","1","2024-06-13T22:52:44.360Z","ask"
"7.62310307","1","2024-06-13T22:52:44.360Z","ask"
"7.62310397","1","2024-06-13T22:52:44.360Z","ask"
"7.62310407","1","2024-06-13T22:52:44.360Z","ask"
"7.62310507","1","2024-06-13T22:52:44.360Z","ask"
"7.62310607","1","2024-06-13T22:52:44.360Z","ask"
"7.62310707","1","2024-06-13T22:52:44.360Z","ask"
"7.62310807","1","2024-06-13T22:52:44.360Z","ask"
"7.62310897","1","2024-06-13T22:52:44.360Z","ask"
"7.62310907","1","2024-06-13T22:52:44.360Z","ask"
"7.62310997","1","2024-06-13T22:52:44.360Z","ask"
"7.62311007","1","2024-06-13T22:52:44.360Z","ask"
"7.62311307","1","2024-06-13T22:52:44.360Z","ask"
"7.62311397","1","2024-06-13T22:52:44.360Z","ask"
"7.65","125000","2024-06-13T22:52:44.360Z","ask"
"7.77","1000000","2024-06-13T22:52:44.360Z","ask"
"8","198110685","2024-06-13T22:52:44.360Z","ask"
"8.0143","1","2024-06-13T22:52:44.360Z","ask"
"8.15","97000","2024-06-13T22:52:44.360Z","ask"
"8.25","97000","2024-06-13T22:52:44.360Z","ask"
"8.55","98500","2024-06-13T22:52:44.360Z","ask"
"8.65","122000","2024-06-13T22:52:44.360Z","ask"
"8.9","100000","2024-06-13T22:52:44.360Z","ask"
"9","6545225","2024-06-13T22:52:44.360Z","ask"
"9.1","97000","2024-06-13T22:52:44.360Z","ask"
"9.10901909","1","2024-06-13T22:52:44.360Z","ask"
"9.44999999","98000","2024-06-13T22:52:44.360Z","ask"
"9.5","275000","2024-06-13T22:52:44.360Z","ask"
"9.57","1000000","2024-06-13T22:52:44.360Z","ask"
"9.98","103445","2024-06-13T22:52:44.360Z","ask"
"9.99","25000","2024-06-13T22:52:44.360Z","ask"
"10","21757829","2024-06-13T22:52:44.360Z","ask"
"10.00003407","11","2024-06-13T22:52:44.360Z","ask"
"10.01002119","1","2024-06-13T22:52:44.360Z","ask"
"10.01071019","1","2024-06-13T22:52:44.360Z","ask"
"10.06004521","2","2024-06-13T22:52:44.360Z","ask"
"10.25","1","2024-06-13T22:52:44.360Z","ask"
"10.63245819","1","2024-06-13T22:52:44.360Z","ask"
"10.63245891","1","2024-06-13T22:52:44.360Z","ask"
"10.7188913","11","2024-06-13T22:52:44.360Z","ask"
"10.75","130000","2024-06-13T22:52:44.360Z","ask"
"11","54866","2024-06-13T22:52:44.360Z","ask"
"11.01007193","1","2024-06-13T22:52:44.360Z","ask"
"11.01710913","1","2024-06-13T22:52:44.360Z","ask"
"11.09180171","11","2024-06-13T22:52:44.360Z","ask"
"11.09180179","10","2024-06-13T22:52:44.360Z","ask"
"11.371011","9","2024-06-13T22:52:44.360Z","ask"
"11.371019","11","2024-06-13T22:52:44.360Z","ask"
"11.5","120000","2024-06-13T22:52:44.360Z","ask"
"12","50243560","2024-06-13T22:52:44.360Z","ask"
"12.5","250000","2024-06-13T22:52:44.360Z","ask"
"12.6","793650","2024-06-13T22:52:44.360Z","ask"
"15","219985","2024-06-13T22:52:44.360Z","ask"
"16.5","98000","2024-06-13T22:52:44.360Z","ask"
"16.56","542869","2024-06-13T22:52:44.360Z","ask"
"17","1","2024-06-13T22:52:44.360Z","ask"
"17.45","120000","2024-06-13T22:52:44.360Z","ask"
"17.95","98000","2024-06-13T22:52:44.360Z","ask"
"18","245413","2024-06-13T22:52:44.360Z","ask"
"20","312343","2024-06-13T22:52:44.360Z","ask"
"21.243","89223","2024-06-13T22:52:44.360Z","ask"
"22","98000","2024-06-13T22:52:44.360Z","ask"
"23","99420","2024-06-13T22:52:44.360Z","ask"
"25","17845066","2024-06-13T22:52:44.360Z","ask"
"26","6339040","2024-06-13T22:52:44.360Z","ask"
"37.1013719","1","2024-06-13T22:52:44.360Z","ask"
"37.12102919","1","2024-06-13T22:52:44.360Z","ask"
"40","222043","2024-06-13T22:52:44.360Z","ask"
"40.25","98000","2024-06-13T22:52:44.360Z","ask"
"45","1","2024-06-13T22:52:44.360Z","ask"
"49.76","103445","2024-06-13T22:52:44.360Z","ask"
"50","498250","2024-06-13T22:52:44.360Z","ask"
"52","98000","2024-06-13T22:52:44.360Z","ask"
"54.65","2292516","2024-06-13T22:52:44.360Z","ask"
"59","302267","2024-06-13T22:52:44.360Z","ask"
"75.00000093","1","2024-06-13T22:52:44.360Z","ask"
"77.77","1954658","2024-06-13T22:52:44.360Z","ask"
"90.00003406","3","2024-06-13T22:52:44.360Z","ask"
"91.21019091","1","2024-06-13T22:52:44.360Z","ask"
"94","100000","2024-06-13T22:52:44.360Z","ask"
"96","2875446","2024-06-13T22:52:44.360Z","ask"
"99","1","2024-06-13T22:52:44.360Z","ask"
"100","21903173","2024-06-13T22:52:44.360Z","ask"
"101.01019653","1","2024-06-13T22:52:44.360Z","ask"
"101.06004521","1","2024-06-13T22:52:44.360Z","ask"
"101.12102919","1","2024-06-13T22:52:44.360Z","ask"
"105","1","2024-06-13T22:52:44.360Z","ask"
"111","7283733","2024-06-13T22:52:44.360Z","ask"
"112","112","2024-06-13T22:52:44.360Z","ask"
"120","3807553","2024-06-13T22:52:44.360Z","ask"
"128","256","2024-06-13T22:52:44.360Z","ask"
"131","131","2024-06-13T22:52:44.360Z","ask"
"134","134","2024-06-13T22:52:44.360Z","ask"
"150","12991901","2024-06-13T22:52:44.360Z","ask"
"180","12326210","2024-06-13T22:52:44.360Z","ask"
"200","4","2024-06-13T22:52:44.360Z","ask"
"250","4363523","2024-06-13T22:52:44.360Z","ask"
"350.0031","1","2024-06-13T22:52:44.360Z","ask"
"400","4244755","2024-06-13T22:52:44.360Z","ask"
"500","366596","2024-06-13T22:52:44.360Z","ask"
"555","81373","2024-06-13T22:52:44.360Z","ask"
"700","280","2024-06-13T22:52:44.360Z","ask"
"1000","4022795","2024-06-13T22:52:44.360Z","ask"
"1001.06004521","2","2024-06-13T22:52:44.360Z","ask"
"1027","3370883","2024-06-13T22:52:44.360Z","ask"
"1101.06004521","1","2024-06-13T22:52:44.360Z","ask"
"1200","35788891","2024-06-13T22:52:44.360Z","ask"
"1229","26353890","2024-06-13T22:52:44.360Z","ask"
"1350","1588","2024-06-13T22:52:44.360Z","ask"
"2000","372","2024-06-13T22:52:44.360Z","ask"
"2222","6332","2024-06-13T22:52:44.360Z","ask"
"2250","1","2024-06-13T22:52:44.360Z","ask"
"2343","11","2024-06-13T22:52:44.360Z","ask"
"2400","1","2024-06-13T22:52:44.360Z","ask"
"2500","261036","2024-06-13T22:52:44.360Z","ask"
"3343","11","2024-06-13T22:52:44.360Z","ask"
"4343","11","2024-06-13T22:52:44.360Z","ask"
"5243","11","2024-06-13T22:52:44.360Z","ask"
"6243","12","2024-06-13T22:52:44.360Z","ask"
"7243","11","2024-06-13T22:52:44.360Z","ask"
"9671","1","2024-06-13T22:52:44.360Z","ask"
"10000","1483902","2024-06-13T22:52:44.360Z","ask"
"15563","1","2024-06-13T22:52:44.360Z","ask"
"24529","2","2024-06-13T22:52:44.360Z","ask"
"67553","158619","2024-06-13T22:52:44.360Z","ask"
"100000","38763","2024-06-13T22:52:44.360Z","ask"
"100101.01807193","1","2024-06-13T22:52:44.360Z","ask"
"101091.09180173","8","2024-06-13T22:52:44.360Z","ask"
"101091.09180179","12","2024-06-13T22:52:44.360Z","ask"
"101101.01019563","1","2024-06-13T22:52:44.360Z","ask"
"101101.01019653","1","2024-06-13T22:52:44.360Z","ask"
"101101.01019669","1","2024-06-13T22:52:44.360Z","ask"
"101101.01019673","1","2024-06-13T22:52:44.360Z","ask"
"101101.01019753","1","2024-06-13T22:52:44.360Z","ask"
"101101.01019763","1","2024-06-13T22:52:44.360Z","ask"
"101101.01019769","1","2024-06-13T22:52:44.360Z","ask"
"102479.974201","11","2024-06-13T22:52:44.360Z","ask"
"300000","300000","2024-06-13T22:52:44.360Z","ask"
"500000","287916","2024-06-13T22:52:44.360Z","ask"
"550550","340408","2024-06-13T22:52:44.360Z","ask"
"901091.09180179","11","2024-06-13T22:52:44.360Z","ask"
"913330.01034319","14","2024-06-13T22:52:44.360Z","ask"
"913330.01034391","18","2024-06-13T22:52:44.360Z","ask"
"1000000","3","2024-06-13T22:52:44.360Z","ask"
"1000100","2400","2024-06-13T22:52:44.360Z","ask"
"1000101.06004521","1","2024-06-13T22:52:44.360Z","ask"
"1111111","1000001","2024-06-13T22:52:44.360Z","ask"
"1947569","1","2024-06-13T22:52:44.360Z","ask"
"2000000","1","2024-06-13T22:52:44.360Z","ask"
"6669999","111278","2024-06-13T22:52:44.360Z","ask"
"9999999","11","2024-06-13T22:52:44.360Z","ask"
"10000000","2491836","2024-06-13T22:52:44.360Z","ask"
"0.00002555","138275714","2024-06-13T22:52:44.360Z","bid"
"0.00002554","462561778","2024-06-13T22:52:44.360Z","bid"
"0.00002553","911346596","2024-06-13T22:52:44.360Z","bid"
"0.00002552","1706949080","2024-06-13T22:52:44.360Z","bid"
"0.00002551","2927104581","2024-06-13T22:52:44.360Z","bid"
"0.0000255","2606418727","2024-06-13T22:52:44.360Z","bid"
"0.00002549","456018760","2024-06-13T22:52:44.360Z","bid"
"0.00002548","689326000","2024-06-13T22:52:44.360Z","bid"
"0.00002547","2804903185","2024-06-13T22:52:44.360Z","bid"
"0.00002546","29356000","2024-06-13T22:52:44.360Z","bid"
"0.00002545","14096666","2024-06-13T22:52:44.360Z","bid"
"0.00002544","2820119403","2024-06-13T22:52:44.360Z","bid"
"0.00002543","110377938","2024-06-13T22:52:44.360Z","bid"
"0.00002542","13908635220","2024-06-13T22:52:44.360Z","bid"
"0.00002541","299926560","2024-06-13T22:52:44.360Z","bid"
"0.0000254","1238359585","2024-06-13T22:52:44.360Z","bid"
"0.00002539","234267939","2024-06-13T22:52:44.360Z","bid"
"0.00002538","7155240","2024-06-13T22:52:44.360Z","bid"
"0.00002537","9189010","2024-06-13T22:52:44.360Z","bid"
"0.00002536","12389082","2024-06-13T22:52:44.360Z","bid"
"0.00002535","142099402","2024-06-13T22:52:44.360Z","bid"
"0.00002534","19540122","2024-06-13T22:52:44.360Z","bid"
"0.00002533","372470966","2024-06-13T22:52:44.360Z","bid"
"0.00002532","320199740","2024-06-13T22:52:44.360Z","bid"
"0.00002531","3456557217","2024-06-13T22:52:44.360Z","bid"
"0.0000253","387629828","2024-06-13T22:52:44.360Z","bid"
"0.00002529","215733702","2024-06-13T22:52:44.360Z","bid"
"0.00002528","184990330","2024-06-13T22:52:44.360Z","bid"
"0.00002527","8858279","2024-06-13T22:52:44.360Z","bid"
"0.00002526","9652100","2024-06-13T22:52:44.360Z","bid"
"0.00002525","20618971","2024-06-13T22:52:44.360Z","bid"
"0.00002524","325900480","2024-06-13T22:52:44.360Z","bid"
"0.00002523","7209671","2024-06-13T22:52:44.360Z","bid"
"0.00002522","7213322","2024-06-13T22:52:44.360Z","bid"
"0.00002521","9457122","2024-06-13T22:52:44.360Z","bid"
"0.0000252","500046645","2024-06-13T22:52:44.360Z","bid"
"0.00002519","26119048","2024-06-13T22:52:44.360Z","bid"
"0.00002518","80671767","2024-06-13T22:52:44.360Z","bid"
"0.00002517","405201803","2024-06-13T22:52:44.360Z","bid"
"0.00002516","1996031958","2024-06-13T22:52:44.360Z","bid"
"0.00002515","248484548","2024-06-13T22:52:44.360Z","bid"
"0.00002514","13134039","2024-06-13T22:52:44.360Z","bid"
"0.00002513","33784170","2024-06-13T22:52:44.360Z","bid"
"0.00002512","7250000","2024-06-13T22:52:44.360Z","bid"
"0.00002511","8862184","2024-06-13T22:52:44.360Z","bid"
"0.0000251","2197284132","2024-06-13T22:52:44.360Z","bid"
"0.00002509","167722061","2024-06-13T22:52:44.360Z","bid"
"0.00002508","16041067","2024-06-13T22:52:44.360Z","bid"
"0.00002507","21546584","2024-06-13T22:52:44.360Z","bid"
"0.00002506","10642375","2024-06-13T22:52:44.360Z","bid"
"0.00002505","327644819","2024-06-13T22:52:44.360Z","bid"
"0.00002504","703352559","2024-06-13T22:52:44.360Z","bid"
"0.00002503","9638032","2024-06-13T22:52:44.360Z","bid"
"0.00002502","77680636","2024-06-13T22:52:44.360Z","bid"
"0.00002501","845123878","2024-06-13T22:52:44.360Z","bid"
"0.000025","6945764138","2024-06-13T22:52:44.360Z","bid"
"0.00002499","75002974","2024-06-13T22:52:44.360Z","bid"
"0.00002498","13351637","2024-06-13T22:52:44.360Z","bid"
"0.00002497","44906383","2024-06-13T22:52:44.360Z","bid"
"0.00002496","60340620","2024-06-13T22:52:44.360Z","bid"
"0.00002495","4336256","2024-06-13T22:52:44.360Z","bid"
"0.00002494","793878","2024-06-13T22:52:44.360Z","bid"
"0.00002493","172346975","2024-06-13T22:52:44.360Z","bid"
"0.00002492","280255242","2024-06-13T22:52:44.360Z","bid"
"0.00002491","897955136","2024-06-13T22:52:44.360Z","bid"
"0.0000249","22069881","2024-06-13T22:52:44.360Z","bid"
"0.00002489","6465173","2024-06-13T22:52:44.360Z","bid"
"0.00002488","13609896","2024-06-13T22:52:44.360Z","bid"
"0.00002487","54179823","2024-06-13T22:52:44.360Z","bid"
"0.00002486","10040312","2024-06-13T22:52:44.360Z","bid"
"0.00002485","15620924","2024-06-13T22:52:44.360Z","bid"
"0.00002484","10092158","2024-06-13T22:52:44.360Z","bid"
"0.00002483","4699876","2024-06-13T22:52:44.360Z","bid"
"0.00002482","9691600","2024-06-13T22:52:44.360Z","bid"
"0.00002481","17889135","2024-06-13T22:52:44.360Z","bid"
"0.0000248","39509503","2024-06-13T22:52:44.360Z","bid"
"0.00002479","163816247","2024-06-13T22:52:44.360Z","bid"
"0.00002478","6317935","2024-06-13T22:52:44.360Z","bid"
"0.00002477","1052547980","2024-06-13T22:52:44.360Z","bid"
"0.00002476","41266","2024-06-13T22:52:44.360Z","bid"
"0.00002475","110437986","2024-06-13T22:52:44.360Z","bid"
"0.00002474","41549","2024-06-13T22:52:44.360Z","bid"
"0.00002472","42215705","2024-06-13T22:52:44.360Z","bid"
"0.00002471","29525822","2024-06-13T22:52:44.360Z","bid"
"0.0000247","17499653","2024-06-13T22:52:44.360Z","bid"
"0.00002469","240282503","2024-06-13T22:52:44.360Z","bid"
"0.00002468","2121346","2024-06-13T22:52:44.360Z","bid"
"0.00002467","101684112","2024-06-13T22:52:44.360Z","bid"
"0.00002466","936531675","2024-06-13T22:52:44.360Z","bid"
"0.00002465","85073815","2024-06-13T22:52:44.360Z","bid"
"0.00002464","14012591","2024-06-13T22:52:44.360Z","bid"
"0.00002463","520190254","2024-06-13T22:52:44.360Z","bid"
"0.00002462","61109573","2024-06-13T22:52:44.360Z","bid"
"0.00002461","694756","2024-06-13T22:52:44.360Z","bid"
"0.0000246","5231478","2024-06-13T22:52:44.360Z","bid"
"0.00002459","1116021","2024-06-13T22:52:44.360Z","bid"
"0.00002458","20334338","2024-06-13T22:52:44.360Z","bid"
"0.00002457","33659804","2024-06-13T22:52:44.360Z","bid"
"0.00002456","290187","2024-06-13T22:52:44.360Z","bid"
"0.00002455","54226220","2024-06-13T22:52:44.360Z","bid"
"0.00002454","46867100","2024-06-13T22:52:44.360Z","bid"
"0.00002453","56919240","2024-06-13T22:52:44.360Z","bid"
"0.00002452","133599439","2024-06-13T22:52:44.360Z","bid"
"0.00002451","4057527","2024-06-13T22:52:44.360Z","bid"
"0.0000245","793709218","2024-06-13T22:52:44.360Z","bid"
"0.00002449","168102549","2024-06-13T22:52:44.360Z","bid"
"0.00002447","22059476","2024-06-13T22:52:44.360Z","bid"
"0.00002446","7093902","2024-06-13T22:52:44.360Z","bid"
"0.00002445","18296458","2024-06-13T22:52:44.360Z","bid"
"0.00002444","156682867","2024-06-13T22:52:44.360Z","bid"
"0.00002443","28834002","2024-06-13T22:52:44.360Z","bid"
"0.00002441","7766167","2024-06-13T22:52:44.360Z","bid"
"0.0000244","102459016","2024-06-13T22:52:44.360Z","bid"
"0.00002439","4369509","2024-06-13T22:52:44.360Z","bid"
"0.00002438","67573731","2024-06-13T22:52:44.360Z","bid"
"0.00002437","74130604","2024-06-13T22:52:44.360Z","bid"
"0.00002436","40948275","2024-06-13T22:52:44.360Z","bid"
"0.00002435","53972","2024-06-13T22:52:44.360Z","bid"
"0.00002434","11705627","2024-06-13T22:52:44.360Z","bid"
"0.00002433","91641968","2024-06-13T22:52:44.360Z","bid"
"0.00002432","66452781","2024-06-13T22:52:44.360Z","bid"
"0.00002431","33307368","2024-06-13T22:52:44.360Z","bid"
"0.0000243","81975308","2024-06-13T22:52:44.360Z","bid"
"0.00002429","546392","2024-06-13T22:52:44.360Z","bid"
"0.00002428","15000000","2024-06-13T22:52:44.360Z","bid"
"0.00002427","786399","2024-06-13T22:52:44.360Z","bid"
"0.00002426","23813069","2024-06-13T22:52:44.360Z","bid"
"0.00002425","1558146329","2024-06-13T22:52:44.360Z","bid"
"0.00002424","900526","2024-06-13T22:52:44.360Z","bid"
"0.00002423","501133406","2024-06-13T22:52:44.360Z","bid"
"0.00002422","335713","2024-06-13T22:52:44.360Z","bid"
"0.00002421","127184111","2024-06-13T22:52:44.360Z","bid"
"0.0000242","37646132","2024-06-13T22:52:44.360Z","bid"
"0.00002419","911844","2024-06-13T22:52:44.360Z","bid"
"0.00002418","803152","2024-06-13T22:52:44.360Z","bid"
"0.00002416","257173326","2024-06-13T22:52:44.360Z","bid"
"0.00002415","24059656","2024-06-13T22:52:44.360Z","bid"
"0.00002414","131165","2024-06-13T22:52:44.360Z","bid"
"0.00002412","5190667","2024-06-13T22:52:44.360Z","bid"
"0.00002411","2128251","2024-06-13T22:52:44.360Z","bid"
"0.0000241","144133568","2024-06-13T22:52:44.360Z","bid"
"0.00002409","4272056","2024-06-13T22:52:44.360Z","bid"
"0.00002408","32909863","2024-06-13T22:52:44.360Z","bid"
"0.00002407","4627265018","2024-06-13T22:52:44.360Z","bid"
"0.00002406","1000000","2024-06-13T22:52:44.360Z","bid"
"0.00002405","917689","2024-06-13T22:52:44.360Z","bid"
"0.00002404","221926130","2024-06-13T22:52:44.360Z","bid"
"0.00002403","152636","2024-06-13T22:52:44.360Z","bid"
"0.00002402","3205661","2024-06-13T22:52:44.360Z","bid"
"0.00002401","22483342","2024-06-13T22:52:44.360Z","bid"
"0.000024","8479128192","2024-06-13T22:52:44.360Z","bid"
"0.00002397","4629099","2024-06-13T22:52:44.360Z","bid"
"0.00002396","32055312","2024-06-13T22:52:44.360Z","bid"
"0.00002395","12457202","2024-06-13T22:52:44.360Z","bid"
"0.00002394","748620","2024-06-13T22:52:44.360Z","bid"
"0.00002393","544131758","2024-06-13T22:52:44.360Z","bid"
"0.00002392","1043060","2024-06-13T22:52:44.360Z","bid"
"0.00002391","2257290","2024-06-13T22:52:44.360Z","bid"
"0.0000239","139540857","2024-06-13T22:52:44.360Z","bid"
"0.00002389","240791965","2024-06-13T22:52:44.360Z","bid"
"0.00002388","50432644","2024-06-13T22:52:44.360Z","bid"
"0.00002387","1429246","2024-06-13T22:52:44.360Z","bid"
"0.00002386","332628","2024-06-13T22:52:44.360Z","bid"
"0.00002384","4778286","2024-06-13T22:52:44.360Z","bid"
"0.00002383","717496","2024-06-13T22:52:44.360Z","bid"
"0.00002382","65166317","2024-06-13T22:52:44.360Z","bid"
"0.00002381","13780553","2024-06-13T22:52:44.360Z","bid"
"0.0000238","100430021","2024-06-13T22:52:44.360Z","bid"
"0.00002379","33507836","2024-06-13T22:52:44.360Z","bid"
"0.00002377","60164323","2024-06-13T22:52:44.360Z","bid"
"0.00002375","7929910","2024-06-13T22:52:44.360Z","bid"
"0.00002374","15666690","2024-06-13T22:52:44.360Z","bid"
"0.00002373","354383","2024-06-13T22:52:44.360Z","bid"
"0.00002372","6400109","2024-06-13T22:52:44.360Z","bid"
"0.00002371","4005000","2024-06-13T22:52:44.360Z","bid"
"0.0000237","343079","2024-06-13T22:52:44.360Z","bid"
"0.00002369","89998499","2024-06-13T22:52:44.360Z","bid"
"0.00002367","70883067","2024-06-13T22:52:44.360Z","bid"
"0.00002366","295857988","2024-06-13T22:52:44.360Z","bid"
"0.00002365","176412","2024-06-13T22:52:44.360Z","bid"
"0.00002364","55593","2024-06-13T22:52:44.360Z","bid"
"0.00002363","527666102","2024-06-13T22:52:44.360Z","bid"
"0.00002362","5131709","2024-06-13T22:52:44.360Z","bid"
"0.0000236","53582583","2024-06-13T22:52:44.360Z","bid"
"0.00002359","823239","2024-06-13T22:52:44.360Z","bid"
"0.00002358","50000","2024-06-13T22:52:44.360Z","bid"
"0.00002357","46836657","2024-06-13T22:52:44.360Z","bid"
"0.00002356","130526","2024-06-13T22:52:44.360Z","bid"
"0.00002355","777777","2024-06-13T22:52:44.360Z","bid"
"0.00002354","1385439","2024-06-13T22:52:44.360Z","bid"
"0.00002353","31842064","2024-06-13T22:52:44.360Z","bid"
"0.00002352","425171","2024-06-13T22:52:44.360Z","bid"
"0.00002351","20610951","2024-06-13T22:52:44.360Z","bid"
"0.0000235","194629825","2024-06-13T22:52:44.360Z","bid"
"0.00002349","251895427","2024-06-13T22:52:44.360Z","bid"
"0.00002348","291063","2024-06-13T22:52:44.360Z","bid"
"0.00002347","1071642","2024-06-13T22:52:44.360Z","bid"
"0.00002346","80000","2024-06-13T22:52:44.360Z","bid"
"0.00002345","53206058","2024-06-13T22:52:44.360Z","bid"
"0.00002344","1518089","2024-06-13T22:52:44.360Z","bid"
"0.00002343","35170","2024-06-13T22:52:44.360Z","bid"
"0.00002342","85392779","2024-06-13T22:52:44.360Z","bid"
"0.00002341","594446","2024-06-13T22:52:44.360Z","bid"
"0.0000234","36675375","2024-06-13T22:52:44.360Z","bid"
"0.00002339","7956590","2024-06-13T22:52:44.360Z","bid"
"0.00002338","101528048","2024-06-13T22:52:44.360Z","bid"
"0.00002337","92360665","2024-06-13T22:52:44.360Z","bid"
"0.00002336","306916964","2024-06-13T22:52:44.360Z","bid"
"0.00002334","101594033","2024-06-13T22:52:44.360Z","bid"
"0.00002333","107011078","2024-06-13T22:52:44.360Z","bid"
"0.00002332","30115813","2024-06-13T22:52:44.360Z","bid"
"0.00002331","38846831","2024-06-13T22:52:44.360Z","bid"
"0.0000233","1933817","2024-06-13T22:52:44.360Z","bid"
"0.00002329","16314082","2024-06-13T22:52:44.360Z","bid"
"0.00002326","1559746","2024-06-13T22:52:44.360Z","bid"
"0.00002325","3537066","2024-06-13T22:52:44.360Z","bid"
"0.00002324","1598455","2024-06-13T22:52:44.360Z","bid"
"0.00002323","3062655099","2024-06-13T22:52:44.360Z","bid"
"0.00002321","179757","2024-06-13T22:52:44.360Z","bid"
"0.0000232","26847070","2024-06-13T22:52:44.360Z","bid"
"0.00002319","1087922","2024-06-13T22:52:44.360Z","bid"
"0.00002318","11209305","2024-06-13T22:52:44.360Z","bid"
"0.00002317","287168","2024-06-13T22:52:44.360Z","bid"
"0.00002316","1185770","2024-06-13T22:52:44.360Z","bid"
"0.00002315","1071274","2024-06-13T22:52:44.360Z","bid"
"0.00002314","352674","2024-06-13T22:52:44.360Z","bid"
"0.00002313","11072012","2024-06-13T22:52:44.360Z","bid"
"0.00002311","21549112","2024-06-13T22:52:44.360Z","bid"
"0.0000231","58345094","2024-06-13T22:52:44.360Z","bid"
"0.00002309","11123213","2024-06-13T22:52:44.360Z","bid"
"0.00002308","13680585","2024-06-13T22:52:44.360Z","bid"
"0.00002305","9643939","2024-06-13T22:52:44.360Z","bid"
"0.00002303","40449933","2024-06-13T22:52:44.360Z","bid"
"0.00002302","100843623","2024-06-13T22:52:44.360Z","bid"
"0.00002301","2161016","2024-06-13T22:52:44.360Z","bid"
"0.000023","4228306239","2024-06-13T22:52:44.360Z","bid"
"0.00002299","27306420","2024-06-13T22:52:44.360Z","bid"
"0.00002298","744036","2024-06-13T22:52:44.360Z","bid"
"0.00002296","1042542","2024-06-13T22:52:44.360Z","bid"
"0.00002295","8690921","2024-06-13T22:52:44.360Z","bid"
"0.00002294","447655","2024-06-13T22:52:44.360Z","bid"
"0.00002293","43277336","2024-06-13T22:52:44.360Z","bid"
"0.0000229","327091141","2024-06-13T22:52:44.360Z","bid"
"0.00002288","25000000","2024-06-13T22:52:44.360Z","bid"
"0.00002287","2496018","2024-06-13T22:52:44.360Z","bid"
"0.00002286","296534959","2024-06-13T22:52:44.360Z","bid"
"0.00002285","41539187","2024-06-13T22:52:44.360Z","bid"
"0.00002284","138630","2024-06-13T22:52:44.360Z","bid"
"0.00002283","391064","2024-06-13T22:52:44.360Z","bid"
"0.00002282","1300185","2024-06-13T22:52:44.360Z","bid"
"0.0000228","542135327","2024-06-13T22:52:44.360Z","bid"
"0.00002278","56874813","2024-06-13T22:52:44.360Z","bid"
"0.00002277","12011288","2024-06-13T22:52:44.360Z","bid"
"0.00002276","19427195","2024-06-13T22:52:44.360Z","bid"
"0.00002275","62863343","2024-06-13T22:52:44.360Z","bid"
"0.00002274","10933377","2024-06-13T22:52:44.360Z","bid"
"0.00002272","57844","2024-06-13T22:52:44.360Z","bid"
"0.00002271","56338085","2024-06-13T22:52:44.360Z","bid"
"0.0000227","358193","2024-06-13T22:52:44.360Z","bid"
"0.00002269","132253152","2024-06-13T22:52:44.360Z","bid"
"0.00002268","22390740","2024-06-13T22:52:44.360Z","bid"
"0.00002267","1266091","2024-06-13T22:52:44.360Z","bid"
"0.00002266","845371","2024-06-13T22:52:44.360Z","bid"
"0.00002265","110099337","2024-06-13T22:52:44.360Z","bid"
"0.00002264","1251908","2024-06-13T22:52:44.360Z","bid"
"0.00002263","6627165","2024-06-13T22:52:44.360Z","bid"
"0.00002262","11344450","2024-06-13T22:52:44.360Z","bid"
"0.0000226","18995530","2024-06-13T22:52:44.360Z","bid"
"0.00002258","22034590","2024-06-13T22:52:44.360Z","bid"
"0.00002256","100076370","2024-06-13T22:52:44.360Z","bid"
"0.00002254","4436557","2024-06-13T22:52:44.360Z","bid"
"0.00002252","22202092","2024-06-13T22:52:44.360Z","bid"
"0.0000225","187028940","2024-06-13T22:52:44.360Z","bid"
"0.00002249","237415","2024-06-13T22:52:44.360Z","bid"
"0.00002248","1221639","2024-06-13T22:52:44.360Z","bid"
"0.00002246","761262","2024-06-13T22:52:44.360Z","bid"
"0.00002245","3263929","2024-06-13T22:52:44.360Z","bid"
"0.00002243","200000000","2024-06-13T22:52:44.360Z","bid"
"0.00002242","7118","2024-06-13T22:52:44.360Z","bid"
"0.00002241","163670","2024-06-13T22:52:44.360Z","bid"
"0.0000224","1042542","2024-06-13T22:52:44.360Z","bid"
"0.00002239","63266495","2024-06-13T22:52:44.360Z","bid"
"0.00002237","7719840","2024-06-13T22:52:44.360Z","bid"
"0.00002236","3330447","2024-06-13T22:52:44.360Z","bid"
"0.00002235","4308855","2024-06-13T22:52:44.360Z","bid"
"0.00002234","31455695","2024-06-13T22:52:44.360Z","bid"
"0.0000223","706790366","2024-06-13T22:52:44.360Z","bid"
"0.00002225","107766014","2024-06-13T22:52:44.360Z","bid"
"0.00002223","426532988","2024-06-13T22:52:44.360Z","bid"
"0.00002222","161597316","2024-06-13T22:52:44.360Z","bid"
"0.00002221","403197","2024-06-13T22:52:44.360Z","bid"
"0.0000222","1591620267","2024-06-13T22:52:44.360Z","bid"
"0.00002219","21779108","2024-06-13T22:52:44.360Z","bid"
"0.00002216","134566","2024-06-13T22:52:44.360Z","bid"
"0.00002215","1405430","2024-06-13T22:52:44.360Z","bid"
"0.00002214","865227","2024-06-13T22:52:44.360Z","bid"
"0.00002213","1123474","2024-06-13T22:52:44.360Z","bid"
"0.00002212","150000","2024-06-13T22:52:44.360Z","bid"
"0.00002211","18500000","2024-06-13T22:52:44.360Z","bid"
"0.0000221","220994430","2024-06-13T22:52:44.360Z","bid"
"0.00002209","15751070","2024-06-13T22:52:44.360Z","bid"
"0.00002208","225996376","2024-06-13T22:52:44.360Z","bid"
"0.00002207","5000000","2024-06-13T22:52:44.360Z","bid"
"0.00002205","899773","2024-06-13T22:52:44.360Z","bid"
"0.00002204","7835427","2024-06-13T22:52:44.360Z","bid"
"0.00002202","23091885","2024-06-13T22:52:44.360Z","bid"
"0.000022","3886221678","2024-06-13T22:52:44.360Z","bid"
"0.00002199","11037266","2024-06-13T22:52:44.360Z","bid"
"0.00002198","77214127","2024-06-13T22:52:44.360Z","bid"
"0.00002197","1132272","2024-06-13T22:52:44.360Z","bid"
"0.00002191","12955982","2024-06-13T22:52:44.360Z","bid"
"0.00002189","4735854","2024-06-13T22:52:44.360Z","bid"
"0.00002188","890750","2024-06-13T22:52:44.360Z","bid"
"0.00002185","1042542","2024-06-13T22:52:44.360Z","bid"
"0.00002184","65104226","2024-06-13T22:52:44.360Z","bid"
"0.00002182","1368590","2024-06-13T22:52:44.360Z","bid"
"0.0000218","463097967","2024-06-13T22:52:44.360Z","bid"
"0.00002179","2146003","2024-06-13T22:52:44.360Z","bid"
"0.00002177","136","2024-06-13T22:52:44.360Z","bid"
"0.00002175","229145059","2024-06-13T22:52:44.360Z","bid"
"0.00002174","37904","2024-06-13T22:52:44.360Z","bid"
"0.00002173","374182","2024-06-13T22:52:44.360Z","bid"
"0.00002172","10700866","2024-06-13T22:52:44.360Z","bid"
"0.0000217","27944336","2024-06-13T22:52:44.360Z","bid"
"0.00002169","2251802","2024-06-13T22:52:44.360Z","bid"
"0.00002168","23108302","2024-06-13T22:52:44.360Z","bid"
"0.00002166","10000000","2024-06-13T22:52:44.360Z","bid"
"0.00002164","169494","2024-06-13T22:52:44.360Z","bid"
"0.00002163","11497054","2024-06-13T22:52:44.360Z","bid"
"0.00002161","146521","2024-06-13T22:52:44.360Z","bid"
"0.0000216","110744","2024-06-13T22:52:44.360Z","bid"
"0.00002159","1395405","2024-06-13T22:52:44.360Z","bid"
"0.00002158","14363530","2024-06-13T22:52:44.360Z","bid"
"0.00002157","100363837","2024-06-13T22:52:44.360Z","bid"
"0.00002156","97319656","2024-06-13T22:52:44.360Z","bid"
"0.00002155","91237465","2024-06-13T22:52:44.360Z","bid"
"0.00002154","368454","2024-06-13T22:52:44.360Z","bid"
"0.00002151","916022","2024-06-13T22:52:44.360Z","bid"
"0.0000215","338342046","2024-06-13T22:52:44.360Z","bid"
"0.00002149","1277917","2024-06-13T22:52:44.360Z","bid"
"0.00002148","9839147","2024-06-13T22:52:44.360Z","bid"
"0.00002147","80000","2024-06-13T22:52:44.360Z","bid"
"0.00002145","116037295","2024-06-13T22:52:44.360Z","bid"
"0.00002144","1","2024-06-13T22:52:44.360Z","bid"
"0.00002143","1322594","2024-06-13T22:52:44.360Z","bid"
"0.0000214","27771038","2024-06-13T22:52:44.360Z","bid"
"0.00002139","171475","2024-06-13T22:52:44.360Z","bid"
"0.00002137","1726523","2024-06-13T22:52:44.360Z","bid"
"0.00002136","150","2024-06-13T22:52:44.360Z","bid"
"0.00002134","53811","2024-06-13T22:52:44.360Z","bid"
"0.00002133","12140646","2024-06-13T22:52:44.360Z","bid"
"0.00002132","5731763","2024-06-13T22:52:44.360Z","bid"
"0.00002131","9333646","2024-06-13T22:52:44.360Z","bid"
"0.00002129","12389725","2024-06-13T22:52:44.360Z","bid"
"0.00002128","38723","2024-06-13T22:52:44.360Z","bid"
"0.00002127","1189460","2024-06-13T22:52:44.360Z","bid"
"0.00002126","100000000","2024-06-13T22:52:44.360Z","bid"
"0.00002125","60404760","2024-06-13T22:52:44.360Z","bid"
"0.00002124","33738423","2024-06-13T22:52:44.360Z","bid"
"0.00002122","9354382","2024-06-13T22:52:44.360Z","bid"
"0.00002121","102155","2024-06-13T22:52:44.360Z","bid"
"0.0000212","27195258","2024-06-13T22:52:44.360Z","bid"
"0.00002118","46954674","2024-06-13T22:52:44.360Z","bid"
"0.00002117","38883817","2024-06-13T22:52:44.360Z","bid"
"0.00002114","173503","2024-06-13T22:52:44.360Z","bid"
"0.00002111","47181430","2024-06-13T22:52:44.360Z","bid"
"0.0000211","646470886","2024-06-13T22:52:44.360Z","bid"
"0.00002109","22170934","2024-06-13T22:52:44.360Z","bid"
"0.00002108","9900000","2024-06-13T22:52:44.360Z","bid"
"0.00002107","295714","2024-06-13T22:52:44.360Z","bid"
"0.00002106","4478097","2024-06-13T22:52:44.360Z","bid"
"0.00002105","39146","2024-06-13T22:52:44.360Z","bid"
"0.00002104","12173091","2024-06-13T22:52:44.360Z","bid"
"0.00002103","157973","2024-06-13T22:52:44.360Z","bid"
"0.00002102","11978653","2024-06-13T22:52:44.360Z","bid"
"0.000021","11645939778","2024-06-13T22:52:44.360Z","bid"
"0.00002099","39943734","2024-06-13T22:52:44.360Z","bid"
"0.00002098","7640656","2024-06-13T22:52:44.360Z","bid"
"0.00002097","4730567","2024-06-13T22:52:44.360Z","bid"
"0.00002095","101500000","2024-06-13T22:52:44.360Z","bid"
"0.00002094","10000000","2024-06-13T22:52:44.360Z","bid"
"0.00002093","2369804","2024-06-13T22:52:44.360Z","bid"
"0.00002091","2372070","2024-06-13T22:52:44.360Z","bid"
"0.0000209","455718317","2024-06-13T22:52:44.360Z","bid"
"0.00002089","3169861","2024-06-13T22:52:44.360Z","bid"
"0.00002085","2290811","2024-06-13T22:52:44.360Z","bid"
"0.00002083","39560","2024-06-13T22:52:44.360Z","bid"
"0.00002081","5868133","2024-06-13T22:52:44.360Z","bid"
"0.0000208","2390625","2024-06-13T22:52:44.360Z","bid"
"0.00002079","759755525","2024-06-13T22:52:44.360Z","bid"
"0.00002076","11976156","2024-06-13T22:52:44.360Z","bid"
"0.00002075","14500000","2024-06-13T22:52:44.360Z","bid"
"0.00002072","29314660","2024-06-13T22:52:44.360Z","bid"
"0.00002071","6719452","2024-06-13T22:52:44.360Z","bid"
"0.0000207","1441304","2024-06-13T22:52:44.360Z","bid"
"0.00002069","639988","2024-06-13T22:52:44.360Z","bid"
"0.00002068","2417396","2024-06-13T22:52:44.360Z","bid"
"0.00002066","104564798","2024-06-13T22:52:44.360Z","bid"
"0.00002065","177620","2024-06-13T22:52:44.360Z","bid"
"0.00002064","40837307","2024-06-13T22:52:44.360Z","bid"
"0.00002061","5089982","2024-06-13T22:52:44.360Z","bid"
"0.00002059","184405339","2024-06-13T22:52:44.360Z","bid"
"0.00002058","259449","2024-06-13T22:52:44.360Z","bid"
"0.00002057","3000000","2024-06-13T22:52:44.360Z","bid"
"0.0000205","798413591","2024-06-13T22:52:44.360Z","bid"
"0.00002049","16987554","2024-06-13T22:52:44.360Z","bid"
"0.00002047","387714","2024-06-13T22:52:44.360Z","bid"
"0.00002045","15716690","2024-06-13T22:52:44.360Z","bid"
"0.00002043","7343119","2024-06-13T22:52:44.360Z","bid"
"0.00002041","179709","2024-06-13T22:52:44.360Z","bid"
"0.0000204","23826714","2024-06-13T22:52:44.360Z","bid"
"0.00002039","40413","2024-06-13T22:52:44.360Z","bid"
"0.00002038","1500000","2024-06-13T22:52:44.360Z","bid"
"0.00002037","399164","2024-06-13T22:52:44.360Z","bid"
"0.00002036","1865667","2024-06-13T22:52:44.360Z","bid"
"0.00002034","954779","2024-06-13T22:52:44.360Z","bid"
"0.00002033","599820","2024-06-13T22:52:44.360Z","bid"
"0.0000203","286035430","2024-06-13T22:52:44.360Z","bid"
"0.00002029","7851316","2024-06-13T22:52:44.360Z","bid"
"0.00002025","9657221","2024-06-13T22:52:44.360Z","bid"
"0.00002024","4913537","2024-06-13T22:52:44.360Z","bid"
"0.00002022","250000","2024-06-13T22:52:44.360Z","bid"
"0.00002021","2523035","2024-06-13T22:52:44.360Z","bid"
"0.0000202","149484618","2024-06-13T22:52:44.360Z","bid"
"0.00002018","4943012","2024-06-13T22:52:44.360Z","bid"
"0.00002017","222701","2024-06-13T22:52:44.360Z","bid"
"0.00002015","16438260","2024-06-13T22:52:44.360Z","bid"
"0.00002014","4937934","2024-06-13T22:52:44.360Z","bid"
"0.00002013","1580575","2024-06-13T22:52:44.360Z","bid"
"0.00002012","15406110","2024-06-13T22:52:44.360Z","bid"
"0.00002011","49716312","2024-06-13T22:52:44.360Z","bid"
"0.0000201","966730562","2024-06-13T22:52:44.360Z","bid"
"0.00002008","100000","2024-06-13T22:52:44.360Z","bid"
"0.00002007","10200796","2024-06-13T22:52:44.360Z","bid"
"0.00002006","13522083","2024-06-13T22:52:44.360Z","bid"
"0.00002005","2451149408","2024-06-13T22:52:44.360Z","bid"
"0.00002004","29823252","2024-06-13T22:52:44.360Z","bid"
"0.00002001","239869988","2024-06-13T22:52:44.360Z","bid"
"0.00002","6369508141","2024-06-13T22:52:44.360Z","bid"
"0.00001999","59346695","2024-06-13T22:52:44.360Z","bid"
"0.00001998","267241","2024-06-13T22:52:44.360Z","bid"
"0.00001996","438904","2024-06-13T22:52:44.360Z","bid"
"0.00001994","183944","2024-06-13T22:52:44.360Z","bid"
"0.00001993","407977","2024-06-13T22:52:44.360Z","bid"
"0.00001991","1528322","2024-06-13T22:52:44.360Z","bid"
"0.0000199","22571607","2024-06-13T22:52:44.360Z","bid"
"0.00001989","452705","2024-06-13T22:52:44.360Z","bid"
"0.00001987","57355055","2024-06-13T22:52:44.360Z","bid"
"0.00001986","4748677","2024-06-13T22:52:44.360Z","bid"
"0.00001985","978348","2024-06-13T22:52:44.360Z","bid"
"0.00001982","949578","2024-06-13T22:52:44.360Z","bid"
"0.00001981","13662430","2024-06-13T22:52:44.360Z","bid"
"0.0000198","7575757","2024-06-13T22:52:44.360Z","bid"
"0.00001978","30491025","2024-06-13T22:52:44.360Z","bid"
"0.00001976","20342408","2024-06-13T22:52:44.360Z","bid"
"0.00001975","40183283","2024-06-13T22:52:44.360Z","bid"
"0.00001974","16670520","2024-06-13T22:52:44.360Z","bid"
"0.00001971","598621","2024-06-13T22:52:44.360Z","bid"
"0.000419","1925788","2024-06-13T22:52:44.359Z","ask"
"0.00042","221349013","2024-06-13T22:52:44.359Z","ask"
"0.00042004","4761564","2024-06-13T22:52:44.359Z","ask"
"0.00042242","7572656","2024-06-13T22:52:44.359Z","ask"
"0.0004249","505412","2024-06-13T22:52:44.359Z","ask"
"0.000425","121463414","2024-06-13T22:52:44.359Z","ask"
"0.00042672","5340129","2024-06-13T22:52:44.359Z","ask"
"0.00043","118964","2024-06-13T22:52:44.359Z","ask"
"0.0004358","6005316","2024-06-13T22:52:44.359Z","ask"
"0.0004379","12698244","2024-06-13T22:52:44.359Z","ask"
"0.00044","5295342","2024-06-13T22:52:44.359Z","ask"
"0.000444","888888","2024-06-13T22:52:44.359Z","ask"
"0.0004444","111111111","2024-06-13T22:52:44.359Z","ask"
"0.00044444","182300","2024-06-13T22:52:44.359Z","ask"
"0.0004472","3622952","2024-06-13T22:52:44.359Z","ask"
"0.00044888","2620965","2024-06-13T22:52:44.359Z","ask"
"0.000449","300000","2024-06-13T22:52:44.359Z","ask"
"0.00045","409899207","2024-06-13T22:52:44.359Z","ask"
"0.000467","360145","2024-06-13T22:52:44.359Z","ask"
"0.00047","7500000","2024-06-13T22:52:44.359Z","ask"
"0.00048","38394137","2024-06-13T22:52:44.359Z","ask"
"0.00048631","5193495","2024-06-13T22:52:44.359Z","ask"
"0.00048794","100000","2024-06-13T22:52:44.359Z","ask"
"0.00049","21570206","2024-06-13T22:52:44.359Z","ask"
"0.000499","250000","2024-06-13T22:52:44.359Z","ask"
"0.0005","3396059340","2024-06-13T22:52:44.359Z","ask"
"0.0005074","4450000","2024-06-13T22:52:44.359Z","ask"
"0.00051","500000","2024-06-13T22:52:44.359Z","ask"
"0.000511","1481730","2024-06-13T22:52:44.359Z","ask"
"0.00051173","500000","2024-06-13T22:52:44.359Z","ask"
"0.00051999","11711117","2024-06-13T22:52:44.359Z","ask"
"0.00052","1935282","2024-06-13T22:52:44.359Z","ask"
"0.0005212","10000000","2024-06-13T22:52:44.359Z","ask"
"0.00052487","673882","2024-06-13T22:52:44.359Z","ask"
"0.00052545","7716718","2024-06-13T22:52:44.359Z","ask"
"0.00052999","10000000","2024-06-13T22:52:44.359Z","ask"
"0.00053","6055160","2024-06-13T22:52:44.359Z","ask"
"0.00053394","42842573","2024-06-13T22:52:44.359Z","ask"
"0.000534","189108","2024-06-13T22:52:44.359Z","ask"
"0.00054","4591692","2024-06-13T22:52:44.359Z","ask"
"0.000544","352427","2024-06-13T22:52:44.359Z","ask"
"0.0005487","4330000","2024-06-13T22:52:44.359Z","ask"
"0.00055","815994595","2024-06-13T22:52:44.359Z","ask"
"0.0005555","2938273","2024-06-13T22:52:44.359Z","ask"
"0.00055552","5193495","2024-06-13T22:52:44.359Z","ask"
"0.00055555","182300","2024-06-13T22:52:44.359Z","ask"
"0.00055999","8849000","2024-06-13T22:52:44.359Z","ask"
"0.00057","9364212","2024-06-13T22:52:44.359Z","ask"
"0.000576","745000","2024-06-13T22:52:44.359Z","ask"
"0.0005775","20000000","2024-06-13T22:52:44.359Z","ask"
"0.00058","400000","2024-06-13T22:52:44.359Z","ask"
"0.000583","10344115","2024-06-13T22:52:44.359Z","ask"
"0.000585","9652940","2024-06-13T22:52:44.359Z","ask"
"0.000589","7987288","2024-06-13T22:52:44.359Z","ask"
"0.00059","5011216","2024-06-13T22:52:44.359Z","ask"
"0.00059999","254206716","2024-06-13T22:52:44.359Z","ask"
"0.0006","173326533","2024-06-13T22:52:44.359Z","ask"
"0.00061","170173031","2024-06-13T22:52:44.359Z","ask"
"0.00062474","5193495","2024-06-13T22:52:44.359Z","ask"
"0.00063089","2938273","2024-06-13T22:52:44.359Z","ask"
"0.00063999","254281","2024-06-13T22:52:44.359Z","ask"
"0.00065","3000000","2024-06-13T22:52:44.359Z","ask"
"0.0006536","4285620","2024-06-13T22:52:44.359Z","ask"
"0.00066","673387084","2024-06-13T22:52:44.359Z","ask"
"0.000666","800000","2024-06-13T22:52:44.359Z","ask"
"0.00066666","182300","2024-06-13T22:52:44.359Z","ask"
"0.00067","373238908","2024-06-13T22:52:44.359Z","ask"
"0.00068","3000000","2024-06-13T22:52:44.359Z","ask"
"0.0006833","1","2024-06-13T22:52:44.359Z","ask"
"0.00069","12508748","2024-06-13T22:52:44.359Z","ask"
"0.00069395","5193495","2024-06-13T22:52:44.359Z","ask"
"0.0006975","20200000","2024-06-13T22:52:44.359Z","ask"
"0.00069999","254281","2024-06-13T22:52:44.359Z","ask"
"0.0007","146385432","2024-06-13T22:52:44.359Z","ask"
"0.00071","1582461","2024-06-13T22:52:44.359Z","ask"
"0.00071173","500000","2024-06-13T22:52:44.359Z","ask"
"0.00072","7500000","2024-06-13T22:52:44.359Z","ask"
"0.00072425","1317600","2024-06-13T22:52:44.359Z","ask"
"0.00072493","898510","2024-06-13T22:52:44.359Z","ask"
"0.000745","1141310","2024-06-13T22:52:44.359Z","ask"
"0.00075","26501144","2024-06-13T22:52:44.359Z","ask"
"0.00076317","5193495","2024-06-13T22:52:44.359Z","ask"
"0.00077","19156268","2024-06-13T22:52:44.359Z","ask"
"0.000777","1000000","2024-06-13T22:52:44.359Z","ask"
"0.00077777","182300","2024-06-13T22:52:44.359Z","ask"
"0.00078","258630407","2024-06-13T22:52:44.359Z","ask"
"0.000786","31755128","2024-06-13T22:52:44.359Z","ask"
"0.00079999","213114","2024-06-13T22:52:44.359Z","ask"
"0.0008","288847036","2024-06-13T22:52:44.359Z","ask"
"0.00081","7425000","2024-06-13T22:52:44.359Z","ask"
"0.0008113","3381170","2024-06-13T22:52:44.359Z","ask"
"0.00082395","1203945","2024-06-13T22:52:44.359Z","ask"
"0.000828","1219748","2024-06-13T22:52:44.359Z","ask"
"0.00082913","119142583","2024-06-13T22:52:44.359Z","ask"
"0.00083","1464337","2024-06-13T22:52:44.359Z","ask"
"0.00083013","125000","2024-06-13T22:52:44.359Z","ask"
"0.00083238","5193495","2024-06-13T22:52:44.359Z","ask"
"0.00085","47399259","2024-06-13T22:52:44.359Z","ask"
"0.00086","400000","2024-06-13T22:52:44.359Z","ask"
"0.00087654","6877882","2024-06-13T22:52:44.359Z","ask"
"0.00088","54141242","2024-06-13T22:52:44.359Z","ask"
"0.00089","61309456","2024-06-13T22:52:44.359Z","ask"
"0.0009","464686121","2024-06-13T22:52:44.359Z","ask"
"0.0009016","5193495","2024-06-13T22:52:44.359Z","ask"
"0.0009044","300000","2024-06-13T22:52:44.359Z","ask"
"0.00091","2933894","2024-06-13T22:52:44.359Z","ask"
"0.000912","1101014426","2024-06-13T22:52:44.359Z","ask"
"0.00092424","1317600","2024-06-13T22:52:44.359Z","ask"
"0.00092497","1597351","2024-06-13T22:52:44.359Z","ask"
"0.00093388","3515431","2024-06-13T22:52:44.359Z","ask"
"0.0009368","1141038","2024-06-13T22:52:44.359Z","ask"
"0.0009388","50000","2024-06-13T22:52:44.359Z","ask"
"0.00094","160453","2024-06-13T22:52:44.359Z","ask"
"0.00095","216528207","2024-06-13T22:52:44.359Z","ask"
"0.0009555","1000000","2024-06-13T22:52:44.359Z","ask"
"0.00097","64434437","2024-06-13T22:52:44.359Z","ask"
"0.00097082","5193504","2024-06-13T22:52:44.359Z","ask"
"0.000977","9000000","2024-06-13T22:52:44.359Z","ask"
"0.00098","10705459","2024-06-13T22:52:44.359Z","ask"
"0.00099","701285210","2024-06-13T22:52:44.359Z","ask"
"0.000992","100000","2024-06-13T22:52:44.359Z","ask"
"0.0009994","3799261","2024-06-13T22:52:44.359Z","ask"
"0.0009999","2890221","2024-06-13T22:52:44.359Z","ask"
"0.00099999","32630974","2024-06-13T22:52:44.359Z","ask"
"0.001","4493619220","2024-06-13T22:52:44.359Z","ask"
"0.00100008","120000","2024-06-13T22:52:44.359Z","ask"
"0.001005","2500000000","2024-06-13T22:52:44.359Z","ask"
"0.00101","1000000","2024-06-13T22:52:44.359Z","ask"
"0.0010112","1","2024-06-13T22:52:44.359Z","ask"
"0.0010119","1","2024-06-13T22:52:44.359Z","ask"
"0.0010121","2","2024-06-13T22:52:44.359Z","ask"
"0.00102","1000000","2024-06-13T22:52:44.359Z","ask"
"0.0010211","1","2024-06-13T22:52:44.359Z","ask"
"0.0010219","1","2024-06-13T22:52:44.359Z","ask"
"0.00102449","1","2024-06-13T22:52:44.359Z","ask"
"0.00102451","1","2024-06-13T22:52:44.359Z","ask"
"0.00102494","1198013","2024-06-13T22:52:44.359Z","ask"
"0.00103238","25482808","2024-06-13T22:52:44.359Z","ask"
"0.0010676","4392244","2024-06-13T22:52:44.359Z","ask"
"0.00106789","42815424","2024-06-13T22:52:44.359Z","ask"
"0.00108009","1","2024-06-13T22:52:44.359Z","ask"
"0.00108019","1","2024-06-13T22:52:44.359Z","ask"
"0.00109923","11534348","2024-06-13T22:52:44.359Z","ask"
"0.0011","34490357","2024-06-13T22:52:44.359Z","ask"
"0.00111484","6560507","2024-06-13T22:52:44.359Z","ask"
"0.001115","1000000","2024-06-13T22:52:44.359Z","ask"
"0.001123","1082756","2024-06-13T22:52:44.359Z","ask"
"0.00113311","9865349","2024-06-13T22:52:44.359Z","ask"
"0.00115","745000","2024-06-13T22:52:44.359Z","ask"
"0.001175","298904879","2024-06-13T22:52:44.359Z","ask"
"0.001187","17604096","2024-06-13T22:52:44.359Z","ask"
"0.00119999","11965644","2024-06-13T22:52:44.359Z","ask"
"0.001207","9732134","2024-06-13T22:52:44.359Z","ask"
"0.001215","958603","2024-06-13T22:52:44.359Z","ask"
"0.001234","204041","2024-06-13T22:52:44.359Z","ask"
"0.001247","4005484","2024-06-13T22:52:44.359Z","ask"
"0.00125","13750000","2024-06-13T22:52:44.359Z","ask"
"0.001258","2245314","2024-06-13T22:52:44.359Z","ask"
"0.00126953","1","2024-06-13T22:52:44.359Z","ask"
"0.00128","3000000","2024-06-13T22:52:44.359Z","ask"
"0.00129","500000","2024-06-13T22:52:44.359Z","ask"
"0.0013","8198394","2024-06-13T22:52:44.359Z","ask"
"0.00134889","824717","2024-06-13T22:52:44.359Z","ask"
"0.001349","2827945805","2024-06-13T22:52:44.359Z","ask"
"0.00135","25279234","2024-06-13T22:52:44.359Z","ask"
"0.001364","104631","2024-06-13T22:52:44.359Z","ask"
"0.0014","8899000","2024-06-13T22:52:44.359Z","ask"
"0.0014569","624530","2024-06-13T22:52:44.359Z","ask"
"0.001475","1403133","2024-06-13T22:52:44.359Z","ask"
"0.0015","214035270","2024-06-13T22:52:44.359Z","ask"
"0.00152389","1965724","2024-06-13T22:52:44.359Z","ask"
"0.001528","2000000","2024-06-13T22:52:44.359Z","ask"
"0.00157","2617674","2024-06-13T22:52:44.359Z","ask"
"0.0016","20412823","2024-06-13T22:52:44.359Z","ask"
"0.00169","39898222","2024-06-13T22:52:44.359Z","ask"
"0.00175","1400000","2024-06-13T22:52:44.359Z","ask"
"0.0018","12700598","2024-06-13T22:52:44.359Z","ask"
"0.001865","6231997","2024-06-13T22:52:44.359Z","ask"
"0.00187","2788880","2024-06-13T22:52:44.359Z","ask"
"0.0019","225152236","2024-06-13T22:52:44.359Z","ask"
"0.001924","138925","2024-06-13T22:52:44.359Z","ask"
"0.0019465","100000","2024-06-13T22:52:44.359Z","ask"
"0.001981","500789","2024-06-13T22:52:44.359Z","ask"
"0.00199999","60393496","2024-06-13T22:52:44.359Z","ask"
"0.002","2396243063","2024-06-13T22:52:44.359Z","ask"
"0.00202","50000000","2024-06-13T22:52:44.359Z","ask"
"0.0020249","189529","2024-06-13T22:52:44.359Z","ask"
"0.00202491","758118","2024-06-13T22:52:44.359Z","ask"
"0.00205","500008","2024-06-13T22:52:44.359Z","ask"
"0.0021","10300000","2024-06-13T22:52:44.359Z","ask"
"0.002145","6913867","2024-06-13T22:52:44.359Z","ask"
"0.00217357","10000000","2024-06-13T22:52:44.359Z","ask"
"0.0022","3784605","2024-06-13T22:52:44.359Z","ask"
"0.0023","10758394","2024-06-13T22:52:44.359Z","ask"
"0.00235","440256677","2024-06-13T22:52:44.359Z","ask"
"0.002363","2890221","2024-06-13T22:52:44.359Z","ask"
"0.00239999","900000","2024-06-13T22:52:44.359Z","ask"
"0.0024","17215292","2024-06-13T22:52:44.359Z","ask"
"0.002484","100085","2024-06-13T22:52:44.359Z","ask"
"0.00249","250000","2024-06-13T22:52:44.359Z","ask"
"0.0024946","170475","2024-06-13T22:52:44.359Z","ask"
"0.0024957","170476","2024-06-13T22:52:44.359Z","ask"
"0.0025","271362439","2024-06-13T22:52:44.359Z","ask"
"0.00255","47494317","2024-06-13T22:52:44.359Z","ask"
"0.002625","2000000","2024-06-13T22:52:44.359Z","ask"
"0.002747","1219450","2024-06-13T22:52:44.359Z","ask"
"0.00275","5000000","2024-06-13T22:52:44.359Z","ask"
"0.0028","28469649","2024-06-13T22:52:44.359Z","ask"
"0.002801","991182","2024-06-13T22:52:44.359Z","ask"
"0.002833","1321576","2024-06-13T22:52:44.359Z","ask"
"0.002851","2571969","2024-06-13T22:52:44.359Z","ask"
"0.0029","5999218","2024-06-13T22:52:44.359Z","ask"
"0.00297","6702775","2024-06-13T22:52:44.359Z","ask"
"0.00299999","3000010","2024-06-13T22:52:44.359Z","ask"
"0.003","580444693","2024-06-13T22:52:44.359Z","ask"
"0.0031","1250000","2024-06-13T22:52:44.359Z","ask"
"0.003121","4935575","2024-06-13T22:52:44.359Z","ask"
"0.0032","8815266","2024-06-13T22:52:44.359Z","ask"
"0.00323","125082803","2024-06-13T22:52:44.359Z","ask"
"0.0033","124324453","2024-06-13T22:52:44.359Z","ask"
"0.00331","2280256","2024-06-13T22:52:44.359Z","ask"
"0.00333","33927347","2024-06-13T22:52:44.359Z","ask"
"0.0033333","680122","2024-06-13T22:52:44.359Z","ask"
"0.003339","50188","2024-06-13T22:52:44.359Z","ask"
"0.00334","97000","2024-06-13T22:52:44.359Z","ask"
"0.00336","2548922","2024-06-13T22:52:44.359Z","ask"
"0.003369","37641","2024-06-13T22:52:44.359Z","ask"
"0.0034","14000000","2024-06-13T22:52:44.359Z","ask"
"0.003438","434083","2024-06-13T22:52:44.359Z","ask"
"0.0035","3250524870","2024-06-13T22:52:44.359Z","ask"
"0.00381","10570194","2024-06-13T22:52:44.359Z","ask"
"0.003848","250000","2024-06-13T22:52:44.359Z","ask"
"0.004","38675491","2024-06-13T22:52:44.359Z","ask"
"0.0042","48500000","2024-06-13T22:52:44.359Z","ask"
"0.0043","5000000","2024-06-13T22:52:44.359Z","ask"
"0.0044","8000000","2024-06-13T22:52:44.359Z","ask"
"0.00447584","25000000","2024-06-13T22:52:44.359Z","ask"
"0.004493","148000","2024-06-13T22:52:44.359Z","ask"
"0.00449999","2315412","2024-06-13T22:52:44.359Z","ask"
"0.0047","732927765","2024-06-13T22:52:44.359Z","ask"
"0.0049","2011919","2024-06-13T22:52:44.359Z","ask"
"0.00495","300000","2024-06-13T22:52:44.359Z","ask"
"0.005","1632774090","2024-06-13T22:52:44.359Z","ask"
"0.00502491","189529","2024-06-13T22:52:44.359Z","ask"
"0.0052","8405847","2024-06-13T22:52:44.359Z","ask"
"0.0055","7065855","2024-06-13T22:52:44.359Z","ask"
"0.0056","43165925","2024-06-13T22:52:44.359Z","ask"
"0.005943","2324695","2024-06-13T22:52:44.359Z","ask"
"0.006","302020228","2024-06-13T22:52:44.359Z","ask"
"0.006371","28231","2024-06-13T22:52:44.359Z","ask"
"0.00653","2500000","2024-06-13T22:52:44.359Z","ask"
"0.0068","835523","2024-06-13T22:52:44.359Z","ask"
"0.0069","5437146","2024-06-13T22:52:44.359Z","ask"
"0.007","18583015","2024-06-13T22:52:44.359Z","ask"
"0.00703012","100523","2024-06-13T22:52:44.359Z","ask"
"0.0075","22844244","2024-06-13T22:52:44.359Z","ask"
"0.0076","24226736","2024-06-13T22:52:44.359Z","ask"
"0.0077","500000","2024-06-13T22:52:44.359Z","ask"
"0.0078","1000000","2024-06-13T22:52:44.359Z","ask"
"0.0079","13261388","2024-06-13T22:52:44.359Z","ask"
"0.008","167938336","2024-06-13T22:52:44.359Z","ask"
"0.0085","316648","2024-06-13T22:52:44.359Z","ask"
"0.00875","9652941","2024-06-13T22:52:44.359Z","ask"
"0.0088","115739","2024-06-13T22:52:44.359Z","ask"
"0.0089","5533432","2024-06-13T22:52:44.359Z","ask"
"0.00899","43230650","2024-06-13T22:52:44.359Z","ask"
"0.00899999","105115126","2024-06-13T22:52:44.359Z","ask"
"0.009","159688103","2024-06-13T22:52:44.359Z","ask"
"0.00911","23593483","2024-06-13T22:52:44.359Z","ask"
"0.0092","5258212","2024-06-13T22:52:44.359Z","ask"
"0.00950452","3497823","2024-06-13T22:52:44.359Z","ask"
"0.00958","10712505","2024-06-13T22:52:44.359Z","ask"
"0.0096168","9051639","2024-06-13T22:52:44.359Z","ask"
"0.0097","3431023","2024-06-13T22:52:44.359Z","ask"
"0.0098","7401900","2024-06-13T22:52:44.359Z","ask"
"0.00985","1000000","2024-06-13T22:52:44.359Z","ask"
"0.00988","50000","2024-06-13T22:52:44.359Z","ask"
"0.0099","18606311","2024-06-13T22:52:44.359Z","ask"
"0.00999595","5897172","2024-06-13T22:52:44.359Z","ask"
"0.00999999","10732488","2024-06-13T22:52:44.359Z","ask"
"0.01","6356314265","2024-06-13T22:52:44.359Z","ask"
"0.0100001","12555926","2024-06-13T22:52:44.359Z","ask"
"0.0100009","114670","2024-06-13T22:52:44.359Z","ask"
"0.01001019","1","2024-06-13T22:52:44.359Z","ask"
"0.01001091","1","2024-06-13T22:52:44.359Z","ask"
"0.0100211","1","2024-06-13T22:52:44.359Z","ask"
"0.01003406","3","2024-06-13T22:52:44.359Z","ask"
"0.01004521","1","2024-06-13T22:52:44.359Z","ask"
"0.01004523","1","2024-06-13T22:52:44.359Z","ask"
"0.01004526","1","2024-06-13T22:52:44.359Z","ask"
"0.01004527","1","2024-06-13T22:52:44.359Z","ask"
"0.01004529","1","2024-06-13T22:52:44.359Z","ask"
"0.0100991","1","2024-06-13T22:52:44.359Z","ask"
"0.0100997","1","2024-06-13T22:52:44.359Z","ask"
"0.0100999","1","2024-06-13T22:52:44.359Z","ask"
"0.01010619","1","2024-06-13T22:52:44.359Z","ask"
"0.01012753","1","2024-06-13T22:52:44.359Z","ask"
"0.01013101","1","2024-06-13T22:52:44.359Z","ask"
"0.01073691","1","2024-06-13T22:52:44.359Z","ask"
"0.01073969","1","2024-06-13T22:52:44.359Z","ask"
"0.0109109","1","2024-06-13T22:52:44.359Z","ask"
"0.0109119","1","2024-06-13T22:52:44.359Z","ask"
"0.0109472","101","2024-06-13T22:52:44.359Z","ask"
"0.01094721","1","2024-06-13T22:52:44.359Z","ask"
"0.01094729","113","2024-06-13T22:52:44.359Z","ask"
"0.01094731","1","2024-06-13T22:52:44.359Z","ask"
"0.010991","1","2024-06-13T22:52:44.359Z","ask"
"0.010993","1","2024-06-13T22:52:44.359Z","ask"
"0.010995","1","2024-06-13T22:52:44.359Z","ask"
"0.011","21300000","2024-06-13T22:52:44.359Z","ask"
"0.0114","1030582","2024-06-13T22:52:44.359Z","ask"
"0.01179869","1","2024-06-13T22:52:44.359Z","ask"
"0.0118","430023","2024-06-13T22:52:44.359Z","ask"
"0.013","5000000","2024-06-13T22:52:44.359Z","ask"
"0.0137","14939469","2024-06-13T22:52:44.359Z","ask"
"0.014","11161309","2024-06-13T22:52:44.359Z","ask"
"0.015","114493720","2024-06-13T22:52:44.359Z","ask"
"0.01555","35002785","2024-06-13T22:52:44.359Z","ask"
"0.0159","8075578","2024-06-13T22:52:44.359Z","ask"
"0.016","47243009","2024-06-13T22:52:44.359Z","ask"
"0.01685","1138763","2024-06-13T22:52:44.359Z","ask"
"0.017","5000000","2024-06-13T22:52:44.359Z","ask"
"0.0174","871747","2024-06-13T22:52:44.359Z","ask"
"0.01799999","553381","2024-06-13T22:52:44.359Z","ask"
"0.01898","197000","2024-06-13T22:52:44.359Z","ask"
"0.019","234992735","2024-06-13T22:52:44.359Z","ask"
"0.019362","854283","2024-06-13T22:52:44.359Z","ask"
"0.0199","467863","2024-06-13T22:52:44.359Z","ask"
"0.01999999","11","2024-06-13T22:52:44.359Z","ask"
"0.02","467751438","2024-06-13T22:52:44.359Z","ask"
"0.0205","91485","2024-06-13T22:52:44.359Z","ask"
"0.021","1130400","2024-06-13T22:52:44.359Z","ask"
"0.0222","31795890","2024-06-13T22:52:44.359Z","ask"
"0.0222222","5000000","2024-06-13T22:52:44.359Z","ask"
"0.02342","4297080","2024-06-13T22:52:44.359Z","ask"
"0.0235","32302314","2024-06-13T22:52:44.359Z","ask"
"0.024","27813671","2024-06-13T22:52:44.359Z","ask"
"0.025","58896604","2024-06-13T22:52:44.359Z","ask"
"0.0254","100000","2024-06-13T22:52:44.359Z","ask"
"0.02563","746495","2024-06-13T22:52:44.359Z","ask"
"0.0257","10000000","2024-06-13T22:52:44.359Z","ask"
"0.026","506644","2024-06-13T22:52:44.359Z","ask"
"0.02710179","20","2024-06-13T22:52:44.359Z","ask"
"0.0275","358000000","2024-06-13T22:52:44.359Z","ask"
"0.02786","1486773","2024-06-13T22:52:44.359Z","ask"
"0.028","13535964","2024-06-13T22:52:44.359Z","ask"
"0.03","139171041","2024-06-13T22:52:44.359Z","ask"
"0.03036","969696","2024-06-13T22:52:44.359Z","ask"
"0.031","3331316","2024-06-13T22:52:44.359Z","ask"
"0.0323","11000000","2024-06-13T22:52:44.359Z","ask"
"0.03321","233124352","2024-06-13T22:52:44.359Z","ask"
"0.03333","126706","2024-06-13T22:52:44.359Z","ask"
"0.0337","506526","2024-06-13T22:52:44.359Z","ask"
"0.034","28351513","2024-06-13T22:52:44.359Z","ask"
"0.03494","375985","2024-06-13T22:52:44.359Z","ask"
"0.035","5439","2024-06-13T22:52:44.359Z","ask"
"0.0358","1493471","2024-06-13T22:52:44.359Z","ask"
"0.03598","2200","2024-06-13T22:52:44.359Z","ask"
"0.036","12351704","2024-06-13T22:52:44.359Z","ask"
"0.036447","27437469","2024-06-13T22:52:44.359Z","ask"
"0.0373","1726543","2024-06-13T22:52:44.359Z","ask"
"0.03848","100000","2024-06-13T22:52:44.359Z","ask"
"0.04","205359647","2024-06-13T22:52:44.359Z","ask"
"0.045","50000","2024-06-13T22:52:44.359Z","ask"
"0.049","100000","2024-06-13T22:52:44.359Z","ask"
"0.0497","4556220","2024-06-13T22:52:44.359Z","ask"
"0.0499","1551687","2024-06-13T22:52:44.359Z","ask"
"0.04995","299430","2024-06-13T22:52:44.359Z","ask"
"0.05","1609782572","2024-06-13T22:52:44.359Z","ask"
"0.0505","100000","2024-06-13T22:52:44.359Z","ask"
"0.053","5500000","2024-06-13T22:52:44.359Z","ask"
"0.0536","13100131","2024-06-13T22:52:44.359Z","ask"
"0.05482","700000","2024-06-13T22:52:44.359Z","ask"
"0.0555","3009210","2024-06-13T22:52:44.359Z","ask"
"0.0575","130000","2024-06-13T22:52:44.359Z","ask"
"0.0578","17403508","2024-06-13T22:52:44.359Z","ask"
"0.059","9071896","2024-06-13T22:52:44.359Z","ask"
"0.06","67503988","2024-06-13T22:52:44.359Z","ask"
"0.06004521","2","2024-06-13T22:52:44.359Z","ask"
"0.0605","8361466","2024-06-13T22:52:44.359Z","ask"
"0.063","16094037","2024-06-13T22:52:44.359Z","ask"
"0.0666","46727154","2024-06-13T22:52:44.359Z","ask"
"0.06999999","35597041","2024-06-13T22:52:44.359Z","ask"
"0.07","60410283","2024-06-13T22:52:44.359Z","ask"
"0.0725","363450","2024-06-13T22:52:44.359Z","ask"
"0.075","51908103","2024-06-13T22:52:44.359Z","ask"
"0.075999","1000000","2024-06-13T22:52:44.359Z","ask"
"0.0783","97000","2024-06-13T22:52:44.359Z","ask"
"0.08","60697282","2024-06-13T22:52:44.359Z","ask"
"0.082","600000","2024-06-13T22:52:44.359Z","ask"
"0.085","34925","2024-06-13T22:52:44.359Z","ask"
"0.09","114810718","2024-06-13T22:52:44.359Z","ask"
"0.091","15279623","2024-06-13T22:52:44.359Z","ask"
"0.095","771204","2024-06-13T22:52:44.359Z","ask"
"0.0955555","39935","2024-06-13T22:52:44.359Z","ask"
"0.097403","100000","2024-06-13T22:52:44.359Z","ask"
"0.09852","1743522","2024-06-13T22:52:44.359Z","ask"
"0.099","5650000","2024-06-13T22:52:44.359Z","ask"
"0.09977554","3497823","2024-06-13T22:52:44.359Z","ask"
"0.0999","1034458","2024-06-13T22:52:44.359Z","ask"
"0.1","2089489599","2024-06-13T22:52:44.359Z","ask"
"0.10000001","250000","2024-06-13T22:52:44.359Z","ask"
"0.10000003","25111852","2024-06-13T22:52:44.359Z","ask"
"0.101","100000","2024-06-13T22:52:44.359Z","ask"
"0.10103791","1","2024-06-13T22:52:44.359Z","ask"
"0.10103799","1","2024-06-13T22:52:44.359Z","ask"
"0.1012","10401703","2024-06-13T22:52:44.359Z","ask"
"0.10191091","1","2024-06-13T22:52:44.359Z","ask"
"0.1048753","27115837","2024-06-13T22:52:44.359Z","ask"
"0.10609531","1","2024-06-13T22:52:44.359Z","ask"
"0.10609539","11","2024-06-13T22:52:44.359Z","ask"
"0.10708629","11","2024-06-13T22:52:44.359Z","ask"
"0.10708631","11","2024-06-13T22:52:44.359Z","ask"
"0.1095","428711","2024-06-13T22:52:44.359Z","ask"
"0.11","16856378","2024-06-13T22:52:44.359Z","ask"
"0.12102919","1","2024-06-13T22:52:44.359Z","ask"
"0.125","2700192","2024-06-13T22:52:44.359Z","ask"
"0.13","31146678","2024-06-13T22:52:44.359Z","ask"
"0.137","29393862","2024-06-13T22:52:44.359Z","ask"
"0.14","501959","2024-06-13T22:52:44.359Z","ask"
"0.14712535","135158","2024-06-13T22:52:44.359Z","ask"
"0.15","208158608","2024-06-13T22:52:44.359Z","ask"
"0.16","5000000","2024-06-13T22:52:44.359Z","ask"
"0.17","26664454","2024-06-13T22:52:44.359Z","ask"
"0.175123","6622516","2024-06-13T22:52:44.359Z","ask"
"0.18","191650","2024-06-13T22:52:44.359Z","ask"
"0.19","21592050","2024-06-13T22:52:44.359Z","ask"
"0.1904709","1","2024-06-13T22:52:44.359Z","ask"
"0.19047091","1","2024-06-13T22:52:44.359Z","ask"
"0.19047099","3","2024-06-13T22:52:44.359Z","ask"
"0.2","96799354","2024-06-13T22:52:44.359Z","ask"
"0.2016","17130326","2024-06-13T22:52:44.359Z","ask"
"0.21","25553283","2024-06-13T22:52:44.359Z","ask"
"0.212","4716981","2024-06-13T22:52:44.359Z","ask"
"0.21907189","1","2024-06-13T22:52:44.359Z","ask"
"0.21907191","1","2024-06-13T22:52:44.359Z","ask"
"0.21907193","1","2024-06-13T22:52:44.359Z","ask"
"0.21907199","1","2024-06-13T22:52:44.359Z","ask"
"0.21907209","1","2024-06-13T22:52:44.359Z","ask"
"0.21907219","1","2024-06-13T22:52:44.359Z","ask"
"0.22","2785226","2024-06-13T22:52:44.359Z","ask"
"0.222","36087291","2024-06-13T22:52:44.359Z","ask"
"0.23","5000000","2024-06-13T22:52:44.359Z","ask"
"0.24","103510837","2024-06-13T22:52:44.359Z","ask"
"0.25","317122122","2024-06-13T22:52:44.359Z","ask"
"0.2536","2416228","2024-06-13T22:52:44.359Z","ask"
"0.254","10000000","2024-06-13T22:52:44.359Z","ask"
"0.26","5209744","2024-06-13T22:52:44.359Z","ask"
"0.27","1038017","2024-06-13T22:52:44.359Z","ask"
"0.2768","5230566","2024-06-13T22:52:44.359Z","ask"
"0.288","70","2024-06-13T22:52:44.359Z","ask"
"0.289","70","2024-06-13T22:52:44.359Z","ask"
"0.28999999","1400000","2024-06-13T22:52:44.359Z","ask"
"0.29","30500","2024-06-13T22:52:44.359Z","ask"
"0.291","104","2024-06-13T22:52:44.359Z","ask"
"0.297","102","2024-06-13T22:52:44.359Z","ask"
"0.3","16810998","2024-06-13T22:52:44.359Z","ask"
"0.3170198","11","2024-06-13T22:52:44.359Z","ask"
"0.319","110","2024-06-13T22:52:44.359Z","ask"
"0.32","4827564","2024-06-13T22:52:44.359Z","ask"
"0.33","26255555","2024-06-13T22:52:44.359Z","ask"
"0.3488","281989","2024-06-13T22:52:44.359Z","ask"
"0.349","101","2024-06-13T22:52:44.359Z","ask"
"0.35","3344034","2024-06-13T22:52:44.359Z","ask"
"0.355","57500","2024-06-13T22:52:44.359Z","ask"
"0.3653","5","2024-06-13T22:52:44.359Z","ask"
"0.37","370954","2024-06-13T22:52:44.359Z","ask"
"0.37102919","1","2024-06-13T22:52:44.359Z","ask"
"0.38117991","1","2024-06-13T22:52:44.359Z","ask"
"0.38433483","1","2024-06-13T22:52:44.359Z","ask"
"0.389","104","2024-06-13T22:52:44.359Z","ask"
"0.39","30500","2024-06-13T22:52:44.359Z","ask"
"0.39173109","1","2024-06-13T22:52:44.359Z","ask"
