"price","volume","time","side","orderType"
"25073.21000000","0.00699000","2023-07-14T02:59:57.583Z","sell","maker"
"25073.21000000","0.00701000","2023-07-14T02:59:56.584Z","sell","maker"
"25073.21000000","0.00702000","2023-07-14T02:59:54.583Z","sell","maker"
"25055.72000000","0.06062000","2023-07-14T02:59:52.517Z","sell","maker"
"25006.93000000","0.00007000","2023-07-14T02:59:52.517Z","sell","maker"
"24990.01000000","0.06570000","2023-07-14T02:59:52.517Z","sell","maker"
"24990.00000000","0.00755000","2023-07-14T02:59:52.517Z","sell","maker"
"25055.72000000","0.13394000","2023-07-14T02:59:51.518Z","sell","maker"
"25073.22000000","0.01365000","2023-07-14T02:59:49.518Z","sell","maker"
"25073.21000000","0.04918000","2023-07-14T02:59:49.518Z","sell","maker"
"25055.72000000","0.07111000","2023-07-14T02:59:49.518Z","sell","maker"
"25073.22000000","0.00399000","2023-07-14T02:59:48.795Z","sell","maker"
"25100.67000000","0.00169000","2023-07-14T02:59:37.967Z","buy","taker"
"25086.78000000","0.00004000","2023-07-14T02:59:37.937Z","buy","taker"
"25100.67000000","0.00188000","2023-07-14T02:59:37.937Z","buy","taker"
"25073.21000000","0.00038000","2023-07-14T02:59:33.614Z","sell","maker"
"25073.21000000","0.00105000","2023-07-14T02:59:33.614Z","sell","maker"
"25055.72000000","0.00235000","2023-07-14T02:59:28.155Z","sell","maker"
"25073.22000000","0.00193000","2023-07-14T02:59:27.931Z","buy","taker"
"25086.78000000","0.00003000","2023-07-14T02:59:27.931Z","buy","taker"
"25073.21000000","0.00007000","2023-07-14T02:59:27.605Z","buy","taker"
"25073.21000000","0.00038000","2023-07-14T02:59:24.941Z","buy","taker"
"25073.22000000","0.00027000","2023-07-14T02:59:24.628Z","buy","taker"
"25055.72000000","0.00813000","2023-07-14T02:59:22.519Z","sell","maker"
"25055.72000000","0.02046000","2023-07-14T02:59:22.512Z","buy","taker"
"25055.72000000","0.00138000","2023-07-14T02:59:22.512Z","buy","taker"
"25055.72000000","0.01658000","2023-07-14T02:59:22.512Z","buy","taker"
"25055.72000000","0.00007000","2023-07-14T02:59:21.407Z","buy","taker"
"25055.72000000","0.00379000","2023-07-14T02:59:17.920Z","buy","taker"
"25055.72000000","0.00109000","2023-07-14T02:59:17.607Z","buy","taker"
"24990.00000000","0.00055000","2023-07-14T02:59:16.224Z","sell","maker"
"25055.72000000","0.00124000","2023-07-14T02:59:14.450Z","buy","taker"
"25055.72000000","0.00094000","2023-07-14T02:59:13.152Z","buy","taker"
"25055.00000000","0.03875000","2023-07-14T02:59:09.471Z","buy","taker"
"25055.72000000","0.16125000","2023-07-14T02:59:09.471Z","buy","taker"
"25055.00000000","0.00323000","2023-07-14T02:59:08.794Z","buy","taker"
"25055.00000000","0.00200000","2023-07-14T02:59:08.056Z","buy","taker"
"24990.00000000","0.00560000","2023-07-14T02:59:02.812Z","sell","maker"
"25055.00000000","0.00006000","2023-07-14T02:59:01.500Z","buy","taker"
"25054.98000000","0.00004000","2023-07-14T02:59:01.268Z","buy","taker"
"25055.00000000","0.00596000","2023-07-14T02:59:01.268Z","buy","taker"
"24990.00000000","0.00077000","2023-07-14T02:59:01.139Z","sell","maker"
"25054.98000000","0.00031000","2023-07-14T02:58:59.987Z","buy","taker"
"24990.00000000","0.01688000","2023-07-14T02:58:58.621Z","sell","maker"
"25054.98000000","0.00115000","2023-07-14T02:58:56.127Z","buy","taker"
"24990.00000000","0.00753000","2023-07-14T02:58:55.180Z","sell","maker"
"25054.99000000","0.00105000","2023-07-14T02:58:54.937Z","buy","taker"
"25054.99000000","0.00006000","2023-07-14T02:58:54.680Z","buy","taker"
"24990.00000000","0.00098000","2023-07-14T02:58:54.046Z","sell","maker"
"24990.00000000","0.01050000","2023-07-14T02:58:53.654Z","sell","maker"
"25055.71000000","0.00007000","2023-07-14T02:58:49.690Z","buy","taker"
"24990.00000000","0.00130000","2023-07-14T02:58:48.411Z","sell","maker"
"25055.72000000","0.00007000","2023-07-14T02:58:40.782Z","buy","taker"
"25055.72000000","0.00082000","2023-07-14T02:58:37.703Z","buy","taker"
"25055.72000000","0.00137000","2023-07-14T02:58:37.562Z","buy","taker"
"25055.72000000","0.00007000","2023-07-14T02:58:37.470Z","buy","taker"
"25055.72000000","0.00088000","2023-07-14T02:58:37.198Z","buy","taker"
"24988.68000000","0.00017000","2023-07-14T02:58:37.184Z","buy","taker"
"25006.93000000","0.00007000","2023-07-14T02:58:37.184Z","buy","taker"
"25023.98000000","0.00005000","2023-07-14T02:58:37.184Z","buy","taker"
"25032.89000000","0.00098000","2023-07-14T02:58:37.184Z","buy","taker"
"25040.76000000","0.00005000","2023-07-14T02:58:37.184Z","buy","taker"
"25040.96000000","0.00006000","2023-07-14T02:58:37.184Z","buy","taker"
"25047.26000000","0.00016000","2023-07-14T02:58:37.184Z","buy","taker"
"25055.72000000","0.00084000","2023-07-14T02:58:37.184Z","buy","taker"
"24979.35000000","0.00128000","2023-07-14T02:58:37.178Z","buy","taker"
"24988.68000000","0.00184000","2023-07-14T02:58:37.178Z","buy","taker"
"24979.35000000","0.00010000","2023-07-14T02:58:32.464Z","buy","taker"
"24900.00000000","0.00568000","2023-07-14T02:58:30.966Z","sell","maker"
"24900.00000000","0.00134000","2023-07-14T02:58:16.430Z","sell","maker"
"24927.34000000","0.00003000","2023-07-14T02:58:13.001Z","sell","maker"
"24913.46000000","0.00006000","2023-07-14T02:58:13.001Z","sell","maker"
"24903.22000000","0.00138000","2023-07-14T02:58:13.001Z","sell","maker"
"24900.00000000","0.00253000","2023-07-14T02:58:13.001Z","sell","maker"
"24956.83000000","0.00062000","2023-07-14T02:58:12.074Z","sell","maker"
"24944.77000000","0.00005000","2023-07-14T02:58:12.074Z","sell","maker"
"24941.06000000","0.00005000","2023-07-14T02:58:12.074Z","sell","maker"
"24927.34000000","0.00004000","2023-07-14T02:58:12.074Z","sell","maker"
"24971.59000000","0.00016000","2023-07-14T02:58:12.009Z","sell","maker"
"24956.83000000","0.00036000","2023-07-14T02:58:12.009Z","sell","maker"
"24979.35000000","0.00138000","2023-07-14T02:58:10.024Z","buy","taker"
"25006.93000000","0.00007000","2023-07-14T02:58:10.024Z","buy","taker"
"25023.98000000","0.00005000","2023-07-14T02:58:10.024Z","buy","taker"
"25032.88000000","0.00018000","2023-07-14T02:58:10.024Z","buy","taker"
"25032.89000000","0.00098000","2023-07-14T02:58:10.024Z","buy","taker"
"25040.76000000","0.00005000","2023-07-14T02:58:10.024Z","buy","taker"
"25040.96000000","0.00006000","2023-07-14T02:58:10.024Z","buy","taker"
"25047.26000000","0.00016000","2023-07-14T02:58:10.024Z","buy","taker"
"25055.72000000","0.00157000","2023-07-14T02:58:10.024Z","buy","taker"
"24900.00000000","0.00021000","2023-07-14T02:58:09.354Z","sell","maker"
"24919.66000000","0.01564000","2023-07-14T02:58:09.318Z","sell","maker"
"24915.61000000","0.00146000","2023-07-14T02:58:09.318Z","sell","maker"
"24913.46000000","0.00006000","2023-07-14T02:58:09.318Z","sell","maker"
"24908.87000000","0.00599000","2023-07-14T02:58:09.318Z","sell","maker"
"24903.22000000","0.00138000","2023-07-14T02:58:09.318Z","sell","maker"
"24900.00000000","0.00010000","2023-07-14T02:58:09.318Z","sell","maker"
"24900.00000000","0.01004000","2023-07-14T02:58:09.318Z","sell","maker"
"24900.00000000","0.00516000","2023-07-14T02:58:09.318Z","sell","maker"
"24920.00000000","0.00427000","2023-07-14T02:58:08.319Z","sell","maker"
"24919.66000000","0.03556000","2023-07-14T02:58:08.319Z","sell","maker"
"24920.00000000","0.03984000","2023-07-14T02:58:06.318Z","sell","maker"
"24920.00000000","0.00704000","2023-07-14T02:57:56.079Z","sell","maker"
"24920.00000000","0.04917000","2023-07-14T02:57:46.920Z","sell","maker"
"24989.03000000","0.02406000","2023-07-14T02:57:38.524Z","buy","taker"
"25003.49000000","0.00190000","2023-07-14T02:57:37.524Z","buy","taker"
"25003.50000000","0.02216000","2023-07-14T02:57:37.524Z","buy","taker"
"25003.49000000","0.00051000","2023-07-14T02:57:36.119Z","buy","taker"
"24920.00000000","0.00064000","2023-07-14T02:57:35.636Z","sell","maker"
"24997.22000000","0.01636000","2023-07-14T02:57:35.524Z","buy","taker"
"25003.50000000","0.00770000","2023-07-14T02:57:35.524Z","buy","taker"
"24920.00000000","0.00057000","2023-07-14T02:57:31.444Z","sell","maker"
"24920.00000000","0.01165000","2023-07-14T02:57:30.783Z","sell","maker"
"24920.00000000","0.00006000","2023-07-14T02:57:29.540Z","sell","maker"
"24920.00000000","0.00177000","2023-07-14T02:57:28.595Z","sell","maker"
"24920.00000000","0.01683000","2023-07-14T02:57:28.592Z","sell","maker"
"24920.00000000","0.04814000","2023-07-14T02:57:28.570Z","sell","maker"
"24920.00000000","0.01379000","2023-07-14T02:57:28.559Z","sell","maker"
"24920.00000000","0.04773000","2023-07-14T02:57:28.556Z","sell","maker"
"24920.00000000","0.00800000","2023-07-14T02:57:28.518Z","sell","maker"
"24920.00000000","0.00048000","2023-07-14T02:57:28.088Z","sell","maker"
"24920.01000000","0.00299000","2023-07-14T02:57:23.554Z","sell","maker"
"24920.00000000","0.00036000","2023-07-14T02:57:23.554Z","sell","maker"
"24920.00000000","0.00042000","2023-07-14T02:57:20.027Z","sell","maker"
"24920.00000000","0.00122000","2023-07-14T02:57:19.894Z","sell","maker"
"25000.00000000","0.00123000","2023-07-14T02:57:19.892Z","sell","maker"
"24920.00000000","0.00287000","2023-07-14T02:57:18.049Z","sell","maker"
"24920.00000000","0.00168000","2023-07-14T02:57:14.777Z","sell","maker"
"24920.00000000","0.00089000","2023-07-14T02:57:14.421Z","sell","maker"
"24920.00000000","0.00058000","2023-07-14T02:57:14.183Z","sell","maker"
"24920.00000000","0.00167000","2023-07-14T02:57:14.159Z","sell","maker"
"24920.00000000","0.03414000","2023-07-14T02:57:13.932Z","sell","maker"
"24920.00000000","0.03412000","2023-07-14T02:57:13.704Z","sell","maker"
"24920.00000000","0.01346000","2023-07-14T02:57:13.481Z","sell","maker"
"24920.00000000","0.00545000","2023-07-14T02:57:13.257Z","sell","maker"
"24920.00000000","0.04773000","2023-07-14T02:57:13.188Z","sell","maker"
"24971.59000000","0.00010000","2023-07-14T02:57:13.187Z","sell","maker"
"24956.83000000","0.00098000","2023-07-14T02:57:13.187Z","sell","maker"
"24944.77000000","0.00005000","2023-07-14T02:57:13.187Z","sell","maker"
"24941.06000000","0.00005000","2023-07-14T02:57:13.187Z","sell","maker"
"24927.34000000","0.00007000","2023-07-14T02:57:13.187Z","sell","maker"
"24920.00000000","0.01253000","2023-07-14T02:57:13.187Z","sell","maker"
"24979.35000000","0.00001000","2023-07-14T02:57:12.694Z","sell","maker"
"24979.35000000","0.00147000","2023-07-14T02:57:11.982Z","sell","maker"
"24979.35000000","0.00073000","2023-07-14T02:57:11.443Z","sell","maker"
"24979.35000000","0.00089000","2023-07-14T02:57:10.725Z","sell","maker"
"24971.59000000","0.00006000","2023-07-14T02:57:10.725Z","sell","maker"
"24979.35000000","0.00207000","2023-07-14T02:57:10.208Z","sell","maker"
"24979.35000000","0.00104000","2023-07-14T02:57:10.030Z","sell","maker"
"25006.91000000","0.00098000","2023-07-14T02:57:04.157Z","buy","taker"
"25006.91000000","0.03767000","2023-07-14T02:57:04.157Z","buy","taker"
"25006.93000000","0.00007000","2023-07-14T02:57:04.157Z","buy","taker"
"25023.98000000","0.00005000","2023-07-14T02:57:04.157Z","buy","taker"
"25032.89000000","0.00098000","2023-07-14T02:57:04.157Z","buy","taker"
"25040.76000000","0.00005000","2023-07-14T02:57:04.157Z","buy","taker"
"25047.26000000","0.00016000","2023-07-14T02:57:04.157Z","buy","taker"
"25055.72000000","0.09672000","2023-07-14T02:57:04.157Z","buy","taker"
"24920.00000000","0.03767000","2023-07-14T02:57:03.880Z","sell","maker"
"24920.00000000","0.00500000","2023-07-14T02:57:03.764Z","sell","maker"
"24920.00000000","0.05980000","2023-07-14T02:57:03.324Z","sell","maker"
"24920.00000000","0.05980000","2023-07-14T02:57:02.324Z","sell","maker"
"24920.01000000","0.00299000","2023-07-14T02:57:01.880Z","sell","maker"
"24920.00000000","0.03469000","2023-07-14T02:57:01.880Z","sell","maker"
"24979.35000000","0.01801000","2023-07-14T02:57:00.324Z","sell","maker"
"24935.92000000","0.00299000","2023-07-14T02:57:00.324Z","sell","maker"
"24920.00000000","0.03880000","2023-07-14T02:57:00.324Z","sell","maker"
"24979.35000000","0.00015000","2023-07-14T02:56:59.132Z","sell","maker"
"24979.35000000","0.00227000","2023-07-14T02:56:53.314Z","sell","maker"
"24979.35000000","0.00537000","2023-07-14T02:56:50.242Z","sell","maker"
"24979.35000000","0.00537000","2023-07-14T02:56:50.241Z","sell","maker"
"24979.35000000","0.00724000","2023-07-14T02:56:45.693Z","sell","maker"
"24979.35000000","0.00020000","2023-07-14T02:56:44.984Z","sell","maker"
"24979.35000000","0.00120000","2023-07-14T02:56:44.977Z","sell","maker"
"24979.35000000","0.00011000","2023-07-14T02:56:44.747Z","sell","maker"
"24979.35000000","0.00011000","2023-07-14T02:56:44.745Z","sell","maker"
"24919.66000000","0.14889000","2023-07-14T02:56:41.478Z","sell","maker"
"24919.67000000","0.00299000","2023-07-14T02:56:40.856Z","sell","maker"
"24919.66000000","0.06851000","2023-07-14T02:56:40.856Z","sell","maker"
"24919.67000000","0.00201000","2023-07-14T02:56:33.684Z","sell","maker"
"24919.66000000","0.00030000","2023-07-14T02:56:33.684Z","sell","maker"
"24941.06000000","0.00005000","2023-07-14T02:56:33.373Z","sell","maker"
"24927.34000000","0.00007000","2023-07-14T02:56:33.373Z","sell","maker"
"24919.67000000","0.00098000","2023-07-14T02:56:33.373Z","sell","maker"
"24971.59000000","0.00002000","2023-07-14T02:56:31.755Z","sell","maker"
"24956.83000000","0.00098000","2023-07-14T02:56:31.755Z","sell","maker"
"24944.77000000","0.00005000","2023-07-14T02:56:31.755Z","sell","maker"
"24979.35000000","0.00077000","2023-07-14T02:56:31.679Z","sell","maker"
"24971.59000000","0.00014000","2023-07-14T02:56:31.679Z","sell","maker"
"24979.36000000","0.00166000","2023-07-14T02:56:29.811Z","sell","maker"
"24979.35000000","0.00061000","2023-07-14T02:56:29.811Z","sell","maker"
"25055.72000000","0.00012000","2023-07-14T02:56:25.901Z","buy","taker"
"25006.88000000","0.00140000","2023-07-14T02:56:25.884Z","buy","taker"
"25006.93000000","0.00240000","2023-07-14T02:56:25.884Z","buy","taker"
"25006.93000000","0.00007000","2023-07-14T02:56:25.884Z","buy","taker"
"25023.98000000","0.00005000","2023-07-14T02:56:25.884Z","buy","taker"
"25032.89000000","0.00098000","2023-07-14T02:56:25.884Z","buy","taker"
"25040.76000000","0.00005000","2023-07-14T02:56:25.884Z","buy","taker"
"25047.26000000","0.00016000","2023-07-14T02:56:25.884Z","buy","taker"
"25055.72000000","0.00138000","2023-07-14T02:56:25.884Z","buy","taker"
"25055.72000000","0.00739000","2023-07-14T02:56:25.884Z","buy","taker"
"24919.66000000","0.01065000","2023-07-14T02:56:24.380Z","sell","maker"
"24919.66000000","0.00334000","2023-07-14T02:56:24.269Z","sell","maker"
"24919.66000000","0.00892000","2023-07-14T02:56:23.517Z","sell","maker"
"25006.88000000","0.00060000","2023-07-14T02:56:23.424Z","buy","taker"
"24919.66000000","0.02043000","2023-07-14T02:56:22.518Z","sell","maker"
"25006.86000000","0.00168000","2023-07-14T02:56:21.942Z","buy","taker"
"25006.87000000","0.00925000","2023-07-14T02:56:21.942Z","buy","taker"
"25006.87000000","0.00226000","2023-07-14T02:56:21.019Z","buy","taker"
"24919.66000000","0.01981000","2023-07-14T02:56:20.957Z","sell","maker"
"24919.66000000","0.01637000","2023-07-14T02:56:20.948Z","sell","maker"
"24919.66000000","0.09455000","2023-07-14T02:56:20.934Z","sell","maker"
"24919.66000000","0.01637000","2023-07-14T02:56:20.931Z","sell","maker"
"24919.66000000","0.02042000","2023-07-14T02:56:20.517Z","sell","maker"
"24919.66000000","0.00143000","2023-07-14T02:56:20.244Z","sell","maker"
"24919.67000000","0.00241000","2023-07-14T02:56:18.180Z","sell","maker"
"24919.66000000","0.00309000","2023-07-14T02:56:18.180Z","sell","maker"
"24919.67000000","0.00058000","2023-07-14T02:56:15.975Z","sell","maker"
"24919.66000000","0.00399000","2023-07-14T02:56:13.501Z","sell","maker"
"24927.34000000","0.00007000","2023-07-14T02:56:11.554Z","sell","maker"
"24919.67000000","0.04205000","2023-07-14T02:56:11.554Z","sell","maker"
"24919.66000000","0.08973000","2023-07-14T02:56:11.554Z","sell","maker"
"24919.67000000","0.00192000","2023-07-14T02:56:10.554Z","sell","maker"
"24919.66000000","0.13232000","2023-07-14T02:56:10.554Z","sell","maker"
"25086.78000000","0.00128000","2023-07-14T02:56:09.194Z","buy","taker"
"24919.66000000","0.05833000","2023-07-14T02:56:08.724Z","sell","maker"
"25086.78000000","0.00007000","2023-07-14T02:56:08.627Z","buy","taker"
"25086.78000000","0.00111000","2023-07-14T02:56:08.627Z","buy","taker"
"25033.81000000","0.00229000","2023-07-14T02:56:08.554Z","sell","maker"
"24986.86000000","0.00805000","2023-07-14T02:56:08.554Z","sell","maker"
"24983.01000000","0.00400000","2023-07-14T02:56:08.554Z","sell","maker"
"24980.04000000","0.00473000","2023-07-14T02:56:08.554Z","sell","maker"
"24980.00000000","0.02000000","2023-07-14T02:56:08.554Z","sell","maker"
"24979.35000000","0.00138000","2023-07-14T02:56:08.554Z","sell","maker"
"24974.01000000","0.00219000","2023-07-14T02:56:08.554Z","sell","maker"
"24971.65000000","0.01409000","2023-07-14T02:56:08.554Z","sell","maker"
"24971.59000000","0.00016000","2023-07-14T02:56:08.554Z","sell","maker"
"24971.30000000","0.00400000","2023-07-14T02:56:08.554Z","sell","maker"
"24958.41000000","0.01335000","2023-07-14T02:56:08.554Z","sell","maker"
"24958.29000000","0.00301000","2023-07-14T02:56:08.554Z","sell","maker"
"24956.83000000","0.00098000","2023-07-14T02:56:08.554Z","sell","maker"
"24955.97000000","0.00041000","2023-07-14T02:56:08.554Z","sell","maker"
"24955.97000000","0.00041000","2023-07-14T02:56:08.554Z","sell","maker"
"24950.67000000","0.00005000","2023-07-14T02:56:08.554Z","sell","maker"
"24944.77000000","0.00005000","2023-07-14T02:56:08.554Z","sell","maker"
"24941.85000000","0.00401000","2023-07-14T02:56:08.554Z","sell","maker"
"24941.06000000","0.00005000","2023-07-14T02:56:08.554Z","sell","maker"
"24939.51000000","0.00124000","2023-07-14T02:56:08.554Z","sell","maker"
"24938.55000000","0.00132000","2023-07-14T02:56:08.554Z","sell","maker"
"24927.34000000","0.00007000","2023-07-14T02:56:08.554Z","sell","maker"
"24922.00000000","0.00803000","2023-07-14T02:56:08.554Z","sell","maker"
"24921.42000000","0.00401000","2023-07-14T02:56:08.554Z","sell","maker"
"24920.22000000","0.00244000","2023-07-14T02:56:08.554Z","sell","maker"
"24919.66000000","0.03392000","2023-07-14T02:56:08.554Z","sell","maker"
"25001.05000000","0.00128000","2023-07-14T02:56:07.724Z","sell","maker"
"25000.00000000","0.03680000","2023-07-14T02:56:07.724Z","sell","maker"
"25000.00000000","0.02000000","2023-07-14T02:56:07.724Z","sell","maker"
"24989.18000000","0.00025000","2023-07-14T02:56:07.724Z","sell","maker"
"24989.18000000","0.00574000","2023-07-14T02:56:07.724Z","sell","maker"
"24986.86000000","0.01196000","2023-07-14T02:56:07.724Z","sell","maker"
"25049.21000000","0.00002000","2023-07-14T02:56:05.724Z","sell","maker"
"25006.93000000","0.00007000","2023-07-14T02:56:05.724Z","sell","maker"
"25000.00000000","0.05825000","2023-07-14T02:56:05.724Z","sell","maker"
"25049.21000000","0.00324000","2023-07-14T02:56:04.553Z","sell","maker"
"25097.80000000","0.00071000","2023-07-14T02:56:04.440Z","buy","taker"
"25049.21000000","0.00127000","2023-07-14T02:56:02.479Z","sell","maker"
"25049.21000000","0.00439000","2023-07-14T02:56:02.443Z","sell","maker"
"25049.21000000","0.00438000","2023-07-14T02:56:02.430Z","sell","maker"
"25086.78000000","0.00007000","2023-07-14T02:55:57.953Z","buy","taker"
"25097.80000000","0.01391000","2023-07-14T02:55:57.953Z","buy","taker"
"25000.00000000","0.12080000","2023-07-14T02:55:56.301Z","sell","maker"
"25000.00000000","0.01729000","2023-07-14T02:55:56.286Z","sell","maker"
"25000.00000000","0.01600000","2023-07-14T02:55:56.286Z","sell","maker"
"25000.00000000","0.00200000","2023-07-14T02:55:56.286Z","sell","maker"
"25000.00000000","0.00702000","2023-07-14T02:55:56.286Z","sell","maker"
"25000.00000000","0.00269000","2023-07-14T02:55:56.286Z","sell","maker"
"25000.00000000","0.00600000","2023-07-14T02:55:56.286Z","sell","maker"
"25000.00000000","0.06980000","2023-07-14T02:55:56.286Z","sell","maker"
"25025.48000000","0.00132000","2023-07-14T02:55:56.269Z","sell","maker"
"25000.00000000","0.11948000","2023-07-14T02:55:56.269Z","sell","maker"
"25000.00000000","0.05381000","2023-07-14T02:55:56.269Z","sell","maker"
"25000.00000000","0.02271000","2023-07-14T02:55:56.269Z","sell","maker"
"25000.00000000","0.08553000","2023-07-14T02:55:56.201Z","sell","maker"
"25000.00000000","0.00856000","2023-07-14T02:55:56.201Z","sell","maker"
"25000.00000000","0.02671000","2023-07-14T02:55:56.201Z","sell","maker"
"25069.00000000","0.01403000","2023-07-14T02:55:56.193Z","sell","maker"
"25034.16000000","0.00121000","2023-07-14T02:55:56.193Z","sell","maker"
"25025.00000000","0.00134000","2023-07-14T02:55:56.193Z","sell","maker"
"25023.32000000","0.00131000","2023-07-14T02:55:56.193Z","sell","maker"
"25007.50000000","0.00019000","2023-07-14T02:55:56.193Z","sell","maker"
"25006.93000000","0.00007000","2023-07-14T02:55:56.193Z","sell","maker"
"25000.00000000","0.05952000","2023-07-14T02:55:56.193Z","sell","maker"
"25086.78000000","0.00007000","2023-07-14T02:55:52.054Z","buy","taker"
"25087.50000000","0.00200000","2023-07-14T02:55:52.054Z","buy","taker"
"25097.80000000","0.00088000","2023-07-14T02:55:52.054Z","buy","taker"
"25000.00000000","0.00200000","2023-07-14T02:55:46.409Z","sell","maker"
"25000.00000000","0.00921000","2023-07-14T02:55:45.510Z","sell","maker"
"25000.00000000","0.04000000","2023-07-14T02:55:45.510Z","sell","maker"
"25000.00000000","0.01736000","2023-07-14T02:55:45.510Z","sell","maker"
"25000.00000000","0.05423000","2023-07-14T02:55:45.510Z","sell","maker"
"25000.00000000","0.09528000","2023-07-14T02:55:45.502Z","sell","maker"
"25000.00000000","0.02552000","2023-07-14T02:55:45.502Z","sell","maker"
"25000.00000000","0.12080000","2023-07-14T02:55:45.493Z","sell","maker"
"25000.00000000","0.07787000","2023-07-14T02:55:45.488Z","sell","maker"
"25000.00000000","0.00262000","2023-07-14T02:55:45.435Z","sell","maker"
"25000.00000000","0.00200000","2023-07-14T02:55:45.435Z","sell","maker"
"25000.00000000","0.00021000","2023-07-14T02:55:45.435Z","sell","maker"
"25000.00000000","0.00431000","2023-07-14T02:55:45.435Z","sell","maker"
"25000.00000000","0.00399000","2023-07-14T02:55:45.435Z","sell","maker"
"25000.00000000","0.10767000","2023-07-14T02:55:45.435Z","sell","maker"
"25000.00000000","0.04550000","2023-07-14T02:55:45.427Z","sell","maker"
"25000.00000000","0.00100000","2023-07-14T02:55:45.427Z","sell","maker"
"25000.00000000","0.00200000","2023-07-14T02:55:45.427Z","sell","maker"
"25000.00000000","0.00200000","2023-07-14T02:55:45.427Z","sell","maker"
"25000.00000000","0.00400000","2023-07-14T02:55:45.427Z","sell","maker"
"25000.00000000","0.02000000","2023-07-14T02:55:45.427Z","sell","maker"
"25000.00000000","0.00010000","2023-07-14T02:55:45.427Z","sell","maker"
"25000.00000000","0.00400000","2023-07-14T02:55:45.427Z","sell","maker"
"25000.00000000","0.00200000","2023-07-14T02:55:45.427Z","sell","maker"
"25000.00000000","0.00400000","2023-07-14T02:55:45.427Z","sell","maker"
"25000.00000000","0.00050000","2023-07-14T02:55:45.427Z","sell","maker"
"25000.00000000","0.02432000","2023-07-14T02:55:45.427Z","sell","maker"
"25000.00000000","0.01138000","2023-07-14T02:55:45.427Z","sell","maker"
"25000.00000000","0.07792000","2023-07-14T02:55:45.420Z","sell","maker"
"25000.00000000","0.12080000","2023-07-14T02:55:45.368Z","sell","maker"
"25000.00000000","0.12080000","2023-07-14T02:55:45.361Z","sell","maker"
"25000.00000000","0.12080000","2023-07-14T02:55:45.354Z","sell","maker"
"25000.00000000","0.07809000","2023-07-14T02:55:45.348Z","sell","maker"
"25000.00000000","0.00010000","2023-07-14T02:55:45.304Z","sell","maker"
"25000.00000000","0.13424000","2023-07-14T02:55:41.324Z","sell","maker"
"25000.00000000","0.13424000","2023-07-14T02:55:40.324Z","sell","maker"
"25000.00000000","0.00399000","2023-07-14T02:55:39.776Z","sell","maker"
"25032.89000000","0.00086000","2023-07-14T02:55:38.324Z","sell","maker"
"25025.00000000","0.00001000","2023-07-14T02:55:38.324Z","sell","maker"
"25023.98000000","0.00004000","2023-07-14T02:55:38.324Z","sell","maker"
"25006.93000000","0.00007000","2023-07-14T02:55:38.324Z","sell","maker"
"25000.00000000","0.13326000","2023-07-14T02:55:38.324Z","sell","maker"
"25193.43000000","0.00136000","2023-07-14T02:55:37.654Z","buy","taker"
"25193.44000000","0.00137000","2023-07-14T02:55:37.418Z","buy","taker"
"25193.44000000","0.00004000","2023-07-14T02:55:37.364Z","buy","taker"
"25193.44000000","0.00096000","2023-07-14T02:55:37.330Z","buy","taker"
"25193.44000000","0.00007000","2023-07-14T02:55:37.279Z","buy","taker"
"25193.44000000","0.00016000","2023-07-14T02:55:37.275Z","buy","taker"
"25190.66000000","0.00004000","2023-07-14T02:55:37.236Z","sell","maker"
"25055.72000000","0.00001000","2023-07-14T02:55:37.236Z","sell","maker"
"25055.72000000","0.00040000","2023-07-14T02:55:37.214Z","sell","maker"
"25055.72000000","0.00097000","2023-07-14T02:55:37.203Z","sell","maker"
"25185.71000000","0.00097000","2023-07-14T02:55:37.186Z","sell","maker"
"25193.43000000","0.00016000","2023-07-14T02:55:37.133Z","buy","taker"
"25115.61000000","0.00581000","2023-07-14T02:55:37.104Z","sell","maker"
"25115.61000000","0.00739000","2023-07-14T02:55:37.104Z","sell","maker"
"25047.26000000","0.00001000","2023-07-14T02:55:37.058Z","sell","maker"
"25032.89000000","0.00011000","2023-07-14T02:55:37.058Z","sell","maker"
"25047.26000000","0.00013000","2023-07-14T02:55:37.054Z","sell","maker"
"25107.18000000","0.00004000","2023-07-14T02:55:37.003Z","sell","maker"
"25047.26000000","0.00002000","2023-07-14T02:55:37.003Z","sell","maker"
"25166.88000000","0.00007000","2023-07-14T02:55:36.997Z","sell","maker"
"25132.32000000","0.00087000","2023-07-14T02:55:36.961Z","sell","maker"
"25109.18000000","0.00097000","2023-07-14T02:55:36.961Z","sell","maker"
"25132.32000000","0.00050000","2023-07-14T02:55:36.960Z","sell","maker"
"25193.43000000","0.00005000","2023-07-14T02:55:36.935Z","buy","taker"
"25168.45000000","0.00006000","2023-07-14T02:55:36.882Z","sell","maker"
"25086.78000000","0.00007000","2023-07-14T02:55:36.882Z","sell","maker"
"25123.16000000","0.00016000","2023-07-14T02:55:36.849Z","sell","maker"
"25040.76000000","0.00005000","2023-07-14T02:55:36.805Z","sell","maker"
"25040.96000000","0.00006000","2023-07-14T02:55:36.740Z","sell","maker"
"25137.11000000","0.00005000","2023-07-14T02:55:36.663Z","sell","maker"
"25286.37000000","0.00235000","2023-07-14T02:55:35.562Z","sell","maker"
"25286.30000000","0.00223000","2023-07-14T02:55:35.562Z","sell","maker"
"25198.20000000","0.00266000","2023-07-14T02:55:35.562Z","sell","maker"
"25286.43000000","0.00225000","2023-07-14T02:55:35.543Z","sell","maker"
"25286.60000000","0.00026000","2023-07-14T02:55:35.535Z","sell","maker"
"25286.43000000","0.00047000","2023-07-14T02:55:35.535Z","sell","maker"
"25286.60000000","0.00048000","2023-07-14T02:55:35.515Z","sell","maker"
"25286.60000000","0.00172000","2023-07-14T02:55:35.509Z","sell","maker"
"25286.52000000","0.00043000","2023-07-14T02:55:35.502Z","sell","maker"
"25286.52000000","0.00245000","2023-07-14T02:55:35.502Z","sell","maker"
"25286.45000000","0.00190000","2023-07-14T02:55:35.502Z","sell","maker"
"25286.57000000","0.00190000","2023-07-14T02:55:35.499Z","sell","maker"
"25286.72000000","0.00266000","2023-07-14T02:55:35.485Z","sell","maker"
"25286.52000000","0.00016000","2023-07-14T02:55:35.485Z","sell","maker"
"25286.52000000","0.00192000","2023-07-14T02:55:35.485Z","sell","maker"
"25286.58000000","0.00261000","2023-07-14T02:55:35.481Z","sell","maker"
"25286.55000000","0.00301000","2023-07-14T02:55:35.478Z","sell","maker"
"25097.79000000","0.00376000","2023-07-14T02:55:35.464Z","buy","taker"
"25097.80000000","0.00614000","2023-07-14T02:55:35.464Z","buy","taker"
"25097.82000000","0.00504000","2023-07-14T02:55:35.464Z","buy","taker"
"25100.00000000","0.35224000","2023-07-14T02:55:35.464Z","buy","taker"
"25107.18000000","0.00004000","2023-07-14T02:55:35.464Z","buy","taker"
"25109.18000000","0.00097000","2023-07-14T02:55:35.464Z","buy","taker"
"25123.16000000","0.00016000","2023-07-14T02:55:35.464Z","buy","taker"
"25132.32000000","0.00138000","2023-07-14T02:55:35.464Z","buy","taker"
"25137.11000000","0.00005000","2023-07-14T02:55:35.464Z","buy","taker"
"25166.88000000","0.00006000","2023-07-14T02:55:35.464Z","buy","taker"
"25168.45000000","0.00006000","2023-07-14T02:55:35.464Z","buy","taker"
"25173.40000000","0.00219000","2023-07-14T02:55:35.464Z","buy","taker"
"25185.71000000","0.00097000","2023-07-14T02:55:35.464Z","buy","taker"
"25188.55000000","0.00128000","2023-07-14T02:55:35.464Z","buy","taker"
"25190.66000000","0.00004000","2023-07-14T02:55:35.464Z","buy","taker"
"25191.99000000","0.01330000","2023-07-14T02:55:35.464Z","buy","taker"
"25199.29000000","0.00016000","2023-07-14T02:55:35.464Z","buy","taker"
"25209.15000000","0.00137000","2023-07-14T02:55:35.464Z","buy","taker"
"25215.37000000","0.00265000","2023-07-14T02:55:35.464Z","buy","taker"
"25216.86000000","0.01403000","2023-07-14T02:55:35.464Z","buy","taker"
"25221.12000000","0.00131000","2023-07-14T02:55:35.464Z","buy","taker"
"25230.50000000","0.00229000","2023-07-14T02:55:35.464Z","buy","taker"
"25233.83000000","0.00005000","2023-07-14T02:55:35.464Z","buy","taker"
"25241.24000000","0.09239000","2023-07-14T02:55:35.464Z","buy","taker"
"25247.24000000","0.00007000","2023-07-14T02:55:35.464Z","buy","taker"
"25255.73000000","0.00240000","2023-07-14T02:55:35.464Z","buy","taker"
"25262.47000000","0.00097000","2023-07-14T02:55:35.464Z","buy","taker"
"25270.00000000","0.00009000","2023-07-14T02:55:35.464Z","buy","taker"
"25274.41000000","0.00004000","2023-07-14T02:55:35.464Z","buy","taker"
"25275.66000000","0.00006000","2023-07-14T02:55:35.464Z","buy","taker"
"25286.22000000","0.00137000","2023-07-14T02:55:35.464Z","buy","taker"
"25295.95000000","0.00006000","2023-07-14T02:55:35.464Z","buy","taker"
"25302.97000000","0.00222000","2023-07-14T02:55:35.464Z","buy","taker"
"25302.98000000","0.00232000","2023-07-14T02:55:35.464Z","buy","taker"
"25303.04000000","0.00271000","2023-07-14T02:55:35.464Z","buy","taker"
"25303.04000000","0.00237000","2023-07-14T02:55:35.464Z","buy","taker"
"25303.15000000","0.00187000","2023-07-14T02:55:35.464Z","buy","taker"
"25303.15000000","0.00259000","2023-07-14T02:55:35.464Z","buy","taker"
"25303.15000000","0.00243000","2023-07-14T02:55:35.464Z","buy","taker"
"25303.15000000","0.00250000","2023-07-14T02:55:35.464Z","buy","taker"
"25303.25000000","0.00245000","2023-07-14T02:55:35.464Z","buy","taker"
"25303.26000000","0.00263000","2023-07-14T02:55:35.464Z","buy","taker"
"25303.32000000","0.00308000","2023-07-14T02:55:35.464Z","buy","taker"
"25313.27000000","0.00132000","2023-07-14T02:55:35.464Z","buy","taker"
"25315.16000000","0.01398000","2023-07-14T02:55:35.464Z","buy","taker"
"25326.65000000","0.00128000","2023-07-14T02:55:35.464Z","buy","taker"
"25327.85000000","0.00007000","2023-07-14T02:55:35.464Z","buy","taker"
"25330.92000000","0.00005000","2023-07-14T02:55:35.464Z","buy","taker"
"25335.59000000","0.00263000","2023-07-14T02:55:35.464Z","buy","taker"
"25337.07000000","0.00121000","2023-07-14T02:55:35.464Z","buy","taker"
"25339.46000000","0.00096000","2023-07-14T02:55:35.464Z","buy","taker"
"25352.25000000","0.00016000","2023-07-14T02:55:35.464Z","buy","taker"
"25358.45000000","0.00004000","2023-07-14T02:55:35.464Z","buy","taker"
"25363.52000000","0.00136000","2023-07-14T02:55:35.464Z","buy","taker"
"25366.91000000","0.03883000","2023-07-14T02:55:35.464Z","buy","taker"
"25025.00000000","0.02505000","2023-07-14T02:55:35.414Z","sell","maker"
"25027.89000000","0.00214000","2023-07-14T02:55:35.404Z","sell","maker"
"25025.00000000","0.07494000","2023-07-14T02:55:35.404Z","sell","maker"
"25027.89000000","0.00399000","2023-07-14T02:55:33.831Z","sell","maker"
"25000.00000000","0.03871000","2023-07-14T02:55:21.524Z","sell","maker"
"25000.00000000","0.00178000","2023-07-14T02:55:21.524Z","sell","maker"
"25000.00000000","0.02000000","2023-07-14T02:55:21.524Z","sell","maker"
"25000.00000000","0.00400000","2023-07-14T02:55:21.524Z","sell","maker"
"25000.00000000","0.01600000","2023-07-14T02:55:21.524Z","sell","maker"
"25000.00000000","0.00040000","2023-07-14T02:55:21.524Z","sell","maker"
"25000.00000000","0.00200000","2023-07-14T02:55:21.524Z","sell","maker"
"25000.00000000","0.00339000","2023-07-14T02:55:21.524Z","sell","maker"
"25000.00000000","0.01000000","2023-07-14T02:55:21.524Z","sell","maker"
"25000.00000000","0.00400000","2023-07-14T02:55:21.524Z","sell","maker"
"25000.00000000","0.00300000","2023-07-14T02:55:21.524Z","sell","maker"
"25000.00000000","0.00060000","2023-07-14T02:55:21.524Z","sell","maker"
"25000.00000000","0.03026000","2023-07-14T02:55:21.524Z","sell","maker"
"25000.00000000","0.01541000","2023-07-14T02:55:20.524Z","sell","maker"
"25000.00000000","0.04000000","2023-07-14T02:55:20.524Z","sell","maker"
"25000.00000000","0.02000000","2023-07-14T02:55:20.524Z","sell","maker"
"25000.00000000","0.04000000","2023-07-14T02:55:20.524Z","sell","maker"
"25000.00000000","0.00544000","2023-07-14T02:55:20.524Z","sell","maker"
"25000.00000000","0.00400000","2023-07-14T02:55:20.524Z","sell","maker"
"25000.00000000","0.00929000","2023-07-14T02:55:20.524Z","sell","maker"
"25025.00000000","0.03379000","2023-07-14T02:55:18.524Z","sell","maker"
"25000.00000000","0.09165000","2023-07-14T02:55:18.524Z","sell","maker"
"25000.00000000","0.00871000","2023-07-14T02:55:18.524Z","sell","maker"
"25025.00000000","0.00636000","2023-07-14T02:55:13.978Z","sell","maker"
"25098.77000000","0.00019000","2023-07-14T02:55:11.355Z","buy","taker"
"25099.59000000","0.00209000","2023-07-14T02:55:08.506Z","buy","taker"
"25025.00000000","0.00639000","2023-07-14T02:55:02.147Z","sell","maker"
"25025.00000000","0.01963000","2023-07-14T02:55:02.082Z","sell","maker"
"25025.00000000","0.00038000","2023-07-14T02:55:01.604Z","sell","maker"
"25025.00000000","0.02740000","2023-07-14T02:55:01.084Z","sell","maker"
"25025.00000000","0.00605000","2023-07-14T02:54:59.085Z","sell","maker"
"25000.00000000","0.00170000","2023-07-14T02:54:53.579Z","sell","maker"
"25000.00000000","0.02211000","2023-07-14T02:54:49.121Z","sell","maker"
"25000.00000000","0.02720000","2023-07-14T02:54:43.159Z","sell","maker"
"25000.00000000","0.02718000","2023-07-14T02:54:42.158Z","sell","maker"
"25100.00000000","0.00008000","2023-07-14T02:54:41.954Z","buy","taker"
"25000.00000000","0.01520000","2023-07-14T02:54:41.283Z","sell","maker"
"25000.00000000","0.02713000","2023-07-14T02:54:40.158Z","sell","maker"
"25100.00000000","0.01000000","2023-07-14T02:54:30.773Z","buy","taker"
"25000.00000000","0.00269000","2023-07-14T02:54:30.118Z","sell","maker"
"25000.00000000","0.00200000","2023-07-14T02:54:26.861Z","sell","maker"
"25100.00000000","0.00235000","2023-07-14T02:54:26.075Z","buy","taker"
"25080.00000000","0.00004000","2023-07-14T02:54:22.547Z","sell","maker"
"25000.00000000","0.00039000","2023-07-14T02:54:22.547Z","sell","maker"
"25100.00000000","0.00183000","2023-07-14T02:54:19.942Z","buy","taker"
"25080.00000000","0.00005000","2023-07-14T02:54:19.888Z","sell","maker"
"25100.00000000","0.00009000","2023-07-14T02:54:17.870Z","buy","taker"
"25100.00000000","0.00009000","2023-07-14T02:54:17.735Z","buy","taker"
"25100.00000000","0.00009000","2023-07-14T02:54:17.598Z","buy","taker"
"25100.00000000","0.00009000","2023-07-14T02:54:17.354Z","buy","taker"
"25100.00000000","0.00009000","2023-07-14T02:54:17.215Z","buy","taker"
"25000.00000000","0.01665000","2023-07-14T02:54:14.855Z","sell","maker"
"25000.00000000","0.01863000","2023-07-14T02:54:14.855Z","sell","maker"
"25000.00000000","0.00739000","2023-07-14T02:54:14.855Z","sell","maker"
"25000.00000000","0.00400000","2023-07-14T02:54:14.855Z","sell","maker"
"25000.00000000","0.00200000","2023-07-14T02:54:14.855Z","sell","maker"
"25000.00000000","0.02573000","2023-07-14T02:54:14.855Z","sell","maker"
"25000.00000000","0.02447000","2023-07-14T02:54:14.855Z","sell","maker"
"25000.00000000","0.06275000","2023-07-14T02:54:14.855Z","sell","maker"