"price","volume","time","side","orderType"
"0.51900000","38.50000000","2023-06-26T23:02:21.291Z","sell","maker"
"0.51800000","38.50000000","2023-06-26T23:02:21.291Z","sell","maker"
"0.51700000","48.30000000","2023-06-26T23:02:21.291Z","sell","maker"
"0.51600000","66.40000000","2023-06-26T23:02:21.291Z","sell","maker"
"0.51600000","19.00000000","2023-06-26T23:02:21.291Z","sell","maker"
"0.51600000","140.50000000","2023-06-26T23:02:21.291Z","sell","maker"
"0.51600000","38.70000000","2023-06-26T23:02:21.291Z","sell","maker"
"0.51600000","4350.00000000","2023-06-26T23:02:21.291Z","sell","maker"
"0.51600000","36.10000000","2023-06-26T23:02:21.291Z","sell","maker"
"0.50900000","95.20000000","2023-06-26T23:02:21.291Z","sell","maker"
"0.51600000","11.10000000","2023-06-25T22:40:09.277Z","sell","maker"
"0.51600000","3.60000000","2023-06-25T18:43:59.174Z","sell","maker"
"0.66900000","65.60000000","2023-06-25T16:32:08.754Z","buy","taker"
"0.51700000","4.00000000","2023-06-25T06:41:55.742Z","sell","maker"
"0.51600000","44.30000000","2023-06-25T06:41:43.664Z","sell","maker"
"0.66900000","3.70000000","2023-06-25T04:56:03.839Z","buy","taker"
"0.47700000","58.20000000","2023-06-24T02:32:27.813Z","sell","maker"
"0.47500000","29.00000000","2023-06-23T20:52:39.982Z","sell","maker"
"0.50000000","15.80000000","2023-06-23T20:03:37.898Z","buy","taker"
"0.50000000","4.00000000","2023-06-23T20:01:20.631Z","buy","taker"
"0.50000000","36.70000000","2023-06-23T16:09:25.495Z","buy","taker"
"0.50000000","80.00000000","2023-06-23T16:09:25.015Z","buy","taker"
"0.50000000","42.70000000","2023-06-23T16:09:25.015Z","buy","taker"
"0.50000000","42.70000000","2023-06-23T16:09:25.015Z","buy","taker"
"0.50000000","42.70000000","2023-06-23T16:09:25.015Z","buy","taker"
"0.50000000","38.80000000","2023-06-23T16:01:05.685Z","buy","taker"
"0.50000000","38.80000000","2023-06-23T16:01:05.684Z","buy","taker"
"0.50000000","82.80000000","2023-06-23T16:01:05.684Z","buy","taker"
"0.50000000","38.80000000","2023-06-23T16:01:05.684Z","buy","taker"
"0.51400000","2.30000000","2023-06-23T15:33:11.754Z","sell","maker"
"0.51300000","9.50000000","2023-06-23T15:33:11.754Z","sell","maker"
"0.51200000","14.70000000","2023-06-23T15:33:11.754Z","sell","maker"
"0.50000000","264.60000000","2023-06-23T15:33:11.754Z","sell","maker"
"0.51400000","43.20000000","2023-06-23T14:47:23.212Z","sell","maker"
"0.51400000","55.00000000","2023-06-23T13:45:04.242Z","sell","maker"
"0.51400000","16.10000000","2023-06-23T13:45:04.242Z","sell","maker"
"0.51300000","9.70000000","2023-06-22T06:10:31.865Z","sell","maker"
"0.68800000","14.80000000","2023-06-22T06:10:23.808Z","buy","taker"
"0.69000000","90.90000000","2023-06-21T22:19:05.993Z","buy","taker"
"0.69000000","12.30000000","2023-06-21T22:19:05.993Z","buy","taker"
"0.69100000","41.60000000","2023-06-21T22:19:05.993Z","buy","taker"
"0.69200000","3.80000000","2023-06-21T21:07:25.200Z","buy","taker"
"0.69800000","71.60000000","2023-06-21T09:43:20.883Z","buy","taker"
"0.60000000","86.60000000","2023-06-20T23:44:39.734Z","sell","maker"
"0.51200000","3.20000000","2023-06-20T23:44:39.734Z","sell","maker"
"0.51200000","59.60000000","2023-06-20T23:44:39.734Z","sell","maker"
"0.60000000","7.20000000","2023-06-20T19:50:46.651Z","buy","taker"
"0.60000000","7.20000000","2023-06-20T19:50:46.651Z","buy","taker"
"0.60000000","7.20000000","2023-06-20T19:50:46.651Z","buy","taker"
"0.60000000","12.10000000","2023-06-20T19:50:46.651Z","buy","taker"
"0.51900000","99.00000000","2023-06-20T13:44:12.364Z","sell","maker"
"0.51700000","5.60000000","2023-06-20T13:44:12.364Z","sell","maker"
"0.51600000","5.60000000","2023-06-20T13:44:12.364Z","sell","maker"
"0.51500000","5.60000000","2023-06-20T13:44:12.364Z","sell","maker"
"0.51400000","5.60000000","2023-06-20T13:44:12.364Z","sell","maker"
"0.51300000","5.70000000","2023-06-20T13:44:12.364Z","sell","maker"
"0.51200000","2.30000000","2023-06-20T13:44:12.364Z","sell","maker"
"0.72900000","9.60000000","2023-06-20T12:47:51.661Z","buy","taker"
"0.51800000","18.60000000","2023-06-20T11:07:08.516Z","sell","maker"
"0.71400000","5.20000000","2023-06-20T05:05:36.958Z","buy","taker"
"0.72900000","8.60000000","2023-06-20T05:05:36.958Z","buy","taker"
"0.71000000","21.10000000","2023-06-19T05:34:08.866Z","buy","taker"
"0.73000000","7.60000000","2023-06-18T19:52:54.060Z","sell","maker"
"0.73000000","7.60000000","2023-06-18T19:52:46.774Z","sell","maker"
"0.74000000","14.90000000","2023-06-18T19:52:39.436Z","sell","maker"
"0.74500000","9.80000000","2023-06-18T19:52:30.188Z","sell","maker"
"0.74800000","13.10000000","2023-06-18T19:52:23.646Z","sell","maker"
"0.75000000","2.00000000","2023-06-18T18:49:12.731Z","buy","taker"
"0.60800000","1.30000000","2023-06-18T14:46:27.678Z","buy","taker"
"0.60800000","4.00000000","2023-06-18T14:46:27.495Z","buy","taker"
"0.60500000","74.50000000","2023-06-18T14:43:21.254Z","sell","maker"
"0.60800000","31.50000000","2023-06-18T14:39:35.426Z","buy","taker"
"0.60900000","31.50000000","2023-06-18T14:39:35.298Z","buy","taker"
"0.61000000","36.80000000","2023-06-18T14:39:35.294Z","sell","maker"
"0.60600000","281.90000000","2023-06-18T14:38:42.406Z","sell","maker"
"0.61100000","36.00000000","2023-06-18T14:32:13.039Z","sell","maker"
"0.71100000","29.60000000","2023-06-18T09:41:35.108Z","sell","maker"
"0.65000000","33.10000000","2023-06-18T09:34:51.062Z","sell","maker"
"0.65000000","2.80000000","2023-06-18T08:06:26.080Z","sell","maker"
"0.89000000","1.70000000","2023-06-18T08:05:21.042Z","buy","taker"
"0.89000000","1.20000000","2023-06-18T08:02:40.971Z","buy","taker"
"0.89000000","6.30000000","2023-06-17T23:51:19.577Z","buy","taker"
"0.89000000","18.80000000","2023-06-17T19:58:46.388Z","buy","taker"
"0.70000000","4.70000000","2023-06-17T19:45:23.489Z","buy","taker"
"0.89000000","13.70000000","2023-06-17T19:45:23.489Z","buy","taker"
"0.60000000","2.80000000","2023-06-17T19:20:46.605Z","sell","maker"
"0.70000000","3.30000000","2023-06-17T10:32:23.787Z","buy","taker"
"0.59800000","7.30000000","2023-06-17T10:04:46.825Z","sell","maker"
"0.70000000","1.90000000","2023-06-17T09:57:52.877Z","buy","taker"
"0.70000000","5.50000000","2023-06-17T09:50:00.955Z","buy","taker"
"0.50600000","31.30000000","2023-06-13T00:55:42.484Z","buy","taker"
"0.55000000","19.00000000","2023-06-12T16:29:04.755Z","sell","maker"
"0.50500000","15.40000000","2023-06-12T16:29:04.755Z","sell","maker"
"0.55000000","84.10000000","2023-06-11T20:04:49.329Z","buy","taker"
"0.55000000","2000.00000000","2023-06-11T20:04:49.329Z","buy","taker"
"0.55000000","20.00000000","2023-06-11T19:46:10.132Z","buy","taker"
"0.55000000","9.20000000","2023-06-11T15:04:06.318Z","sell","maker"
"0.55000000","995.90000000","2023-06-11T15:04:06.301Z","buy","taker"
"0.50000000","25.10000000","2023-06-11T15:03:30.322Z","sell","maker"
"0.55000000","4.00000000","2023-06-11T15:03:20.059Z","buy","taker"
"0.55000000","51.90000000","2023-06-11T15:03:20.059Z","buy","taker"
"0.55000000","4.00000000","2023-06-11T15:03:20.059Z","buy","taker"
"0.55000000","4.00000000","2023-06-11T15:03:20.059Z","buy","taker"
"0.55000000","4.00000000","2023-06-11T15:03:20.059Z","buy","taker"
"0.55100000","72.60000000","2023-06-11T15:03:20.054Z","sell","maker"
"0.56000000","99.50000000","2023-06-11T12:04:20.123Z","sell","maker"
"0.55100000","20.00000000","2023-06-11T07:47:04.332Z","sell","maker"
"0.92000000","20.00000000","2023-06-11T07:40:42.802Z","buy","taker"
"0.69800000","3.30000000","2023-06-11T02:24:54.434Z","buy","taker"
"0.77900000","2.70000000","2023-06-11T02:24:54.434Z","buy","taker"
"0.77900000","42.50000000","2023-06-11T02:24:54.434Z","buy","taker"
"0.78000000","218.50000000","2023-06-11T02:24:54.434Z","buy","taker"
"0.80000000","6.00000000","2023-06-11T02:24:54.434Z","buy","taker"
"0.83000000","7.30000000","2023-06-11T02:24:54.434Z","buy","taker"
"0.89000000","131.20000000","2023-06-11T02:24:54.434Z","buy","taker"
"0.89900000","3.90000000","2023-06-11T02:24:54.434Z","buy","taker"
"0.91000000","104.40000000","2023-06-11T02:24:54.434Z","buy","taker"
"0.92000000","25.90000000","2023-06-11T02:24:54.434Z","buy","taker"
"0.93500000","318.00000000","2023-06-11T02:24:54.434Z","buy","taker"
"0.94700000","65.10000000","2023-06-11T02:24:54.434Z","buy","taker"
"0.94800000","2077.00000000","2023-06-11T02:24:54.434Z","buy","taker"
"0.48300000","24.70000000","2023-06-10T22:14:11.345Z","sell","maker"
"0.48100000","99.20000000","2023-06-10T16:32:20.668Z","sell","maker"
"0.48100000","162.50000000","2023-06-10T05:48:24.508Z","sell","maker"
"0.69800000","22.80000000","2023-06-10T04:14:32.269Z","buy","taker"
"0.47500000","20.00000000","2023-06-09T21:16:09.180Z","sell","maker"
"0.47400000","100.00000000","2023-06-09T21:16:09.180Z","sell","maker"
"0.47100000","4.10000000","2023-06-09T21:16:09.180Z","sell","maker"
"0.50000000","200.00000000","2023-06-09T20:48:25.949Z","sell","maker"
"0.50000000","20.00000000","2023-06-09T20:48:25.949Z","sell","maker"
"0.49000000","124.10000000","2023-06-09T20:48:25.949Z","sell","maker"
"0.49100000","16.40000000","2023-06-09T16:15:13.570Z","sell","maker"
"0.49100000","9.90000000","2023-06-09T16:14:09.911Z","sell","maker"
"0.62000000","219.40000000","2023-06-09T11:58:41.849Z","sell","maker"
"0.51100000","1000.00000000","2023-06-09T11:58:41.849Z","sell","maker"
"0.46900000","42.60000000","2023-06-09T11:58:41.849Z","sell","maker"
"0.66600000","15.00000000","2023-06-09T11:56:34.405Z","sell","maker"
"0.66600000","15.00000000","2023-06-09T11:56:34.405Z","sell","maker"
"0.62200000","2.70000000","2023-06-09T11:56:34.405Z","sell","maker"
"0.70300000","16.10000000","2023-06-09T11:51:05.614Z","sell","maker"
"0.68200000","10.80000000","2023-06-09T11:51:05.614Z","sell","maker"
"0.74000000","14.80000000","2023-06-08T19:48:12.501Z","buy","taker"
"0.71000000","13.80000000","2023-06-08T17:40:51.029Z","buy","taker"
"0.71000000","13.80000000","2023-06-08T17:35:05.255Z","buy","taker"
"0.71000000","204.10000000","2023-06-08T17:34:23.164Z","buy","taker"
"0.71000000","31.40000000","2023-06-08T17:34:23.164Z","buy","taker"
"0.78000000","158.10000000","2023-06-08T17:34:23.164Z","buy","taker"
"0.79200000","13.80000000","2023-06-08T17:34:23.164Z","buy","taker"
"0.79200000","13.80000000","2023-06-08T17:34:23.164Z","buy","taker"
"0.80000000","13.70000000","2023-06-08T17:34:23.164Z","buy","taker"
"0.80000000","829.70000000","2023-06-08T17:34:23.164Z","buy","taker"
"0.70300000","2.10000000","2023-06-08T16:30:02.977Z","sell","maker"
"0.71000000","3.90000000","2023-06-08T15:42:45.451Z","buy","taker"
"0.72000000","13.80000000","2023-06-07T16:02:35.359Z","sell","maker"
"0.72000000","13.80000000","2023-06-07T16:02:35.359Z","sell","maker"
"0.80000000","12.50000000","2023-06-07T11:08:21.835Z","buy","taker"
"0.72700000","13.70000000","2023-06-07T11:02:00.622Z","buy","taker"
"0.73400000","7.40000000","2023-06-07T10:48:06.177Z","sell","maker"
"0.66100000","15.10000000","2023-06-07T10:48:06.177Z","sell","maker"
"0.60100000","33.70000000","2023-06-07T10:48:06.177Z","sell","maker"
"0.73400000","6.20000000","2023-06-07T08:50:05.720Z","sell","maker"
"0.81400000","1.30000000","2023-06-07T08:48:01.444Z","buy","taker"
"0.81600000","10.90000000","2023-06-07T08:48:01.444Z","buy","taker"
"0.62300000","49.40000000","2023-06-07T08:28:16.264Z","sell","maker"
"0.62300000","154.00000000","2023-06-07T08:28:16.264Z","sell","maker"
"0.81400000","12.20000000","2023-06-07T08:28:16.163Z","buy","taker"
"0.62300000","4.00000000","2023-06-07T08:15:26.688Z","sell","maker"
"0.62300000","41.00000000","2023-06-07T08:07:56.126Z","sell","maker"
"0.73000000","13.60000000","2023-06-07T08:07:56.115Z","sell","maker"
"0.76700000","1.30000000","2023-06-07T07:39:29.485Z","buy","taker"
"0.81100000","0.10000000","2023-06-07T07:39:29.485Z","buy","taker"
"0.69000000","4.00000000","2023-06-07T07:25:50.863Z","sell","maker"
"0.69000000","4.00000000","2023-06-07T07:22:18.443Z","sell","maker"
"0.69000000","5.30000000","2023-06-07T07:20:05.331Z","sell","maker"
"0.76700000","13.00000000","2023-06-07T07:17:46.989Z","buy","taker"
"0.73700000","0.20000000","2023-06-07T07:11:08.097Z","buy","taker"
"0.76700000","12.80000000","2023-06-07T07:11:08.097Z","buy","taker"
"0.60100000","2.00000000","2023-06-07T07:08:03.438Z","sell","maker"
"0.72900000","15.00000000","2023-06-07T06:55:21.229Z","buy","taker"
"0.72900000","15.00000000","2023-06-07T06:55:21.229Z","buy","taker"
"0.73600000","6.70000000","2023-06-07T06:55:21.229Z","buy","taker"
"0.73700000","11.80000000","2023-06-07T06:55:21.229Z","buy","taker"
"0.73700000","14.90000000","2023-06-07T06:55:21.229Z","buy","taker"
"0.73700000","216.60000000","2023-06-07T06:55:21.229Z","buy","taker"
"0.60100000","238.00000000","2023-06-07T06:38:40.245Z","sell","maker"
"0.61400000","16.40000000","2023-06-07T06:38:40.236Z","sell","maker"
"0.61100000","16.50000000","2023-06-07T06:38:40.236Z","sell","maker"
"0.61000000","1.80000000","2023-06-07T06:38:40.236Z","sell","maker"
"0.72700000","66.60000000","2023-06-07T06:38:40.228Z","buy","taker"
"0.64800000","103.80000000","2023-06-07T06:38:40.222Z","buy","taker"
"0.64800000","103.80000000","2023-06-07T06:38:40.222Z","buy","taker"
"0.64800000","103.80000000","2023-06-07T06:38:40.222Z","buy","taker"
"0.64800000","46.30000000","2023-06-07T06:38:40.222Z","buy","taker"
"0.66300000","15.00000000","2023-06-07T06:38:40.218Z","sell","maker"
"0.66300000","15.00000000","2023-06-07T06:38:40.218Z","sell","maker"
"0.73700000","1.50000000","2023-06-07T01:35:10.593Z","buy","taker"
"0.60100000","2.90000000","2023-06-07T01:31:27.386Z","sell","maker"
"0.73700000","1.40000000","2023-06-07T01:31:23.367Z","buy","taker"
"0.73700000","1.40000000","2023-06-07T01:31:12.399Z","buy","taker"
"0.73700000","0.20000000","2023-06-07T01:31:12.399Z","buy","taker"
"0.73700000","13.50000000","2023-06-07T01:28:04.881Z","buy","taker"
"0.60100000","31.10000000","2023-06-07T01:18:25.653Z","sell","maker"
"0.73700000","11.60000000","2023-06-07T01:18:20.199Z","sell","maker"
"0.67000000","30.00000000","2023-06-07T01:18:20.199Z","sell","maker"
"0.67000000","14.90000000","2023-06-07T01:18:20.199Z","sell","maker"
"0.67000000","14.90000000","2023-06-07T01:18:20.199Z","sell","maker"
"0.67000000","14.90000000","2023-06-07T01:18:20.199Z","sell","maker"
"0.66900000","349.40000000","2023-06-07T01:18:20.199Z","sell","maker"
"0.66900000","14.90000000","2023-06-07T01:18:20.199Z","sell","maker"
"0.61300000","319.30000000","2023-06-07T01:18:20.199Z","sell","maker"
"0.60900000","41.10000000","2023-06-07T01:18:20.199Z","sell","maker"
"0.60100000","16.60000000","2023-06-07T01:18:20.199Z","sell","maker"
"0.60000000","216.80000000","2023-06-07T01:18:20.199Z","sell","maker"
"0.73700000","10.90000000","2023-06-07T01:00:04.325Z","sell","maker"
"0.74400000","8.80000000","2023-06-06T23:23:37.620Z","buy","taker"
"0.67000000","82.10000000","2023-06-06T22:23:16.600Z","sell","maker"
"0.66900000","309.00000000","2023-06-06T22:18:26.565Z","sell","maker"
"0.69300000","49.00000000","2023-06-06T22:18:12.021Z","sell","maker"
"0.69700000","14.30000000","2023-06-06T22:17:57.480Z","sell","maker"
"0.69700000","14.30000000","2023-06-06T22:17:57.480Z","sell","maker"
"0.70000000","30.00000000","2023-06-06T22:17:37.883Z","sell","maker"
"0.74000000","13.50000000","2023-06-06T22:04:04.368Z","buy","taker"
"0.71500000","23.80000000","2023-06-06T17:07:43.868Z","sell","maker"
"0.72200000","9.70000000","2023-06-06T17:07:42.390Z","buy","taker"
"0.70700000","31.90000000","2023-06-06T13:44:45.344Z","buy","taker"
"0.70700000","100.00000000","2023-06-06T04:36:16.126Z","sell","maker"
"0.72300000","152.10000000","2023-06-06T03:06:50.008Z","buy","taker"
"0.72300000","124.40000000","2023-06-05T23:23:43.324Z","buy","taker"
"0.71600000","349.20000000","2023-06-05T19:09:04.207Z","buy","taker"
"0.71700000","697.30000000","2023-06-05T19:09:04.207Z","buy","taker"
"0.71800000","213.00000000","2023-06-05T17:31:24.331Z","buy","taker"
"0.71800000","13.50000000","2023-06-05T16:47:05.947Z","buy","taker"
"0.73600000","84.90000000","2023-06-05T02:55:50.094Z","buy","taker"
"0.73000000","4.60000000","2023-06-05T02:47:51.997Z","sell","maker"
"0.74000000","4.70000000","2023-06-05T02:39:48.510Z","buy","taker"
"0.73000000","20.10000000","2023-06-05T02:32:37.154Z","sell","maker"
"0.73000000","4.70000000","2023-06-05T02:31:56.279Z","sell","maker"
"0.74000000","4.70000000","2023-06-05T02:24:06.897Z","buy","taker"
"0.73000000","4.80000000","2023-06-05T02:16:15.973Z","sell","maker"
"0.74000000","4.80000000","2023-06-05T02:08:19.693Z","buy","taker"
"0.73000000","4.80000000","2023-06-05T01:59:52.920Z","sell","maker"
"0.74000000","4.80000000","2023-06-05T01:50:43.705Z","buy","taker"
"0.73000000","4.80000000","2023-06-05T01:42:30.654Z","sell","maker"
"0.74000000","4.80000000","2023-06-05T01:34:39.069Z","buy","taker"
"0.73000000","10.60000000","2023-06-05T01:26:49.740Z","sell","maker"
"0.74000000","10.60000000","2023-06-05T01:18:59.421Z","buy","taker"
"0.73000000","19.20000000","2023-06-05T01:11:08.711Z","sell","maker"
"0.74000000","19.30000000","2023-06-05T01:03:17.263Z","buy","taker"
"0.73100000","266.10000000","2023-06-05T00:55:29.067Z","sell","maker"
"0.74200000","2.10000000","2023-06-05T00:47:44.423Z","buy","taker"
"0.73500000","340.00000000","2023-06-05T00:45:51.721Z","sell","maker"
"0.73400000","680.80000000","2023-06-05T00:45:51.721Z","sell","maker"
"0.73100000","3184.80000000","2023-06-05T00:45:51.721Z","sell","maker"
"0.73000000","1369.40000000","2023-06-05T00:45:51.721Z","sell","maker"
"0.72600000","326.80000000","2023-06-05T00:45:51.721Z","sell","maker"
"0.73600000","18.70000000","2023-06-04T10:27:04.389Z","sell","maker"
"0.73600000","342.60000000","2023-06-04T10:27:02.643Z","sell","maker"
"0.73600000","342.60000000","2023-06-04T10:27:00.637Z","sell","maker"
"0.73600000","42.10000000","2023-06-04T10:26:58.639Z","sell","maker"
"0.73600000","340.90000000","2023-06-04T10:26:58.392Z","sell","maker"
"0.73600000","20.30000000","2023-06-04T03:13:11.535Z","buy","taker"
"0.73500000","264.70000000","2023-06-03T16:14:06.246Z","buy","taker"
"0.73500000","5.70000000","2023-06-03T16:12:34.253Z","buy","taker"
"0.73600000","27.10000000","2023-06-03T10:10:00.655Z","buy","taker"
"0.74300000","25.00000000","2023-06-02T16:27:51.841Z","buy","taker"
"0.74300000","70.00000000","2023-06-02T10:51:39.060Z","buy","taker"
"0.73400000","19.10000000","2023-06-01T16:39:15.841Z","sell","maker"
"0.73400000","19.60000000","2023-06-01T16:39:15.839Z","sell","maker"
"0.73400000","19.60000000","2023-06-01T16:39:15.839Z","sell","maker"
"0.73200000","69.20000000","2023-06-01T04:09:03.342Z","sell","maker"
"0.73200000","71.80000000","2023-06-01T03:53:26.450Z","sell","maker"
"0.74300000","100.00000000","2023-06-01T03:51:00.037Z","buy","taker"
"0.72800000","89.40000000","2023-06-01T03:37:46.145Z","sell","maker"
"0.72800000","9.90000000","2023-06-01T03:21:36.890Z","sell","maker"
"0.72800000","11.90000000","2023-06-01T03:21:36.890Z","sell","maker"
"0.72800000","7.60000000","2023-05-31T20:52:34.896Z","sell","maker"
"0.73700000","7.60000000","2023-05-31T20:39:18.672Z","buy","taker"
"0.72800000","5.80000000","2023-05-31T20:17:34.811Z","sell","maker"
"0.72800000","36.50000000","2023-05-31T16:14:03.569Z","sell","maker"
"0.72700000","344.60000000","2023-05-31T16:13:57.326Z","sell","maker"
"0.73600000","25.20000000","2023-05-31T10:58:41.459Z","sell","maker"
"0.74300000","11.50000000","2023-05-31T10:58:40.161Z","buy","taker"
"0.73600000","66.20000000","2023-05-31T04:20:54.855Z","sell","maker"
"0.74300000","8.00000000","2023-05-31T04:10:01.406Z","buy","taker"
"0.73900000","33.70000000","2023-05-31T04:07:18.908Z","sell","maker"
"0.73900000","69.20000000","2023-05-31T03:57:17.460Z","sell","maker"
"0.73900000","35.00000000","2023-05-31T03:48:22.293Z","sell","maker"
"0.73900000","71.70000000","2023-05-31T03:33:52.473Z","sell","maker"
"0.73900000","15.80000000","2023-05-31T03:20:04.618Z","sell","maker"
"0.74300000","45.30000000","2023-05-31T03:09:46.145Z","buy","taker"
"0.73600000","633.80000000","2023-05-31T03:01:10.209Z","buy","taker"
"0.73600000","125.80000000","2023-05-31T03:01:10.199Z","sell","maker"
"0.74800000","2.00000000","2023-05-31T02:18:59.854Z","buy","taker"
"0.73600000","9.80000000","2023-05-31T02:13:18.372Z","sell","maker"
"0.73600000","101.60000000","2023-05-31T02:07:47.527Z","sell","maker"
"0.74000000","60.00000000","2023-05-31T01:54:31.552Z","sell","maker"
"0.74000000","123.30000000","2023-05-31T01:44:34.142Z","sell","maker"
"0.74000000","63.00000000","2023-05-31T01:35:42.353Z","sell","maker"
"0.74000000","18.30000000","2023-05-31T01:32:04.002Z","sell","maker"
"0.74000000","130.30000000","2023-05-31T01:21:21.058Z","sell","maker"
"0.73900000","1099.40000000","2023-05-31T01:10:51.552Z","buy","taker"
"0.73900000","122.10000000","2023-05-31T01:10:51.544Z","sell","maker"
"0.73900000","13.10000000","2023-05-31T01:07:28.992Z","sell","maker"
"0.74700000","13.10000000","2023-05-31T01:06:47.658Z","buy","taker"
"0.74000000","68.60000000","2023-05-31T00:55:43.092Z","sell","maker"
"0.74000000","53.30000000","2023-05-31T00:44:48.606Z","sell","maker"
"0.74800000","12.30000000","2023-05-31T00:44:38.364Z","buy","taker"
"0.74900000","151.70000000","2023-05-31T00:37:12.554Z","buy","taker"
"0.75900000","1.50000000","2023-05-30T22:26:58.135Z","buy","taker"
"0.76000000","18.70000000","2023-05-30T22:03:07.223Z","buy","taker"
"0.76000000","8.20000000","2023-05-30T22:03:07.221Z","buy","taker"
"0.76000000","12.70000000","2023-05-30T20:33:52.927Z","buy","taker"
"0.76000000","4.40000000","2023-05-30T20:33:52.925Z","buy","taker"
"0.76000000","12.00000000","2023-05-30T20:33:51.598Z","buy","taker"
"0.76000000","7.50000000","2023-05-30T20:33:51.596Z","buy","taker"
"0.76000000","3.40000000","2023-05-30T20:33:51.182Z","buy","taker"
"0.75200000","126.40000000","2023-05-30T20:29:53.034Z","sell","maker"
"0.76000000","116.70000000","2023-05-30T20:19:21.272Z","buy","taker"
"0.75200000","60.90000000","2023-05-30T20:15:51.135Z","sell","maker"
"0.76000000","11.70000000","2023-05-30T20:07:44.240Z","buy","taker"
"0.75300000","132.60000000","2023-05-30T20:03:54.262Z","sell","maker"
"0.75200000","32.40000000","2023-05-30T20:03:54.262Z","sell","maker"
"0.76100000","19.60000000","2023-05-30T19:52:43.191Z","buy","taker"
"0.76100000","19.60000000","2023-05-30T19:52:43.190Z","buy","taker"
"0.76400000","84.50000000","2023-05-30T16:58:11.063Z","buy","taker"
"0.75400000","176.90000000","2023-05-30T16:56:32.324Z","sell","maker"
"0.76800000","29.40000000","2023-05-30T13:54:16.606Z","buy","taker"
"0.77100000","16.20000000","2023-05-30T12:30:30.344Z","buy","taker"
"0.76600000","28.30000000","2023-05-30T08:19:12.573Z","sell","maker"
"0.77400000","28.30000000","2023-05-30T08:18:31.526Z","buy","taker"
"0.70100000","23.50000000","2023-05-30T08:17:32.200Z","sell","maker"
"0.77500000","2.00000000","2023-05-30T05:39:48.620Z","buy","taker"
"0.77500000","12.90000000","2023-05-30T03:53:48.213Z","buy","taker"
"0.77100000","759.60000000","2023-05-30T01:22:18.340Z","buy","taker"
"0.77100000","30.30000000","2023-05-30T01:22:18.340Z","buy","taker"
"0.77400000","436.50000000","2023-05-30T01:22:18.340Z","buy","taker"
"0.76700000","6.30000000","2023-05-29T14:27:53.693Z","sell","maker"
"0.77400000","355.80000000","2023-05-29T07:01:14.717Z","buy","taker"
"0.77400000","360.60000000","2023-05-29T07:00:08.572Z","buy","taker"
"0.77600000","30.80000000","2023-05-29T03:25:59.345Z","sell","maker"
"0.77300000","49.30000000","2023-05-29T03:03:38.380Z","buy","taker"
"0.77300000","14.10000000","2023-05-29T03:03:38.378Z","buy","taker"
"0.77300000","23.60000000","2023-05-29T03:03:38.093Z","buy","taker"
"0.77300000","9.40000000","2023-05-29T03:03:38.091Z","buy","taker"
"0.76500000","16.20000000","2023-05-29T02:50:47.162Z","sell","maker"
"0.77400000","31.20000000","2023-05-29T02:50:45.012Z","buy","taker"
"0.76600000","135.00000000","2023-05-29T02:42:14.895Z","sell","maker"
"0.77500000","16.60000000","2023-05-29T02:26:41.104Z","buy","taker"
"0.77500000","104.10000000","2023-05-29T02:26:41.097Z","buy","taker"
"0.76700000","49.10000000","2023-05-29T02:17:33.034Z","sell","maker"
"0.77400000","31.20000000","2023-05-29T02:06:29.020Z","buy","taker"
"0.76600000","918.10000000","2023-05-29T02:05:03.531Z","sell","maker"
"0.76200000","357.90000000","2023-05-29T02:05:03.531Z","sell","maker"
"0.77400000","420.40000000","2023-05-29T00:22:35.774Z","sell","maker"
"0.77400000","870.30000000","2023-05-29T00:22:35.066Z","buy","taker"
"0.77400000","14.10000000","2023-05-28T23:21:16.571Z","buy","taker"
"0.77400000","157.30000000","2023-05-28T23:18:23.057Z","buy","taker"
"0.77400000","629.30000000","2023-05-28T23:17:37.146Z","buy","taker"
"0.77300000","394.70000000","2023-05-28T22:14:23.547Z","sell","maker"
"0.77300000","794.60000000","2023-05-28T22:14:19.745Z","sell","maker"
"0.77300000","789.70000000","2023-05-28T22:14:18.738Z","sell","maker"
"0.77300000","789.20000000","2023-05-28T22:14:18.176Z","sell","maker"
"0.77300000","793.90000000","2023-05-28T22:13:13.549Z","sell","maker"
"0.77300000","790.30000000","2023-05-28T22:13:13.507Z","sell","maker"
"0.77100000","790.20000000","2023-05-28T22:13:12.944Z","buy","taker"
"0.77100000","791.70000000","2023-05-28T22:13:12.944Z","buy","taker"
"0.77300000","6.00000000","2023-05-28T16:20:09.607Z","buy","taker"
"0.77300000","14.70000000","2023-05-28T16:20:09.603Z","buy","taker"
"0.77600000","1.90000000","2023-05-28T11:23:19.033Z","buy","taker"
"0.77400000","23.70000000","2023-05-28T01:57:26.643Z","buy","taker"
"0.76600000","2.50000000","2023-05-28T01:32:19.677Z","sell","maker"
"0.76500000","1294.50000000","2023-05-28T01:32:19.677Z","sell","maker"
"0.75100000","835.80000000","2023-05-28T01:32:19.677Z","sell","maker"
"0.75000000","66.70000000","2023-05-28T01:32:19.677Z","sell","maker"
"0.74600000","799.70000000","2023-05-28T01:32:19.677Z","sell","maker"
"0.74500000","13.40000000","2023-05-28T01:32:19.677Z","sell","maker"
"0.74200000","13.40000000","2023-05-28T01:32:19.677Z","sell","maker"
"0.74100000","706.30000000","2023-05-28T01:32:19.677Z","sell","maker"
"0.73600000","834.30000000","2023-05-28T01:32:19.677Z","sell","maker"
"0.73100000","500.00000000","2023-05-28T01:32:19.677Z","sell","maker"
"0.82500000","1.90000000","2023-05-27T22:42:05.055Z","buy","taker"
"0.76600000","8.00000000","2023-05-27T21:49:20.849Z","sell","maker"
"0.82700000","5.00000000","2023-05-27T21:06:26.863Z","buy","taker"
"0.82800000","5.00000000","2023-05-27T21:06:26.863Z","buy","taker"
"0.82800000","1.30000000","2023-05-27T20:18:49.898Z","buy","taker"
"0.76900000","2.00000000","2023-05-27T19:30:31.368Z","sell","maker"
"0.78400000","8.00000000","2023-05-27T19:30:24.086Z","buy","taker"
"0.82800000","0.10000000","2023-05-27T19:30:24.086Z","buy","taker"
"0.76500000","1.50000000","2023-05-27T00:26:04.324Z","sell","maker"
"0.76500000","35.80000000","2023-05-27T00:24:51.160Z","sell","maker"
"0.76900000","2.90000000","2023-05-26T20:05:03.745Z","sell","maker"
"0.76600000","125.80000000","2023-05-26T20:05:03.745Z","sell","maker"
"0.77000000","10.10000000","2023-05-26T16:11:09.740Z","buy","taker"
"0.77100000","1291.40000000","2023-05-26T16:11:09.178Z","sell","maker"
"0.77000000","117.00000000","2023-05-26T16:05:35.620Z","sell","maker"
"0.77900000","117.80000000","2023-05-26T15:38:01.840Z","buy","taker"
"0.78000000","1.30000000","2023-05-26T11:08:15.571Z","buy","taker"
"0.77600000","2.60000000","2023-05-26T04:43:26.491Z","sell","maker"
"0.77900000","2.60000000","2023-05-26T04:35:11.141Z","buy","taker"
"0.76000000","11.10000000","2023-05-26T03:42:28.503Z","buy","taker"
"0.76000000","2.00000000","2023-05-26T03:42:28.160Z","buy","taker"
"0.81100000","18.40000000","2023-05-26T01:29:02.263Z","buy","taker"
"0.79800000","12.50000000","2023-05-25T23:13:40.617Z","buy","taker"
"0.80200000","12.40000000","2023-05-25T23:11:36.087Z","buy","taker"
"0.81100000","752.80000000","2023-05-25T23:11:36.087Z","buy","taker"
"0.81500000","28.00000000","2023-05-25T23:11:36.087Z","buy","taker"
"0.81600000","777.50000000","2023-05-25T23:11:36.087Z","buy","taker"
"0.82100000","788.30000000","2023-05-25T23:11:36.087Z","buy","taker"
"0.82600000","744.30000000","2023-05-25T23:11:36.087Z","buy","taker"
"0.83100000","837.00000000","2023-05-25T23:11:36.087Z","buy","taker"
"0.83600000","847.80000000","2023-05-25T23:11:36.087Z","buy","taker"
"0.83900000","13.10000000","2023-05-25T23:11:36.087Z","buy","taker"
"0.86100000","12.70000000","2023-05-25T23:11:36.087Z","buy","taker"
"0.87400000","12.50000000","2023-05-25T23:11:36.087Z","buy","taker"
"0.88300000","170.90000000","2023-05-25T23:11:36.087Z","buy","taker"
"0.89900000","85.90000000","2023-05-25T23:11:36.087Z","buy","taker"
"0.75100000","44.20000000","2023-05-25T22:36:34.446Z","sell","maker"
"0.72700000","119.30000000","2023-05-25T22:36:34.446Z","sell","maker"
"0.79900000","924.50000000","2023-05-25T22:33:05.904Z","sell","maker"
"0.79900000","22.20000000","2023-05-25T22:33:05.623Z","sell","maker"
"0.79900000","21.60000000","2023-05-25T22:33:05.623Z","sell","maker"
"0.79900000","22.50000000","2023-05-25T22:33:05.622Z","sell","maker"
"0.79800000","313.20000000","2023-05-25T22:33:05.615Z","buy","taker"
"0.79900000","14.40000000","2023-05-25T20:36:30.589Z","buy","taker"
"0.79900000","8.00000000","2023-05-25T20:14:39.363Z","buy","taker"
"0.79900000","2.00000000","2023-05-25T19:33:47.890Z","buy","taker"
"0.73800000","254.00000000","2023-05-25T15:41:44.908Z","sell","maker"
"0.75900000","8.50000000","2023-05-25T03:07:57.430Z","sell","maker"
"0.76000000","6.50000000","2023-05-25T02:29:16.812Z","sell","maker"
"0.78900000","1.90000000","2023-05-24T22:53:03.367Z","buy","taker"
"0.76500000","71.60000000","2023-05-24T22:00:05.539Z","sell","maker"
"0.78500000","1.40000000","2023-05-24T20:40:09.453Z","buy","taker"
"0.76500000","137.60000000","2023-05-24T18:40:05.529Z","sell","maker"
"0.76300000","35.60000000","2023-05-24T17:16:43.965Z","sell","maker"
"0.76300000","36.80000000","2023-05-24T17:16:43.964Z","sell","maker"
"0.76300000","36.20000000","2023-05-24T17:16:43.963Z","sell","maker"
"0.76400000","32.90000000","2023-05-24T17:16:42.301Z","buy","taker"
"0.75100000","78.50000000","2023-05-24T17:16:41.676Z","sell","maker"
"0.76300000","1067.50000000","2023-05-24T17:16:41.628Z","sell","maker"
"0.76300000","108.40000000","2023-05-24T17:16:41.626Z","sell","maker"
"0.76300000","100.50000000","2023-05-24T17:16:41.625Z","sell","maker"
"0.78900000","296.30000000","2023-05-24T17:16:17.930Z","buy","taker"
"0.78200000","319.60000000","2023-05-24T17:15:56.526Z","buy","taker"
"0.78300000","9.00000000","2023-05-24T17:15:56.526Z","buy","taker"
"0.78400000","318.80000000","2023-05-24T17:15:56.526Z","buy","taker"
"0.79000000","444.30000000","2023-05-24T17:15:56.526Z","buy","taker"
"0.78200000","319.60000000","2023-05-24T17:15:29.556Z","buy","taker"
"0.76900000","33.80000000","2023-05-23T22:20:21.272Z","sell","maker"
"0.76900000","22.00000000","2023-05-23T22:20:21.270Z","sell","maker"
"0.76900000","22.00000000","2023-05-23T22:20:21.269Z","sell","maker"
"0.77100000","55.70000000","2023-05-23T22:08:17.113Z","sell","maker"
"0.76900000","2.00000000","2023-05-23T21:42:41.916Z","sell","maker"
"0.76900000","2.00000000","2023-05-23T21:42:41.916Z","sell","maker"
"0.76900000","24.70000000","2023-05-23T21:42:41.507Z","sell","maker"
"0.76900000","23.40000000","2023-05-23T21:42:39.161Z","sell","maker"
"0.76900000","23.10000000","2023-05-23T21:42:39.160Z","sell","maker"
"0.76900000","33.30000000","2023-05-23T21:34:41.327Z","sell","maker"
"0.76800000","6.40000000","2023-05-23T21:23:40.500Z","sell","maker"
"0.76800000","6.50000000","2023-05-23T21:23:40.500Z","sell","maker"
"0.76800000","6.40000000","2023-05-23T21:23:40.499Z","sell","maker"
"0.76800000","28.50000000","2023-05-23T21:23:39.958Z","sell","maker"
"0.76800000","28.50000000","2023-05-23T21:23:39.957Z","sell","maker"
"0.76800000","2.00000000","2023-05-23T21:23:39.591Z","sell","maker"
"0.76800000","2.00000000","2023-05-23T21:23:39.591Z","sell","maker"
"0.76800000","2.00000000","2023-05-23T21:23:39.591Z","sell","maker"
"0.76900000","369.80000000","2023-05-23T18:20:12.167Z","sell","maker"
"0.76600000","130.50000000","2023-05-23T18:14:15.651Z","sell","maker"
"0.76400000","110.10000000","2023-05-23T17:08:55.595Z","sell","maker"
"0.78000000","11.50000000","2023-05-23T16:54:11.744Z","buy","taker"
"0.78000000","17.00000000","2023-05-23T16:54:11.741Z","buy","taker"
"0.78000000","7.40000000","2023-05-23T16:54:11.740Z","buy","taker"
"0.78300000","12.70000000","2023-05-23T13:46:17.537Z","buy","taker"
"0.76900000","18.20000000","2023-05-23T09:25:26.328Z","sell","maker"
"0.76900000","8.80000000","2023-05-23T09:25:26.327Z","sell","maker"
"0.76900000","8.80000000","2023-05-23T09:25:26.326Z","sell","maker"
"0.76900000","8.80000000","2023-05-23T09:25:26.326Z","sell","maker"
"0.76900000","17.80000000","2023-05-23T09:25:25.904Z","sell","maker"
"0.76900000","17.80000000","2023-05-23T09:25:25.893Z","sell","maker"
"0.76900000","49.10000000","2023-05-22T23:04:50.635Z","sell","maker"
"0.78500000","14.50000000","2023-05-22T22:38:49.515Z","buy","taker"
"0.78500000","8.80000000","2023-05-22T22:38:49.512Z","buy","taker"
"0.78500000","11.80000000","2023-05-22T19:24:23.431Z","buy","taker"
"0.78500000","7.90000000","2023-05-22T19:24:23.427Z","buy","taker"
"0.78800000","126.90000000","2023-05-22T18:39:58.432Z","buy","taker"
"0.77000000","23.80000000","2023-05-22T13:39:04.000Z","sell","maker"
"0.79000000","3.10000000","2023-05-22T10:00:00.901Z","buy","taker"
"0.78600000","35.10000000","2023-05-22T07:07:04.602Z","sell","maker"
"0.78600000","72.90000000","2023-05-22T06:56:37.775Z","buy","taker"
"0.78600000","10.50000000","2023-05-22T06:56:37.771Z","buy","taker"
"0.78600000","98.30000000","2023-05-22T06:56:28.370Z","buy","taker"
"0.78600000","13.80000000","2023-05-22T06:56:28.367Z","buy","taker"
"0.77200000","63.80000000","2023-05-22T06:53:38.499Z","sell","maker"
"0.77500000","3.20000000","2023-05-22T01:18:30.511Z","buy","taker"
"0.77500000","2218.80000000","2023-05-22T01:18:29.661Z","sell","maker"
"0.77500000","5.10000000","2023-05-22T01:18:21.178Z","buy","taker"
"0.77500000","2200.40000000","2023-05-22T01:18:20.565Z","sell","maker"
"0.77500000","322.50000000","2023-05-22T01:18:20.565Z","sell","maker"
"0.77600000","38.60000000","2023-05-22T01:18:11.809Z","buy","taker"
"0.77600000","4.30000000","2023-05-22T01:18:11.068Z","sell","maker"
"0.77600000","322.10000000","2023-05-22T01:18:11.068Z","sell","maker"