"price","volume","time","side","orderType"
"0.99930000","107.00000000","2023-03-30T02:37:28.179Z","sell","maker"
"1.00050000","210.00000000","2023-03-30T02:35:10.250Z","buy","taker"
"0.99960000","941.00000000","2023-03-30T02:25:58.399Z","sell","maker"
"0.99960000","494.00000000","2023-03-30T02:03:58.309Z","sell","maker"
"0.99910000","342.00000000","2023-03-30T01:59:14.451Z","sell","maker"
"0.99930000","342.00000000","2023-03-30T01:59:13.454Z","sell","maker"
"0.99930000","341.00000000","2023-03-30T01:59:11.450Z","sell","maker"
"0.99960000","632.00000000","2023-03-30T01:35:08.328Z","sell","maker"
"0.99960000","385.00000000","2023-03-30T01:27:04.684Z","sell","maker"
"0.99960000","388.00000000","2023-03-30T01:27:03.685Z","sell","maker"
"1.00050000","266.00000000","2023-03-30T01:23:25.079Z","buy","taker"
"1.00050000","266.00000000","2023-03-30T01:23:24.079Z","buy","taker"
"1.00050000","267.00000000","2023-03-30T01:23:22.079Z","buy","taker"
"0.99960000","1029.00000000","2023-03-30T01:15:37.816Z","sell","maker"
"0.99990000","640.00000000","2023-03-30T00:56:35.384Z","buy","taker"
"0.99990000","392.00000000","2023-03-30T00:56:34.386Z","buy","taker"
"0.99920000","16.00000000","2023-03-29T23:46:27.575Z","sell","maker"
"0.99990000","302.00000000","2023-03-29T23:22:52.916Z","buy","taker"
"0.99930000","700.00000000","2023-03-29T23:16:44.904Z","sell","maker"
"1.00040000","30.00000000","2023-03-29T22:05:15.821Z","buy","taker"
"1.00000000","2377.00000000","2023-03-29T21:58:13.181Z","buy","taker"
"1.00000000","82.00000000","2023-03-29T21:55:16.314Z","buy","taker"
"0.99940000","41.00000000","2023-03-29T21:30:34.721Z","sell","maker"
"0.99970000","1198.00000000","2023-03-29T20:45:02.581Z","sell","maker"
"1.00000000","435.00000000","2023-03-29T20:38:36.332Z","buy","taker"
"1.00000000","1263.00000000","2023-03-29T20:23:01.000Z","buy","taker"
"1.00060000","5.00000000","2023-03-29T20:13:38.263Z","buy","taker"
"0.99970000","5.00000000","2023-03-29T20:08:20.384Z","sell","maker"
"1.00000000","257.00000000","2023-03-29T19:58:38.133Z","buy","taker"
"1.00050000","147.00000000","2023-03-29T19:52:22.763Z","buy","taker"
"1.00000000","100.00000000","2023-03-29T19:51:41.801Z","buy","taker"
"0.99970000","1416.00000000","2023-03-29T19:10:28.249Z","sell","maker"
"1.00060000","200.00000000","2023-03-29T17:43:30.479Z","buy","taker"
"1.00060000","10.00000000","2023-03-29T16:04:01.810Z","buy","taker"
"1.00070000","5.00000000","2023-03-29T16:02:48.924Z","buy","taker"
"0.99970000","13724.00000000","2023-03-29T15:40:06.613Z","sell","maker"
"0.99990000","198.00000000","2023-03-29T15:31:05.394Z","buy","taker"
"1.00040000","137.00000000","2023-03-29T14:46:20.150Z","buy","taker"
"1.00070000","363.00000000","2023-03-29T14:46:20.150Z","buy","taker"
"1.00040000","500.00000000","2023-03-29T14:46:19.150Z","buy","taker"
"1.00040000","499.00000000","2023-03-29T14:46:17.154Z","buy","taker"
"1.00040000","100.00000000","2023-03-29T14:03:03.650Z","buy","taker"
"1.00050000","347.00000000","2023-03-29T12:52:25.621Z","buy","taker"
"0.99970000","315.00000000","2023-03-29T12:05:58.972Z","buy","taker"
"0.99970000","317.00000000","2023-03-29T12:05:57.969Z","buy","taker"
"0.99920000","5.00000000","2023-03-29T11:21:12.778Z","sell","maker"
"0.99900000","3.00000000","2023-03-29T11:20:12.799Z","sell","maker"
"0.99930000","3003.00000000","2023-03-29T11:06:49.495Z","sell","maker"
"0.99930000","1101.00000000","2023-03-29T08:11:53.641Z","sell","maker"
"0.99930000","149.00000000","2023-03-29T07:01:27.808Z","sell","maker"
"0.99930000","386.00000000","2023-03-29T07:01:27.792Z","sell","maker"
"0.99930000","32500.00000000","2023-03-29T06:36:36.131Z","sell","maker"
"0.99930000","2243.00000000","2023-03-29T06:31:08.864Z","sell","maker"
"0.99870000","26.00000000","2023-03-29T06:16:19.376Z","sell","maker"
"0.99870000","26.00000000","2023-03-29T06:02:28.476Z","sell","maker"
"0.99930000","10.00000000","2023-03-29T05:57:27.337Z","sell","maker"
"0.99870000","367.00000000","2023-03-29T05:48:06.921Z","sell","maker"
"0.99870000","367.00000000","2023-03-29T05:48:05.921Z","sell","maker"
"0.99890000","368.00000000","2023-03-29T05:48:03.921Z","sell","maker"
"0.99880000","48.00000000","2023-03-29T05:37:11.379Z","sell","maker"
"0.99890000","47.00000000","2023-03-29T04:49:36.150Z","sell","maker"
"0.99860000","666.00000000","2023-03-29T03:04:55.376Z","sell","maker"
"0.99890000","666.00000000","2023-03-29T03:04:54.376Z","sell","maker"
"0.99900000","667.00000000","2023-03-29T03:04:52.376Z","sell","maker"
"0.99970000","424.00000000","2023-03-29T02:46:18.606Z","buy","taker"
"1.00010000","10.00000000","2023-03-29T01:36:06.916Z","buy","taker"
"1.00000000","101.00000000","2023-03-29T01:26:52.621Z","buy","taker"
"0.99950000","311.00000000","2023-03-29T00:56:58.470Z","sell","maker"
"0.99950000","1149.00000000","2023-03-29T00:54:09.735Z","sell","maker"
"0.99950000","12.00000000","2023-03-29T00:52:06.671Z","sell","maker"
"0.99950000","6574.00000000","2023-03-29T00:48:26.769Z","sell","maker"
"0.99960000","179.00000000","2023-03-29T00:23:52.606Z","buy","taker"
"1.00010000","200.00000000","2023-03-28T23:57:59.268Z","buy","taker"
"1.00010000","8200.00000000","2023-03-28T23:54:53.356Z","buy","taker"
"1.00000000","1102.00000000","2023-03-28T23:53:11.976Z","buy","taker"
"1.00000000","2243.00000000","2023-03-28T23:53:11.976Z","buy","taker"
"1.00010000","6655.00000000","2023-03-28T23:53:11.976Z","buy","taker"
"1.00000000","26.00000000","2023-03-28T23:51:41.950Z","buy","taker"
"0.99960000","1628.00000000","2023-03-28T23:51:19.058Z","buy","taker"
"0.99980000","8372.00000000","2023-03-28T23:51:19.058Z","buy","taker"
"0.99950000","5010.00000000","2023-03-28T23:35:13.732Z","sell","maker"
"0.99960000","25.00000000","2023-03-28T23:33:02.611Z","buy","taker"
"0.99950000","872.00000000","2023-03-28T23:06:27.274Z","sell","maker"
"0.99950000","295.00000000","2023-03-28T23:04:42.029Z","sell","maker"
"0.99950000","51.00000000","2023-03-28T22:40:19.395Z","sell","maker"
"0.99950000","11.00000000","2023-03-28T22:37:53.815Z","sell","maker"
"0.99980000","70.00000000","2023-03-28T22:35:54.739Z","buy","taker"
"0.99980000","292.00000000","2023-03-28T21:59:58.721Z","buy","taker"
"0.99980000","80.00000000","2023-03-28T21:59:57.339Z","buy","taker"
"0.99980000","70.00000000","2023-03-28T21:59:57.322Z","buy","taker"
"0.99980000","114.00000000","2023-03-28T21:59:57.304Z","buy","taker"
"0.99980000","4.00000000","2023-03-28T21:59:57.282Z","buy","taker"
"0.99980000","133.00000000","2023-03-28T21:59:57.265Z","buy","taker"
"0.99980000","357.00000000","2023-03-28T21:59:57.245Z","buy","taker"
"0.99980000","85.00000000","2023-03-28T21:59:57.216Z","buy","taker"
"1.00010000","39.00000000","2023-03-28T21:56:14.363Z","buy","taker"
"1.00010000","8007.00000000","2023-03-28T21:27:49.495Z","buy","taker"
"1.00010000","7998.00000000","2023-03-28T21:27:49.480Z","buy","taker"
"1.00010000","2982.00000000","2023-03-28T21:27:48.536Z","buy","taker"
"0.99950000","6197.00000000","2023-03-28T21:27:48.527Z","sell","maker"
"0.99950000","316.00000000","2023-03-28T21:27:48.527Z","sell","maker"
"1.00010000","9076.00000000","2023-03-28T21:27:48.482Z","buy","taker"
"0.99950000","82.00000000","2023-03-28T21:27:46.665Z","sell","maker"
"0.99950000","5148.00000000","2023-03-28T21:27:46.588Z","sell","maker"
"0.99950000","3.00000000","2023-03-28T21:27:46.586Z","sell","maker"
"0.99950000","3.00000000","2023-03-28T21:27:46.578Z","sell","maker"
"0.99950000","3.00000000","2023-03-28T21:27:46.574Z","sell","maker"
"0.99950000","1049.00000000","2023-03-28T21:27:46.572Z","sell","maker"
"1.00010000","4.00000000","2023-03-28T21:27:46.569Z","buy","taker"
"1.00010000","68.00000000","2023-03-28T21:27:46.554Z","buy","taker"
"1.00010000","7834.00000000","2023-03-28T21:27:46.514Z","buy","taker"
"1.00000000","50.00000000","2023-03-28T21:15:32.011Z","buy","taker"
"0.99890000","81.00000000","2023-03-28T21:15:05.494Z","sell","maker"
"0.99950000","184.00000000","2023-03-28T21:15:04.128Z","sell","maker"
"0.99950000","643.00000000","2023-03-28T20:32:22.965Z","sell","maker"
"0.99970000","27.00000000","2023-03-28T19:35:40.316Z","buy","taker"
"0.99950000","305.00000000","2023-03-28T19:33:04.868Z","sell","maker"
"0.99920000","6.00000000","2023-03-28T19:21:09.465Z","sell","maker"
"0.99950000","81.00000000","2023-03-28T19:10:32.721Z","sell","maker"
"0.99950000","334.00000000","2023-03-28T19:07:20.007Z","sell","maker"
"0.99970000","26.00000000","2023-03-28T18:58:49.485Z","buy","taker"
"0.99950000","303.00000000","2023-03-28T18:55:12.647Z","sell","maker"
"1.00010000","95.00000000","2023-03-28T18:10:44.476Z","buy","taker"
"0.99980000","430.00000000","2023-03-28T17:39:53.170Z","buy","taker"
"0.99980000","278.00000000","2023-03-28T17:31:43.291Z","buy","taker"
"0.99980000","30.00000000","2023-03-28T17:31:41.392Z","buy","taker"
"0.99950000","288.00000000","2023-03-28T16:33:46.411Z","sell","maker"
"1.00010000","144.00000000","2023-03-28T16:24:23.650Z","buy","taker"
"1.00010000","107.00000000","2023-03-28T16:24:23.650Z","buy","taker"
"0.99880000","528.00000000","2023-03-28T16:02:20.975Z","sell","maker"
"0.99880000","528.00000000","2023-03-28T16:02:19.975Z","sell","maker"
"0.99890000","529.00000000","2023-03-28T16:02:17.976Z","sell","maker"
"0.99940000","2997.00000000","2023-03-28T15:44:27.855Z","sell","maker"
"0.99940000","2997.00000000","2023-03-28T15:44:26.857Z","sell","maker"
"1.00000000","250.00000000","2023-03-28T15:33:32.221Z","buy","taker"
"0.99900000","169.00000000","2023-03-28T15:13:49.164Z","sell","maker"
"0.99940000","4965.00000000","2023-03-28T15:12:15.317Z","sell","maker"
"0.99970000","15.00000000","2023-03-28T15:11:55.634Z","buy","taker"
"1.00010000","490.00000000","2023-03-28T15:02:37.175Z","buy","taker"
"1.00000000","281.00000000","2023-03-28T14:20:31.321Z","buy","taker"
"1.00000000","281.00000000","2023-03-28T14:20:30.330Z","buy","taker"
"1.00000000","280.00000000","2023-03-28T14:20:28.321Z","buy","taker"
"0.99990000","201.00000000","2023-03-28T14:09:47.418Z","buy","taker"
"0.99990000","94.00000000","2023-03-28T14:09:46.032Z","buy","taker"
"0.99990000","31.00000000","2023-03-28T14:09:46.002Z","buy","taker"
"0.99990000","51.00000000","2023-03-28T14:09:45.970Z","buy","taker"
"0.99990000","21.00000000","2023-03-28T14:09:45.955Z","buy","taker"
"0.99990000","18.00000000","2023-03-28T13:55:46.236Z","buy","taker"
"0.99990000","18.00000000","2023-03-28T13:55:43.231Z","buy","taker"
"0.99990000","233.00000000","2023-03-28T13:55:31.195Z","buy","taker"
"0.99990000","18.00000000","2023-03-28T13:55:31.182Z","buy","taker"
"0.99990000","86.00000000","2023-03-28T13:55:31.123Z","buy","taker"
"0.99960000","130.00000000","2023-03-28T13:55:31.116Z","buy","taker"
"0.99990000","182.00000000","2023-03-28T13:55:31.116Z","buy","taker"
"0.99940000","4154.00000000","2023-03-28T12:08:08.357Z","sell","maker"
"0.99880000","28.00000000","2023-03-28T10:45:05.311Z","sell","maker"
"0.99910000","837.00000000","2023-03-28T09:33:45.499Z","sell","maker"
"0.99910000","837.00000000","2023-03-28T09:33:44.502Z","sell","maker"
"0.99910000","272.00000000","2023-03-28T08:56:12.081Z","sell","maker"
"0.99910000","272.00000000","2023-03-28T08:56:11.084Z","sell","maker"
"0.99910000","32501.00000000","2023-03-28T08:46:23.582Z","sell","maker"
"0.99910000","835.00000000","2023-03-28T08:25:25.602Z","sell","maker"
"0.99910000","3333.00000000","2023-03-28T08:24:55.101Z","sell","maker"
"0.99910000","58.00000000","2023-03-28T06:31:02.694Z","sell","maker"
"0.99910000","28.00000000","2023-03-28T06:15:07.556Z","sell","maker"
"0.99910000","2371.00000000","2023-03-28T06:03:34.787Z","sell","maker"
"0.99870000","4.00000000","2023-03-28T05:45:23.023Z","sell","maker"
"0.99880000","45.00000000","2023-03-28T05:38:52.898Z","sell","maker"
"0.99920000","22.00000000","2023-03-28T05:11:13.029Z","sell","maker"
"0.99980000","25.00000000","2023-03-28T04:00:26.898Z","buy","taker"
"0.99920000","491.00000000","2023-03-28T03:59:03.531Z","sell","maker"
"0.99870000","20.00000000","2023-03-28T03:41:55.975Z","sell","maker"
"0.99920000","6.00000000","2023-03-28T03:06:45.664Z","sell","maker"
"0.99870000","2.00000000","2023-03-28T03:02:12.676Z","sell","maker"
"0.99990000","11.00000000","2023-03-28T02:20:41.081Z","buy","taker"
"0.99990000","55.00000000","2023-03-28T01:43:59.200Z","buy","taker"
"0.99980000","36.00000000","2023-03-28T01:34:25.150Z","buy","taker"
"0.99950000","377.00000000","2023-03-28T01:02:25.413Z","buy","taker"
"0.99880000","15.00000000","2023-03-28T00:59:15.876Z","sell","maker"
"0.99920000","1253.00000000","2023-03-28T00:58:02.325Z","sell","maker"
"0.99950000","140.00000000","2023-03-28T00:55:57.559Z","buy","taker"
"0.99950000","467.00000000","2023-03-28T00:54:09.379Z","buy","taker"
"0.99920000","30.00000000","2023-03-28T00:41:10.046Z","sell","maker"
"0.99990000","583.00000000","2023-03-27T23:51:36.698Z","buy","taker"
"0.99990000","583.00000000","2023-03-27T23:51:35.699Z","buy","taker"
"0.99990000","583.00000000","2023-03-27T23:51:33.699Z","buy","taker"
"0.99990000","380.00000000","2023-03-27T23:33:43.926Z","buy","taker"
"0.99990000","142.00000000","2023-03-27T22:27:34.324Z","buy","taker"
"0.99990000","33.00000000","2023-03-27T22:27:34.307Z","buy","taker"
"0.99870000","38.00000000","2023-03-27T22:02:14.775Z","sell","maker"
"0.99860000","160.00000000","2023-03-27T21:54:15.498Z","sell","maker"
"0.99880000","30.00000000","2023-03-27T21:43:20.132Z","sell","maker"
"0.99880000","8361.00000000","2023-03-27T21:08:40.904Z","sell","maker"
"0.99890000","220.00000000","2023-03-27T20:31:16.763Z","buy","taker"
"0.99890000","304.00000000","2023-03-27T20:30:41.394Z","buy","taker"
"0.99880000","10.00000000","2023-03-27T20:24:14.279Z","sell","maker"
"0.99790000","616.00000000","2023-03-27T20:06:50.695Z","sell","maker"
"0.99840000","502.00000000","2023-03-27T20:06:49.694Z","sell","maker"
"0.99780000","114.00000000","2023-03-27T20:06:49.694Z","sell","maker"
"0.99840000","615.00000000","2023-03-27T20:06:47.696Z","sell","maker"
"0.99880000","553.00000000","2023-03-27T19:49:08.685Z","sell","maker"
"0.99830000","18.00000000","2023-03-27T19:45:15.079Z","sell","maker"
"0.99850000","1360.00000000","2023-03-27T19:19:19.799Z","sell","maker"
"0.99890000","1115.00000000","2023-03-27T19:07:44.787Z","sell","maker"
"0.99890000","2.00000000","2023-03-27T19:06:54.779Z","sell","maker"
"0.99870000","12.00000000","2023-03-27T18:57:18.621Z","sell","maker"
"0.99880000","2.00000000","2023-03-27T18:32:25.037Z","sell","maker"
"0.99880000","40622.00000000","2023-03-27T18:26:12.734Z","sell","maker"
"0.99970000","2.00000000","2023-03-27T18:25:41.598Z","buy","taker"
"0.99970000","49.00000000","2023-03-27T18:20:34.878Z","buy","taker"
"0.99880000","108.00000000","2023-03-27T18:16:17.723Z","sell","maker"
"0.99880000","6.00000000","2023-03-27T18:12:56.077Z","sell","maker"
"0.99840000","50.00000000","2023-03-27T17:48:28.176Z","sell","maker"
"0.99960000","220.00000000","2023-03-27T17:17:44.775Z","buy","taker"
"0.99840000","12.00000000","2023-03-27T16:27:19.827Z","sell","maker"
"0.99830000","70.00000000","2023-03-27T16:08:43.310Z","sell","maker"
"0.99860000","3500.00000000","2023-03-27T15:20:13.528Z","sell","maker"
"0.99860000","25.00000000","2023-03-27T15:13:39.018Z","sell","maker"
"0.99940000","1.00000000","2023-03-27T15:01:21.755Z","buy","taker"
"0.99950000","62.00000000","2023-03-27T15:01:21.755Z","buy","taker"
"0.99940000","368.00000000","2023-03-27T15:01:16.208Z","buy","taker"
"0.99940000","164.00000000","2023-03-27T15:01:13.392Z","buy","taker"
"0.99940000","67.00000000","2023-03-27T15:01:13.170Z","buy","taker"
"0.99940000","154.00000000","2023-03-27T15:00:51.585Z","buy","taker"
"0.99900000","1.00000000","2023-03-27T15:00:31.117Z","buy","taker"
"0.99940000","10.00000000","2023-03-27T15:00:31.117Z","buy","taker"
"0.99940000","70.00000000","2023-03-27T15:00:31.117Z","buy","taker"
"0.99900000","153.00000000","2023-03-27T15:00:23.034Z","buy","taker"
"0.99900000","505.00000000","2023-03-27T14:59:16.328Z","buy","taker"
"0.99870000","80.00000000","2023-03-27T14:48:11.612Z","sell","maker"
"0.99900000","400.00000000","2023-03-27T14:27:00.252Z","buy","taker"
"0.99900000","41.00000000","2023-03-27T14:27:00.252Z","buy","taker"
"0.99900000","110.00000000","2023-03-27T13:00:09.194Z","buy","taker"
"0.99870000","19.00000000","2023-03-27T10:48:43.616Z","sell","maker"
"0.99870000","500.00000000","2023-03-27T06:24:25.200Z","sell","maker"
"0.99870000","605.00000000","2023-03-27T05:12:42.639Z","sell","maker"
"0.99820000","25.00000000","2023-03-27T04:42:55.394Z","sell","maker"
"0.99830000","9.00000000","2023-03-27T04:34:57.764Z","sell","maker"
"0.99940000","6.00000000","2023-03-27T03:59:08.822Z","buy","taker"
"0.99840000","554.00000000","2023-03-27T03:25:57.751Z","sell","maker"
"0.99850000","210.00000000","2023-03-27T03:21:06.851Z","sell","maker"
"0.99930000","327.00000000","2023-03-27T00:11:53.498Z","buy","taker"
"0.99900000","137.00000000","2023-03-27T00:11:52.499Z","buy","taker"
"0.99930000","190.00000000","2023-03-27T00:11:52.499Z","buy","taker"
"0.99900000","328.00000000","2023-03-27T00:11:50.498Z","buy","taker"
"0.99860000","16.00000000","2023-03-26T23:23:04.299Z","sell","maker"
"0.99900000","5.00000000","2023-03-26T21:53:07.676Z","buy","taker"
"0.99830000","27.00000000","2023-03-26T20:35:15.021Z","sell","maker"
"0.99870000","17.00000000","2023-03-26T19:13:48.013Z","sell","maker"
"0.99900000","11.00000000","2023-03-26T18:55:40.975Z","buy","taker"
"0.99900000","519.00000000","2023-03-26T18:42:01.221Z","buy","taker"
"0.99870000","520.00000000","2023-03-26T18:14:21.492Z","sell","maker"
"0.99940000","22.00000000","2023-03-26T03:56:00.363Z","buy","taker"
"0.99870000","61.00000000","2023-03-26T03:29:54.084Z","sell","maker"
"0.99940000","12.00000000","2023-03-26T03:10:17.449Z","buy","taker"
"0.99820000","15.00000000","2023-03-26T01:32:41.095Z","sell","maker"
"0.99940000","65.00000000","2023-03-26T01:25:44.979Z","buy","taker"
"0.99940000","100.00000000","2023-03-25T23:04:22.649Z","buy","taker"
"0.99940000","99.00000000","2023-03-25T23:02:55.675Z","buy","taker"
"0.99900000","33.00000000","2023-03-25T21:33:37.737Z","sell","maker"
"0.99850000","861.00000000","2023-03-25T20:52:36.799Z","sell","maker"
"0.99850000","289.00000000","2023-03-25T20:42:20.314Z","sell","maker"
"0.99850000","1103.00000000","2023-03-25T20:03:37.504Z","sell","maker"
"0.99810000","25.00000000","2023-03-25T19:33:10.294Z","sell","maker"
"0.99870000","309.00000000","2023-03-25T19:28:04.445Z","sell","maker"
"0.99870000","189.00000000","2023-03-25T19:14:42.797Z","sell","maker"
"0.99940000","686.00000000","2023-03-25T16:14:10.732Z","buy","taker"
"0.99890000","491.00000000","2023-03-25T15:55:49.687Z","sell","maker"
"0.99950000","6.00000000","2023-03-25T15:49:17.464Z","buy","taker"
"0.99950000","6.00000000","2023-03-25T15:35:42.317Z","buy","taker"
"0.99890000","450.00000000","2023-03-25T15:26:33.733Z","sell","maker"
"0.99970000","3.00000000","2023-03-25T14:03:49.757Z","buy","taker"
"0.99850000","645.00000000","2023-03-25T13:25:33.487Z","sell","maker"
"0.99950000","2.00000000","2023-03-25T08:07:50.610Z","buy","taker"
"0.99850000","2272.00000000","2023-03-25T06:02:38.182Z","sell","maker"
"0.99790000","14.00000000","2023-03-25T05:32:52.801Z","sell","maker"
"0.99790000","50.00000000","2023-03-25T05:05:51.106Z","sell","maker"
"0.99770000","17.00000000","2023-03-25T05:01:31.679Z","sell","maker"
"0.99780000","372.00000000","2023-03-25T04:40:12.750Z","sell","maker"
"0.99780000","372.00000000","2023-03-25T04:40:11.754Z","sell","maker"
"0.99790000","371.00000000","2023-03-25T04:40:09.750Z","sell","maker"
"0.99950000","10.00000000","2023-03-25T02:18:43.611Z","buy","taker"
"0.99950000","2.00000000","2023-03-25T01:59:01.075Z","buy","taker"
"0.99860000","500.00000000","2023-03-25T01:05:54.322Z","sell","maker"
"0.99950000","11.00000000","2023-03-25T00:02:29.055Z","buy","taker"
"0.99860000","150.00000000","2023-03-24T23:34:19.426Z","sell","maker"
"0.99860000","10.00000000","2023-03-24T23:25:02.798Z","sell","maker"
"0.99860000","5000.00000000","2023-03-24T21:55:49.404Z","sell","maker"
"0.99860000","19.00000000","2023-03-24T21:26:30.691Z","sell","maker"
"0.99870000","65.00000000","2023-03-24T21:24:15.105Z","sell","maker"
"0.99890000","519.00000000","2023-03-24T21:21:05.822Z","buy","taker"
"0.99890000","52.00000000","2023-03-24T21:21:05.822Z","buy","taker"
"0.99860000","219.00000000","2023-03-24T21:13:52.435Z","sell","maker"
"0.99890000","2272.00000000","2023-03-24T21:12:36.953Z","buy","taker"
"0.99830000","7.00000000","2023-03-24T20:58:29.498Z","sell","maker"
"0.99890000","93.00000000","2023-03-24T20:56:17.655Z","buy","taker"
"0.99890000","113.00000000","2023-03-24T20:56:17.654Z","buy","taker"
"0.99890000","31.00000000","2023-03-24T20:56:17.646Z","buy","taker"
"0.99890000","210.00000000","2023-03-24T19:50:34.978Z","buy","taker"
"0.99810000","14.00000000","2023-03-24T18:43:54.798Z","sell","maker"
"0.99830000","20.00000000","2023-03-24T17:56:10.611Z","sell","maker"
"0.99860000","480.00000000","2023-03-24T17:44:43.799Z","sell","maker"
"0.99840000","80.00000000","2023-03-24T17:11:42.579Z","sell","maker"
"0.99830000","141.00000000","2023-03-24T17:04:59.575Z","sell","maker"
"0.99890000","6.00000000","2023-03-24T17:00:13.111Z","buy","taker"
"0.99830000","199.00000000","2023-03-24T16:28:05.551Z","sell","maker"
"0.99820000","78.00000000","2023-03-24T15:51:16.050Z","sell","maker"
"0.99840000","3591.00000000","2023-03-24T15:50:42.972Z","sell","maker"
"0.99840000","1256.00000000","2023-03-24T15:42:44.833Z","sell","maker"
"0.99840000","1200.00000000","2023-03-24T15:29:39.931Z","sell","maker"
"0.99840000","2168.00000000","2023-03-24T15:13:34.000Z","sell","maker"
"0.99840000","2168.00000000","2023-03-24T15:06:12.196Z","sell","maker"
"0.99890000","49.00000000","2023-03-24T14:31:08.114Z","buy","taker"
"0.99780000","317.00000000","2023-03-24T14:30:51.363Z","sell","maker"
"0.99780000","317.00000000","2023-03-24T14:30:50.363Z","sell","maker"
"0.99810000","317.00000000","2023-03-24T14:30:48.364Z","sell","maker"
"0.99890000","45.00000000","2023-03-24T14:30:41.743Z","buy","taker"
"0.99890000","25.00000000","2023-03-24T14:30:16.736Z","buy","taker"
"0.99890000","52.00000000","2023-03-24T14:30:01.750Z","buy","taker"
"0.99890000","53.00000000","2023-03-24T14:29:16.742Z","buy","taker"
"0.99890000","51.00000000","2023-03-24T14:28:41.743Z","buy","taker"
"0.99890000","32.00000000","2023-03-24T14:28:16.734Z","buy","taker"
"0.99890000","43.00000000","2023-03-24T14:27:46.736Z","buy","taker"
"0.99890000","47.00000000","2023-03-24T14:27:16.733Z","buy","taker"
"0.99830000","421.00000000","2023-03-24T14:27:11.614Z","sell","maker"
"0.99830000","585.00000000","2023-03-24T14:27:11.605Z","sell","maker"
"0.99830000","421.00000000","2023-03-24T14:27:11.602Z","sell","maker"
"0.99830000","2168.00000000","2023-03-24T14:26:42.784Z","sell","maker"
"0.99890000","21.00000000","2023-03-24T14:26:41.744Z","buy","taker"
"0.99890000","22.00000000","2023-03-24T14:26:16.742Z","buy","taker"
"0.99890000","19.00000000","2023-03-24T14:25:56.732Z","buy","taker"
"0.99890000","32.00000000","2023-03-24T14:25:16.734Z","buy","taker"
"0.99890000","27.00000000","2023-03-24T14:24:51.733Z","buy","taker"
"0.99890000","29.00000000","2023-03-24T14:24:16.733Z","buy","taker"
"0.99890000","18.00000000","2023-03-24T14:24:01.734Z","buy","taker"
"0.99880000","15.00000000","2023-03-24T14:23:41.743Z","buy","taker"
"0.99890000","19.00000000","2023-03-24T14:23:16.742Z","buy","taker"
"0.99890000","35.00000000","2023-03-24T14:22:51.733Z","buy","taker"
"0.99880000","29.00000000","2023-03-24T14:22:16.733Z","buy","taker"
"0.99890000","29.00000000","2023-03-24T14:22:06.745Z","buy","taker"
"0.99880000","14.00000000","2023-03-24T14:21:46.736Z","buy","taker"
"0.99890000","25.00000000","2023-03-24T14:21:16.734Z","buy","taker"
"0.99890000","39.00000000","2023-03-24T14:20:36.732Z","buy","taker"
"0.99890000","17.00000000","2023-03-24T14:20:16.744Z","buy","taker"
"0.99880000","31.00000000","2023-03-24T14:19:56.732Z","buy","taker"
"0.99890000","15.00000000","2023-03-24T14:19:36.734Z","buy","taker"
"0.99890000","16.00000000","2023-03-24T14:19:16.734Z","buy","taker"
"0.99890000","20.00000000","2023-03-24T14:19:01.739Z","buy","taker"
"0.99890000","34.00000000","2023-03-24T14:18:16.733Z","buy","taker"
"0.99890000","15.00000000","2023-03-24T14:18:06.745Z","buy","taker"
"0.99890000","22.00000000","2023-03-24T14:17:36.733Z","buy","taker"
"0.99890000","18.00000000","2023-03-24T14:17:16.742Z","buy","taker"
"0.99880000","6.00000000","2023-03-24T14:17:01.742Z","buy","taker"
"0.99890000","25.00000000","2023-03-24T14:17:01.742Z","buy","taker"
"0.99880000","36.00000000","2023-03-24T14:16:16.732Z","buy","taker"
"0.99880000","37.00000000","2023-03-24T14:15:56.733Z","buy","taker"
"0.99880000","31.00000000","2023-03-24T14:15:16.733Z","buy","taker"
"0.99880000","39.00000000","2023-03-24T14:14:46.735Z","buy","taker"
"0.99880000","3.00000000","2023-03-24T14:14:25.921Z","buy","taker"
"0.99880000","23.00000000","2023-03-24T14:14:16.742Z","buy","taker"
"0.99880000","41.00000000","2023-03-24T14:13:16.734Z","buy","taker"
"0.99880000","39.00000000","2023-03-24T14:12:41.741Z","buy","taker"
"0.99880000","19.00000000","2023-03-24T14:12:16.733Z","buy","taker"
"0.99880000","39.00000000","2023-03-24T14:12:01.734Z","buy","taker"
"0.99880000","35.00000000","2023-03-24T14:11:16.740Z","buy","taker"
"0.99880000","15.00000000","2023-03-24T14:10:56.732Z","buy","taker"
"0.99880000","32.00000000","2023-03-24T14:10:16.735Z","buy","taker"
"0.99880000","24.00000000","2023-03-24T14:09:46.737Z","buy","taker"
"0.99870000","24.00000000","2023-03-24T14:09:16.734Z","buy","taker"
"0.99870000","32.00000000","2023-03-24T14:09:06.747Z","buy","taker"
"0.99870000","40.00000000","2023-03-24T14:08:16.743Z","buy","taker"
"0.99870000","31.00000000","2023-03-24T14:08:01.740Z","buy","taker"
"0.99870000","83.00000000","2023-03-24T14:07:16.733Z","buy","taker"
"0.99870000","86.00000000","2023-03-24T14:06:46.737Z","buy","taker"
"0.99870000","72.00000000","2023-03-24T14:06:16.732Z","buy","taker"
"0.99870000","69.00000000","2023-03-24T14:05:56.734Z","buy","taker"
"0.99850000","97.00000000","2023-03-24T14:05:16.742Z","buy","taker"
"0.99850000","151.00000000","2023-03-24T14:04:46.736Z","buy","taker"
"0.99850000","86.00000000","2023-03-24T14:04:16.734Z","buy","taker"
"0.99780000","2168.00000000","2023-03-24T14:03:54.015Z","sell","maker"
"0.99780000","2168.00000000","2023-03-24T14:03:50.074Z","sell","maker"
"0.99780000","2168.00000000","2023-03-24T14:03:41.008Z","sell","maker"
"0.99830000","134.00000000","2023-03-24T14:03:36.736Z","buy","taker"
"0.99780000","2168.00000000","2023-03-24T14:03:18.095Z","sell","maker"
"0.99830000","54.00000000","2023-03-24T14:03:16.733Z","buy","taker"
"0.99780000","2168.00000000","2023-03-24T14:03:10.493Z","sell","maker"
"0.99750000","58.00000000","2023-03-24T14:02:41.746Z","buy","taker"
"0.99720000","2168.00000000","2023-03-24T14:02:26.061Z","sell","maker"
"0.99760000","35.00000000","2023-03-24T14:02:16.742Z","buy","taker"
"0.99720000","2168.00000000","2023-03-24T14:02:15.647Z","sell","maker"
"0.99760000","34.00000000","2023-03-24T14:02:10.585Z","buy","taker"
"0.99770000","73.00000000","2023-03-24T14:01:51.735Z","buy","taker"
"0.99710000","701.00000000","2023-03-24T14:01:35.692Z","buy","taker"
"0.99710000","62.00000000","2023-03-24T14:01:16.736Z","buy","taker"
"0.99620000","380.00000000","2023-03-24T14:01:09.693Z","buy","taker"
"0.99620000","701.00000000","2023-03-24T14:01:09.520Z","buy","taker"
"0.99620000","468.00000000","2023-03-24T14:01:00.751Z","buy","taker"
"0.99600000","25.00000000","2023-03-24T14:00:56.734Z","buy","taker"
"0.99480000","19.00000000","2023-03-24T14:00:49.647Z","sell","maker"
"0.99590000","353.00000000","2023-03-24T14:00:47.716Z","buy","taker"
"0.99640000","17.00000000","2023-03-24T14:00:31.734Z","buy","taker"
"0.99580000","257.00000000","2023-03-24T14:00:28.071Z","buy","taker"
"0.99580000","823.00000000","2023-03-24T14:00:27.995Z","buy","taker"
"0.99610000","509.00000000","2023-03-24T14:00:24.664Z","buy","taker"
"0.99590000","613.00000000","2023-03-24T14:00:23.338Z","buy","taker"
"0.99590000","468.00000000","2023-03-24T14:00:23.113Z","buy","taker"
"0.99570000","468.00000000","2023-03-24T14:00:22.243Z","buy","taker"
"0.99620000","13.00000000","2023-03-24T14:00:16.734Z","buy","taker"
"0.99570000","468.00000000","2023-03-24T14:00:14.487Z","buy","taker"
"0.99570000","416.00000000","2023-03-24T14:00:14.438Z","buy","taker"
"0.99600000","468.00000000","2023-03-24T14:00:14.240Z","buy","taker"
"0.99600000","468.00000000","2023-03-24T14:00:14.215Z","buy","taker"
"0.99580000","865.00000000","2023-03-24T14:00:01.639Z","buy","taker"
"0.99570000","92.00000000","2023-03-24T13:59:49.194Z","sell","maker"
"0.99590000","68.00000000","2023-03-24T13:59:48.527Z","buy","taker"
"0.99470000","112.00000000","2023-03-24T13:59:48.043Z","sell","maker"
"0.99470000","179.00000000","2023-03-24T13:59:47.821Z","sell","maker"
"0.99470000","38.00000000","2023-03-24T13:59:47.561Z","sell","maker"
"0.99470000","5.00000000","2023-03-24T13:59:47.533Z","sell","maker"
"0.99470000","104.00000000","2023-03-24T13:59:47.523Z","sell","maker"
"0.99470000","104.00000000","2023-03-24T13:59:47.509Z","sell","maker"
"0.99470000","104.00000000","2023-03-24T13:59:47.412Z","sell","maker"
"0.99470000","104.00000000","2023-03-24T13:59:47.406Z","sell","maker"
"0.99470000","2.00000000","2023-03-24T13:59:47.134Z","sell","maker"
"0.99470000","19.00000000","2023-03-24T13:59:46.471Z","sell","maker"
"0.99470000","15.00000000","2023-03-24T13:59:46.397Z","sell","maker"
"0.99490000","289.00000000","2023-03-24T13:59:44.376Z","sell","maker"
"0.99600000","14.00000000","2023-03-24T13:59:41.743Z","buy","taker"
"0.99580000","8.00000000","2023-03-24T13:59:16.741Z","buy","taker"
"0.99610000","20.00000000","2023-03-24T13:59:06.746Z","buy","taker"
"0.99560000","24.00000000","2023-03-24T13:58:16.733Z","buy","taker"
"0.99580000","28.00000000","2023-03-24T13:57:56.732Z","buy","taker"
"0.99550000","21.00000000","2023-03-24T13:57:16.735Z","buy","taker"
"0.99580000","26.00000000","2023-03-24T13:57:01.740Z","buy","taker"
"0.99560000","23.00000000","2023-03-24T13:56:16.743Z","buy","taker"
"0.99570000","25.00000000","2023-03-24T13:55:41.743Z","buy","taker"
"0.99500000","15.00000000","2023-03-24T13:55:16.735Z","buy","taker"
"0.99530000","24.00000000","2023-03-24T13:54:41.743Z","buy","taker"
"0.99530000","15.00000000","2023-03-24T13:54:16.734Z","buy","taker"
"0.99560000","12.00000000","2023-03-24T13:53:46.737Z","buy","taker"
"0.99560000","17.00000000","2023-03-24T13:53:16.744Z","buy","taker"
"0.99600000","15.00000000","2023-03-24T13:53:01.740Z","buy","taker"
"0.99590000","26.00000000","2023-03-24T13:52:16.735Z","buy","taker"
"0.99550000","23.00000000","2023-03-24T13:51:46.738Z","buy","taker"
"0.99530000","19.00000000","2023-03-24T13:51:16.737Z","buy","taker"
"0.99600000","19.00000000","2023-03-24T13:51:01.741Z","buy","taker"
"0.99550000","27.00000000","2023-03-24T13:50:16.743Z","buy","taker"
"0.99570000","25.00000000","2023-03-24T13:49:51.733Z","buy","taker"
"0.99560000","24.00000000","2023-03-24T13:49:16.735Z","buy","taker"
"0.99480000","148.00000000","2023-03-24T13:48:57.371Z","sell","maker"
"0.99560000","17.00000000","2023-03-24T13:48:51.733Z","buy","taker"
"0.99570000","27.00000000","2023-03-24T13:48:16.735Z","buy","taker"
"0.99570000","18.00000000","2023-03-24T13:47:51.732Z","buy","taker"
"0.99870000","28.00000000","2023-03-24T13:47:16.743Z","buy","taker"
"0.99870000","33.00000000","2023-03-24T13:46:41.744Z","buy","taker"
"0.99870000","21.00000000","2023-03-24T13:46:16.733Z","buy","taker"
"0.99870000","33.00000000","2023-03-24T13:46:06.748Z","buy","taker"
"0.99870000","14.00000000","2023-03-24T13:45:46.735Z","buy","taker"
"0.99870000","24.00000000","2023-03-24T13:45:16.735Z","buy","taker"
"0.99870000","27.00000000","2023-03-24T13:44:41.743Z","buy","taker"
"0.99570000","24.00000000","2023-03-24T13:44:16.743Z","buy","taker"
"0.99560000","27.00000000","2023-03-24T13:43:36.734Z","buy","taker"
"0.99510000","19.00000000","2023-03-24T13:43:16.734Z","buy","taker"
"0.99570000","23.00000000","2023-03-24T13:42:51.735Z","buy","taker"
"0.99610000","29.00000000","2023-03-24T13:42:16.733Z","buy","taker"
"0.99570000","45.00000000","2023-03-24T13:42:06.747Z","buy","taker"
"0.99590000","41.00000000","2023-03-24T13:41:16.743Z","buy","taker"
"0.99590000","14.00000000","2023-03-24T13:40:51.734Z","buy","taker"
"0.99610000","26.00000000","2023-03-24T13:40:16.736Z","buy","taker"
"0.99500000","1005.00000000","2023-03-24T13:40:16.414Z","sell","maker"
"0.99610000","25.00000000","2023-03-24T13:39:51.733Z","buy","taker"
"0.99610000","31.00000000","2023-03-24T13:39:16.736Z","buy","taker"
"0.99610000","31.00000000","2023-03-24T13:38:56.732Z","buy","taker"
"0.99530000","35.00000000","2023-03-24T13:38:16.744Z","buy","taker"
"0.99610000","48.00000000","2023-03-24T13:37:36.735Z","buy","taker"
"0.99640000","18.00000000","2023-03-24T13:37:16.734Z","buy","taker"
"0.99570000","46.00000000","2023-03-24T13:36:46.735Z","buy","taker"
"0.99580000","28.00000000","2023-03-24T13:36:16.735Z","buy","taker"
"0.99590000","21.00000000","2023-03-24T13:35:56.735Z","buy","taker"
"0.99490000","1081.00000000","2023-03-24T13:35:27.769Z","sell","maker"
"0.99450000","862.00000000","2023-03-24T13:35:27.769Z","sell","maker"
"0.99620000","29.00000000","2023-03-24T13:35:16.743Z","buy","taker"
"0.99600000","22.00000000","2023-03-24T13:34:46.736Z","buy","taker"
"0.99640000","21.00000000","2023-03-24T13:34:16.735Z","buy","taker"
"0.99620000","41.00000000","2023-03-24T13:33:56.734Z","buy","taker"
"0.99630000","39.00000000","2023-03-24T13:33:16.733Z","buy","taker"
"0.99610000","31.00000000","2023-03-24T13:32:51.734Z","buy","taker"
"0.99650000","40.00000000","2023-03-24T13:32:16.744Z","buy","taker"
"0.99650000","43.00000000","2023-03-24T13:32:01.735Z","buy","taker"
"0.99640000","50.00000000","2023-03-24T13:31:16.736Z","buy","taker"
"0.99620000","32.00000000","2023-03-24T13:30:51.733Z","buy","taker"
"0.99620000","37.00000000","2023-03-24T13:30:16.734Z","buy","taker"
"0.99600000","470.00000000","2023-03-24T13:29:57.233Z","buy","taker"
"0.99600000","53.00000000","2023-03-24T13:29:56.734Z","buy","taker"
"0.99600000","63.00000000","2023-03-24T13:29:16.743Z","buy","taker"
"0.99600000","138.00000000","2023-03-24T13:29:09.964Z","buy","taker"
"0.99600000","355.00000000","2023-03-24T13:29:09.511Z","buy","taker"
"0.99600000","587.00000000","2023-03-24T13:29:09.426Z","buy","taker"
"0.99600000","140.00000000","2023-03-24T13:29:06.662Z","buy","taker"
"0.99600000","941.00000000","2023-03-24T13:29:06.643Z","buy","taker"