"price","volume","time","side","orderType"
"0.66700000","204.50000000","2024-06-14T21:24:02.317Z","buy","taker"
"0.66700000","517.60000000","2024-06-14T21:23:57.313Z","buy","taker"
"0.66700000","556.90000000","2024-06-14T21:23:52.279Z","buy","taker"
"0.66690000","27.30000000","2024-06-14T21:23:51.048Z","buy","taker"
"0.66700000","422.90000000","2024-06-14T21:23:51.048Z","buy","taker"
"0.66700000","27.30000000","2024-06-14T16:56:06.027Z","sell","maker"
"0.66700000","195.70000000","2024-06-14T16:24:12.894Z","sell","maker"
"0.66700000","37.90000000","2024-06-14T16:17:19.378Z","sell","maker"
"0.66700000","163.10000000","2024-06-14T16:17:17.596Z","sell","maker"
"0.66700000","176.30000000","2024-06-14T16:14:03.463Z","sell","maker"
"0.66700000","83.90000000","2024-06-14T16:14:01.642Z","sell","maker"
"0.66700000","105.00000000","2024-06-14T16:13:59.499Z","sell","maker"
"0.66700000","39.40000000","2024-06-14T16:13:57.803Z","sell","maker"
"0.68610000","0.70000000","2024-06-14T16:13:55.857Z","sell","maker"
"0.68380000","14.60000000","2024-06-14T16:13:55.857Z","sell","maker"
"0.68000000","2.00000000","2024-06-14T16:13:55.857Z","sell","maker"
"0.67800000","7.30000000","2024-06-14T16:13:55.857Z","sell","maker"
"0.66700000","220.80000000","2024-06-14T16:13:55.857Z","sell","maker"
"0.68760000","14.20000000","2024-06-14T15:49:26.387Z","sell","maker"
"0.68610000","1.30000000","2024-06-14T15:49:26.387Z","sell","maker"
"0.68760000","31.60000000","2024-06-14T14:36:50.981Z","sell","maker"
"0.68760000","62.50000000","2024-06-14T14:36:49.586Z","sell","maker"
"0.68760000","53.40000000","2024-06-14T14:35:08.936Z","sell","maker"
"0.68760000","41.50000000","2024-06-14T14:35:07.147Z","sell","maker"
"0.68760000","483.80000000","2024-06-14T14:33:54.469Z","sell","maker"
"0.68760000","431.20000000","2024-06-14T14:33:52.736Z","sell","maker"
"0.68760000","145.50000000","2024-06-14T14:33:51.278Z","sell","maker"
"0.68760000","170.10000000","2024-06-14T14:33:49.878Z","sell","maker"
"0.68760000","130.30000000","2024-06-14T14:33:48.479Z","sell","maker"
"0.68760000","79.20000000","2024-06-14T14:33:47.007Z","sell","maker"
"0.68760000","61.40000000","2024-06-14T14:33:45.203Z","sell","maker"
"0.68760000","38.60000000","2024-06-14T14:32:53.389Z","sell","maker"
"0.68760000","466.40000000","2024-06-14T14:32:48.479Z","sell","maker"
"0.68760000","133.90000000","2024-06-14T14:32:46.744Z","sell","maker"
"0.68760000","215.90000000","2024-06-14T14:32:45.258Z","sell","maker"
"0.68760000","166.70000000","2024-06-14T14:32:43.519Z","sell","maker"
"0.68760000","262.90000000","2024-06-14T14:32:41.825Z","sell","maker"
"0.68760000","253.20000000","2024-06-14T14:32:40.438Z","sell","maker"
"0.68760000","109.20000000","2024-06-14T14:31:45.827Z","sell","maker"
"0.68760000","251.10000000","2024-06-14T14:31:43.814Z","sell","maker"
"0.68760000","15.50000000","2024-06-14T14:31:42.786Z","sell","maker"
"0.68760000","76.80000000","2024-06-14T14:31:42.068Z","sell","maker"
"0.68760000","276.30000000","2024-06-14T14:31:40.398Z","sell","maker"
"0.68760000","170.70000000","2024-06-14T14:31:38.967Z","sell","maker"
"0.68760000","67.40000000","2024-06-14T14:31:36.901Z","sell","maker"
"0.68760000","38.70000000","2024-06-14T14:31:36.632Z","sell","maker"
"0.68760000","17.20000000","2024-06-14T14:27:55.358Z","sell","maker"
"0.68760000","38.20000000","2024-06-14T14:27:45.260Z","sell","maker"
"0.68760000","4.70000000","2024-06-14T14:27:45.260Z","sell","maker"
"0.68760000","107.20000000","2024-06-14T14:27:38.067Z","sell","maker"
"0.68760000","10.80000000","2024-06-13T15:18:23.818Z","sell","maker"
"0.69110000","172.60000000","2024-06-13T09:21:44.765Z","sell","maker"
"0.68610000","52.20000000","2024-06-13T07:04:31.490Z","sell","maker"
"0.74130000","8.70000000","2024-06-13T03:51:31.209Z","buy","taker"
"0.74130000","2.00000000","2024-06-12T22:47:46.375Z","buy","taker"
"0.70010000","40.20000000","2024-06-12T20:55:23.051Z","sell","maker"
"0.74140000","291.10000000","2024-06-12T15:06:29.908Z","buy","taker"
"0.74140000","13196.90000000","2024-06-12T15:06:29.908Z","buy","taker"
"0.74140000","8.00000000","2024-06-12T14:53:43.679Z","buy","taker"
"0.74140000","2.00000000","2024-06-12T13:51:03.357Z","buy","taker"
"0.74140000","2.00000000","2024-06-12T12:53:47.040Z","buy","taker"
"0.74140000","2.00000000","2024-06-12T11:55:41.006Z","buy","taker"
"0.74140000","2.00000000","2024-06-12T10:57:57.005Z","buy","taker"
"0.72070000","12.70000000","2024-06-12T10:12:19.958Z","sell","maker"
"0.72070000","21.00000000","2024-06-12T10:12:19.958Z","sell","maker"
"0.72070000","41.60000000","2024-06-12T10:02:29.334Z","sell","maker"
"0.72070000","98.00000000","2024-06-12T10:01:32.648Z","sell","maker"
"0.72070000","55.90000000","2024-06-12T10:01:31.417Z","sell","maker"
"0.74010000","71.80000000","2024-06-12T09:32:35.078Z","buy","taker"
"0.75980000","47.00000000","2024-06-12T09:32:35.078Z","buy","taker"
"0.74510000","26.90000000","2024-06-12T09:25:38.024Z","sell","maker"
"0.70060000","27.70000000","2024-06-12T09:25:38.024Z","sell","maker"
"0.75980000","58.40000000","2024-06-12T09:24:56.469Z","buy","taker"
"0.75980000","17.20000000","2024-06-12T09:24:23.444Z","buy","taker"
"0.75580000","14.50000000","2024-06-12T09:23:55.916Z","buy","taker"
"0.75570000","26.00000000","2024-06-12T09:23:06.162Z","buy","taker"
"0.68300000","1.50000000","2024-06-12T09:21:43.515Z","sell","maker"
"0.68710000","22.70000000","2024-06-12T01:48:41.391Z","sell","maker"
"0.68710000","20.90000000","2024-06-12T01:45:05.013Z","sell","maker"
"0.68710000","117.40000000","2024-06-12T01:33:19.323Z","sell","maker"
"0.68710000","868.40000000","2024-06-12T01:29:26.299Z","sell","maker"
"0.68710000","616.90000000","2024-06-12T01:29:24.774Z","sell","maker"
"0.68710000","1412.20000000","2024-06-12T01:29:23.507Z","sell","maker"
"0.68710000","1036.80000000","2024-06-12T01:29:21.946Z","sell","maker"
"0.68710000","2520.90000000","2024-06-12T01:29:20.366Z","sell","maker"
"0.68710000","1313.30000000","2024-06-12T01:29:19.124Z","sell","maker"
"0.68710000","1976.50000000","2024-06-12T01:29:17.825Z","sell","maker"
"0.68710000","263.20000000","2024-06-12T01:29:16.566Z","sell","maker"
"0.68710000","1766.20000000","2024-06-12T01:29:14.986Z","sell","maker"
"0.68710000","816.90000000","2024-06-12T01:29:13.343Z","sell","maker"
"0.68710000","2172.80000000","2024-06-12T01:29:11.791Z","sell","maker"
"0.68710000","2196.90000000","2024-06-12T01:29:10.222Z","sell","maker"
"0.68710000","2134.00000000","2024-06-12T01:29:08.645Z","sell","maker"
"0.68710000","1129.50000000","2024-06-12T01:29:07.388Z","sell","maker"
"0.68710000","1188.80000000","2024-06-12T01:28:57.993Z","sell","maker"
"0.68710000","1602.80000000","2024-06-12T01:28:56.743Z","sell","maker"
"0.68710000","422.20000000","2024-06-12T01:28:54.837Z","sell","maker"
"0.68710000","1625.40000000","2024-06-12T01:28:53.318Z","sell","maker"
"0.68710000","913.70000000","2024-06-12T01:28:51.718Z","sell","maker"
"0.68710000","1674.30000000","2024-06-12T01:28:50.115Z","sell","maker"
"0.68710000","1149.00000000","2024-06-12T01:28:48.867Z","sell","maker"
"0.68710000","15000.10000000","2024-06-12T01:28:47.388Z","sell","maker"
"0.68710000","623.80000000","2024-06-12T01:28:47.320Z","sell","maker"
"0.68710000","1630.60000000","2024-06-12T01:28:46.020Z","sell","maker"
"0.68710000","1208.00000000","2024-06-12T01:28:44.423Z","sell","maker"
"0.68710000","1172.70000000","2024-06-12T01:28:42.819Z","sell","maker"
"0.68710000","761.40000000","2024-06-12T01:28:41.302Z","sell","maker"
"0.68710000","588.70000000","2024-06-12T01:28:39.709Z","sell","maker"
"0.68710000","221.10000000","2024-06-12T01:28:37.832Z","sell","maker"
"0.68710000","571.60000000","2024-06-12T01:28:36.544Z","sell","maker"
"0.68710000","1135.20000000","2024-06-12T01:28:34.954Z","sell","maker"
"0.68710000","186.30000000","2024-06-12T01:28:33.355Z","sell","maker"
"0.68710000","120.70000000","2024-06-12T01:28:32.083Z","sell","maker"
"0.68710000","613.90000000","2024-06-12T01:28:30.502Z","sell","maker"
"0.68710000","621.20000000","2024-06-12T01:28:29.273Z","sell","maker"
"0.68710000","862.90000000","2024-06-12T01:28:27.983Z","sell","maker"
"0.68710000","843.50000000","2024-06-12T01:28:26.454Z","sell","maker"
"0.68710000","474.60000000","2024-06-12T01:28:25.144Z","sell","maker"
"0.68710000","877.30000000","2024-06-12T01:28:23.559Z","sell","maker"
"0.68710000","549.40000000","2024-06-12T01:28:21.760Z","sell","maker"
"0.68710000","173.60000000","2024-06-12T01:28:20.182Z","sell","maker"
"0.68710000","79.80000000","2024-06-12T01:28:18.584Z","sell","maker"
"0.68710000","213.60000000","2024-06-12T01:28:16.966Z","sell","maker"
"0.68710000","340.40000000","2024-06-12T01:28:15.411Z","sell","maker"
"0.68710000","181.90000000","2024-06-12T01:28:13.841Z","sell","maker"
"0.68710000","128.50000000","2024-06-12T01:28:12.522Z","sell","maker"
"0.68710000","234.80000000","2024-06-12T01:28:11.002Z","sell","maker"
"0.68710000","174.40000000","2024-06-12T01:28:09.424Z","sell","maker"
"0.68710000","120.40000000","2024-06-12T01:28:08.171Z","sell","maker"
"0.68710000","861.40000000","2024-06-12T01:27:00.864Z","sell","maker"
"0.68710000","394.90000000","2024-06-12T01:26:59.621Z","sell","maker"
"0.68710000","195.10000000","2024-06-12T01:26:58.055Z","sell","maker"
"0.68710000","614.70000000","2024-06-12T01:26:56.785Z","sell","maker"
"0.68710000","197.40000000","2024-06-12T01:26:54.974Z","sell","maker"
"0.68710000","215.10000000","2024-06-12T01:26:53.373Z","sell","maker"
"0.68710000","876.10000000","2024-06-12T01:26:51.454Z","sell","maker"
"0.68710000","376.50000000","2024-06-12T01:26:50.168Z","sell","maker"
"0.68710000","114.60000000","2024-06-12T01:26:48.865Z","sell","maker"
"0.68710000","483.40000000","2024-06-12T01:26:47.599Z","sell","maker"
"0.68710000","365.20000000","2024-06-12T01:26:46.287Z","sell","maker"
"0.68710000","338.70000000","2024-06-12T01:26:44.456Z","sell","maker"
"0.68710000","383.30000000","2024-06-12T01:26:43.046Z","sell","maker"
"0.68710000","199.00000000","2024-06-12T01:26:41.145Z","sell","maker"
"0.68710000","229.30000000","2024-06-12T01:26:39.602Z","sell","maker"
"0.68710000","267.20000000","2024-06-12T01:26:38.066Z","sell","maker"
"0.68710000","273.30000000","2024-06-12T01:26:36.818Z","sell","maker"
"0.68710000","235.20000000","2024-06-12T01:26:35.241Z","sell","maker"
"0.68710000","247.40000000","2024-06-12T01:26:33.981Z","sell","maker"
"0.68710000","41.90000000","2024-06-12T01:25:25.338Z","sell","maker"
"0.68710000","76.10000000","2024-06-12T01:23:50.223Z","sell","maker"
"0.68710000","555.60000000","2024-06-12T01:23:15.724Z","sell","maker"
"0.68710000","1601.80000000","2024-06-12T01:23:14.155Z","sell","maker"
"0.68710000","1291.50000000","2024-06-12T01:23:12.805Z","sell","maker"
"0.68710000","490.50000000","2024-06-12T01:23:11.255Z","sell","maker"
"0.68710000","2333.20000000","2024-06-12T01:23:09.694Z","sell","maker"
"0.68710000","1046.80000000","2024-06-12T01:23:07.784Z","sell","maker"
"0.68710000","1927.00000000","2024-06-12T01:23:06.223Z","sell","maker"
"0.68710000","1360.60000000","2024-06-12T01:23:04.992Z","sell","maker"
"0.68710000","1243.10000000","2024-06-12T01:23:03.166Z","sell","maker"
"0.68710000","887.30000000","2024-06-12T01:22:54.580Z","sell","maker"
"0.68710000","1079.70000000","2024-06-12T01:22:53.054Z","sell","maker"
"0.68710000","1309.10000000","2024-06-12T01:22:51.814Z","sell","maker"
"0.68710000","1444.40000000","2024-06-12T01:22:50.548Z","sell","maker"
"0.68710000","1032.60000000","2024-06-12T01:22:48.714Z","sell","maker"
"0.68710000","1495.80000000","2024-06-12T01:22:47.501Z","sell","maker"
"0.68710000","1169.70000000","2024-06-12T01:22:46.244Z","sell","maker"
"0.68710000","1212.00000000","2024-06-12T01:22:44.950Z","sell","maker"
"0.68710000","1085.60000000","2024-06-12T01:22:43.426Z","sell","maker"
"0.68710000","635.90000000","2024-06-12T01:22:42.188Z","sell","maker"
"0.68710000","1277.00000000","2024-06-12T01:22:40.320Z","sell","maker"
"0.68710000","743.60000000","2024-06-12T01:22:38.671Z","sell","maker"
"0.68710000","573.90000000","2024-06-12T01:22:37.089Z","sell","maker"
"0.68710000","1247.20000000","2024-06-12T01:22:35.574Z","sell","maker"
"0.68710000","1001.40000000","2024-06-12T01:22:34.350Z","sell","maker"
"0.68710000","1412.80000000","2024-06-12T01:22:32.766Z","sell","maker"
"0.68710000","718.00000000","2024-06-12T01:22:30.870Z","sell","maker"
"0.68710000","160.50000000","2024-06-12T01:22:29.315Z","sell","maker"
"0.68710000","697.00000000","2024-06-12T01:22:28.009Z","sell","maker"
"0.68710000","338.60000000","2024-06-12T01:22:26.478Z","sell","maker"
"0.68710000","932.70000000","2024-06-12T01:22:25.228Z","sell","maker"
"0.68710000","616.80000000","2024-06-12T01:22:23.347Z","sell","maker"
"0.68710000","392.70000000","2024-06-12T01:22:21.733Z","sell","maker"
"0.68710000","874.90000000","2024-06-12T01:22:20.149Z","sell","maker"
"0.68710000","100.10000000","2024-06-12T01:22:18.618Z","sell","maker"
"0.68710000","656.30000000","2024-06-12T01:22:17.047Z","sell","maker"
"0.68710000","520.80000000","2024-06-12T01:22:15.507Z","sell","maker"
"0.68710000","569.00000000","2024-06-12T01:22:13.543Z","sell","maker"
"0.68710000","371.60000000","2024-06-12T01:22:11.994Z","sell","maker"
"0.68710000","408.50000000","2024-06-12T01:22:10.417Z","sell","maker"
"0.68710000","585.00000000","2024-06-12T01:22:08.791Z","sell","maker"
"0.68710000","176.70000000","2024-06-12T01:22:07.236Z","sell","maker"
"0.68710000","177.30000000","2024-06-12T01:22:05.634Z","sell","maker"
"0.68710000","233.90000000","2024-06-12T01:22:04.089Z","sell","maker"
"0.68710000","272.40000000","2024-06-12T01:22:02.784Z","sell","maker"
"0.68710000","95.60000000","2024-06-12T01:22:01.226Z","sell","maker"
"0.68710000","321.50000000","2024-06-12T01:21:00.416Z","sell","maker"
"0.68710000","265.60000000","2024-06-12T01:20:58.508Z","sell","maker"
"0.68710000","147.90000000","2024-06-12T01:20:56.714Z","sell","maker"
"0.68710000","190.60000000","2024-06-12T01:20:55.466Z","sell","maker"
"0.68710000","237.20000000","2024-06-12T01:20:53.926Z","sell","maker"
"0.68710000","157.30000000","2024-06-12T01:20:52.094Z","sell","maker"
"0.68710000","75.20000000","2024-06-12T01:19:14.431Z","sell","maker"
"0.68710000","99.50000000","2024-06-12T01:19:13.176Z","sell","maker"
"0.68710000","256.30000000","2024-06-12T01:18:20.425Z","sell","maker"
"0.68710000","175.80000000","2024-06-12T01:18:18.872Z","sell","maker"
"0.68710000","108.90000000","2024-06-12T01:18:17.300Z","sell","maker"
"0.68710000","237.10000000","2024-06-12T01:18:16.055Z","sell","maker"
"0.68710000","82.50000000","2024-06-12T01:18:14.483Z","sell","maker"
"0.68710000","129.30000000","2024-06-12T01:17:29.147Z","sell","maker"
"0.68710000","129.50000000","2024-06-12T01:16:44.427Z","sell","maker"
"0.68710000","248.50000000","2024-06-12T01:16:42.876Z","sell","maker"
"0.68710000","141.50000000","2024-06-12T01:16:41.256Z","sell","maker"
"0.68710000","76.60000000","2024-06-12T01:16:39.636Z","sell","maker"
"0.68710000","266.60000000","2024-06-12T01:16:37.993Z","sell","maker"
"0.68710000","67.20000000","2024-06-12T01:15:53.895Z","sell","maker"
"0.68710000","351.90000000","2024-06-12T01:15:12.758Z","sell","maker"
"0.68710000","218.00000000","2024-06-12T01:15:11.493Z","sell","maker"
"0.68710000","238.90000000","2024-06-12T01:15:10.261Z","sell","maker"
"0.68710000","152.60000000","2024-06-12T01:15:08.994Z","sell","maker"
"0.68710000","77.20000000","2024-06-12T01:15:07.124Z","sell","maker"
"0.68710000","30.40000000","2024-06-12T01:15:05.624Z","sell","maker"
"0.68710000","256.60000000","2024-06-12T01:15:04.053Z","sell","maker"
"0.68710000","71.40000000","2024-06-12T01:13:40.916Z","sell","maker"
"0.68710000","238.60000000","2024-06-12T01:13:39.681Z","sell","maker"
"0.68710000","428.80000000","2024-06-12T01:13:38.398Z","sell","maker"
"0.68710000","251.80000000","2024-06-12T01:13:36.865Z","sell","maker"
"0.68710000","159.70000000","2024-06-12T01:13:35.596Z","sell","maker"
"0.68710000","172.30000000","2024-06-12T01:13:34.073Z","sell","maker"
"0.68710000","45.90000000","2024-06-12T01:13:32.782Z","sell","maker"
"0.68710000","112.60000000","2024-06-12T01:13:31.181Z","sell","maker"
"0.68710000","474.70000000","2024-06-12T01:12:13.362Z","sell","maker"
"0.68710000","288.20000000","2024-06-12T01:12:12.130Z","sell","maker"
"0.68710000","17.50000000","2024-06-12T01:12:10.571Z","sell","maker"
"0.68710000","233.30000000","2024-06-12T01:12:10.563Z","sell","maker"
"0.68710000","55.20000000","2024-06-12T01:12:08.964Z","sell","maker"
"0.68710000","164.50000000","2024-06-12T01:12:07.333Z","sell","maker"
"0.68710000","122.50000000","2024-06-12T01:12:05.952Z","sell","maker"
"0.68710000","101.10000000","2024-06-12T01:12:04.004Z","sell","maker"
"0.68710000","43.90000000","2024-06-12T01:12:01.512Z","sell","maker"
"0.68710000","109.70000000","2024-06-12T01:11:49.938Z","sell","maker"
"0.68710000","223.30000000","2024-06-12T00:54:34.475Z","sell","maker"
"0.68710000","42.10000000","2024-06-12T00:54:33.259Z","sell","maker"
"0.68710000","170.00000000","2024-06-12T00:54:31.720Z","sell","maker"
"0.68710000","92.50000000","2024-06-12T00:54:30.479Z","sell","maker"
"0.68710000","238.30000000","2024-06-12T00:54:30.163Z","sell","maker"
"0.68710000","224.60000000","2024-06-12T00:54:28.879Z","sell","maker"
"0.68710000","192.80000000","2024-06-12T00:54:27.486Z","sell","maker"
"0.68710000","267.20000000","2024-06-12T00:53:50.200Z","sell","maker"
"0.68710000","44.10000000","2024-06-12T00:53:48.935Z","sell","maker"
"0.68710000","259.30000000","2024-06-12T00:53:09.066Z","sell","maker"
"0.68710000","157.40000000","2024-06-12T00:53:07.798Z","sell","maker"
"0.68710000","82.30000000","2024-06-12T00:53:06.242Z","sell","maker"
"0.68710000","65.10000000","2024-06-12T00:53:04.652Z","sell","maker"
"0.68710000","182.20000000","2024-06-12T00:53:03.104Z","sell","maker"
"0.68710000","171.10000000","2024-06-12T00:53:01.667Z","sell","maker"
"0.68710000","85.50000000","2024-06-12T00:52:21.722Z","sell","maker"
"0.68710000","72.40000000","2024-06-12T00:52:20.149Z","sell","maker"
"0.68710000","43.80000000","2024-06-12T00:52:18.908Z","sell","maker"
"0.68710000","86.40000000","2024-06-12T00:37:38.812Z","sell","maker"
"0.68710000","399.80000000","2024-06-12T00:37:37.246Z","sell","maker"
"0.68710000","242.30000000","2024-06-12T00:37:35.664Z","sell","maker"
"0.68710000","116.20000000","2024-06-12T00:37:34.115Z","sell","maker"
"0.68710000","71.50000000","2024-06-12T00:37:32.320Z","sell","maker"
"0.68710000","75.90000000","2024-06-12T00:37:31.072Z","sell","maker"
"0.68710000","54.90000000","2024-06-12T00:37:29.828Z","sell","maker"
"0.68710000","190.90000000","2024-06-12T00:37:28.198Z","sell","maker"
"0.68710000","172.20000000","2024-06-12T00:37:26.665Z","sell","maker"
"0.68710000","55.50000000","2024-06-12T00:36:45.229Z","sell","maker"
"0.68710000","37.10000000","2024-06-12T00:36:43.608Z","sell","maker"
"0.68710000","57.80000000","2024-06-12T00:33:56.885Z","sell","maker"
"0.68710000","144.70000000","2024-06-12T00:33:31.628Z","sell","maker"
"0.68710000","373.90000000","2024-06-12T00:33:31.619Z","sell","maker"
"0.68710000","209.20000000","2024-06-12T00:33:30.016Z","sell","maker"
"0.68710000","215.30000000","2024-06-12T00:33:28.376Z","sell","maker"
"0.68710000","402.60000000","2024-06-12T00:33:26.821Z","sell","maker"
"0.68710000","289.70000000","2024-06-12T00:33:26.811Z","sell","maker"
"0.68710000","106.30000000","2024-06-12T00:33:25.598Z","sell","maker"
"0.68730000","7.30000000","2024-06-12T00:33:24.290Z","sell","maker"
"0.68710000","40.60000000","2024-06-12T00:33:24.290Z","sell","maker"
"0.68710000","110.90000000","2024-06-11T19:27:56.955Z","sell","maker"
"0.68710000","67.70000000","2024-06-11T19:25:54.055Z","sell","maker"
"0.68710000","87.30000000","2024-06-11T15:43:45.334Z","sell","maker"
"0.68750000","10.00000000","2024-06-11T15:38:18.206Z","sell","maker"
"0.68710000","14.50000000","2024-06-11T15:38:18.206Z","sell","maker"
"0.76290000","6.50000000","2024-06-11T13:55:21.617Z","buy","taker"
"0.76290000","8.10000000","2024-06-11T13:52:55.839Z","buy","taker"
"0.70600000","29.40000000","2024-06-11T09:09:44.498Z","sell","maker"
"0.70010000","491.90000000","2024-06-11T09:09:44.498Z","sell","maker"
"0.70610000","216.60000000","2024-06-11T08:33:38.787Z","sell","maker"
"0.70610000","350.00000000","2024-06-11T08:29:19.387Z","sell","maker"
"0.76290000","56.00000000","2024-06-11T06:46:48.294Z","sell","maker"
"0.76290000","90.00000000","2024-06-11T06:45:06.866Z","sell","maker"
"0.76290000","34.60000000","2024-06-11T06:44:10.428Z","sell","maker"
"0.76290000","35.30000000","2024-06-11T06:42:33.104Z","buy","taker"
"0.70610000","1.90000000","2024-06-11T06:41:21.978Z","sell","maker"
"0.76290000","1.90000000","2024-06-11T06:41:06.672Z","buy","taker"
"0.70600000","29.60000000","2024-06-11T02:18:32.398Z","sell","maker"
"0.70600000","74.10000000","2024-06-11T02:18:22.869Z","sell","maker"
"0.70600000","22.70000000","2024-06-11T01:57:24.618Z","sell","maker"
"0.70600000","56.60000000","2024-06-11T01:53:15.193Z","sell","maker"
"0.70600000","141.70000000","2024-06-11T01:53:01.181Z","sell","maker"
"0.76290000","26.50000000","2024-06-11T01:35:23.758Z","buy","taker"
"0.71470000","1.60000000","2024-06-10T20:52:30.032Z","sell","maker"
"0.71010000","0.30000000","2024-06-10T20:52:30.032Z","sell","maker"
"0.76290000","1.90000000","2024-06-10T20:51:37.407Z","buy","taker"
"0.72370000","69.00000000","2024-06-10T20:13:15.501Z","sell","maker"
"0.72380000","49.50000000","2024-06-10T19:56:45.244Z","sell","maker"
"0.72380000","250.00000000","2024-06-10T19:55:28.529Z","sell","maker"
"0.72370000","3.10000000","2024-06-10T16:25:06.963Z","sell","maker"
"0.76290000","3.10000000","2024-06-10T16:23:51.641Z","buy","taker"
"0.71470000","5.40000000","2024-06-10T13:07:18.592Z","sell","maker"
"0.71320000","1.90000000","2024-06-10T09:21:45.429Z","sell","maker"
"0.71070000","1.00000000","2024-06-10T09:21:45.429Z","sell","maker"
"0.71320000","5.10000000","2024-06-10T04:31:07.473Z","sell","maker"
"0.76540000","224.20000000","2024-06-09T16:33:49.144Z","sell","maker"
"0.76540000","274.20000000","2024-06-09T16:33:49.137Z","buy","taker"
"0.76540000","65.30000000","2024-06-09T13:26:37.525Z","buy","taker"
"0.76540000","4.50000000","2024-06-09T10:28:04.258Z","buy","taker"
"0.76540000","6.40000000","2024-06-09T10:27:16.251Z","buy","taker"
"0.70840000","48.90000000","2024-06-09T09:21:44.201Z","sell","maker"
"0.70500000","8.30000000","2024-06-08T17:21:39.370Z","sell","maker"
"0.72000000","326.50000000","2024-06-08T16:26:54.050Z","sell","maker"
"0.76550000","611.90000000","2024-06-08T06:51:27.927Z","buy","taker"
"0.76560000","115.30000000","2024-06-08T06:51:27.927Z","buy","taker"
"0.76550000","64.30000000","2024-06-07T23:20:31.717Z","buy","taker"
"0.76550000","85.60000000","2024-06-07T23:15:35.458Z","buy","taker"
"0.68770000","7.30000000","2024-06-07T18:41:21.117Z","sell","maker"
"0.68760000","22.70000000","2024-06-07T18:41:21.117Z","sell","maker"
"0.76340000","25.20000000","2024-06-07T18:15:22.659Z","sell","maker"
"0.69620000","14.30000000","2024-06-07T18:15:22.445Z","sell","maker"
"0.67440000","8.10000000","2024-06-07T18:15:22.445Z","sell","maker"
"0.77350000","24.90000000","2024-06-07T18:14:57.940Z","buy","taker"
"0.67480000","57.50000000","2024-06-07T18:14:38.460Z","sell","maker"
"0.70230000","7.10000000","2024-06-07T18:14:33.216Z","sell","maker"
"0.69630000","17.10000000","2024-06-07T18:14:33.216Z","sell","maker"
"0.77370000","29.10000000","2024-06-07T18:06:26.262Z","sell","maker"
"0.78390000","28.70000000","2024-06-07T18:06:07.435Z","buy","taker"
"0.67000000","2.30000000","2024-06-07T18:05:36.559Z","sell","maker"
"0.65010000","7.00000000","2024-06-07T18:05:36.559Z","sell","maker"
"0.64010000","61.10000000","2024-06-07T18:05:36.559Z","sell","maker"
"0.67000000","426.80000000","2024-06-07T18:05:11.870Z","sell","maker"
"0.67000000","540.40000000","2024-06-07T18:05:11.770Z","sell","maker"
"0.67200000","2.00000000","2024-06-07T18:05:11.714Z","sell","maker"
"0.67030000","520.70000000","2024-06-07T18:05:11.714Z","sell","maker"
"0.67000000","30.50000000","2024-06-07T18:05:11.714Z","sell","maker"
"0.70000000","340.70000000","2024-06-07T18:04:50.485Z","sell","maker"
"0.70000000","113.30000000","2024-06-07T18:04:50.377Z","sell","maker"
"0.70000000","409.30000000","2024-06-07T18:04:50.377Z","sell","maker"
"0.71000000","2.50000000","2024-06-07T18:04:50.047Z","sell","maker"
"0.70110000","1.60000000","2024-06-07T18:04:50.047Z","sell","maker"
"0.70010000","7.00000000","2024-06-07T18:04:50.047Z","sell","maker"
"0.70010000","7.20000000","2024-06-07T18:04:50.047Z","sell","maker"
"0.72900000","6.20000000","2024-06-07T18:04:40.086Z","sell","maker"
"0.72800000","470.80000000","2024-06-07T18:04:40.086Z","sell","maker"
"0.73030000","304.00000000","2024-06-07T18:04:30.288Z","sell","maker"
"0.73250000","163.90000000","2024-06-07T18:01:32.486Z","sell","maker"
"0.73020000","286.20000000","2024-06-07T18:01:32.486Z","sell","maker"
"0.75430000","5.50000000","2024-06-07T18:01:30.305Z","sell","maker"
"0.73800000","203.20000000","2024-06-07T18:01:30.305Z","sell","maker"
"0.76280000","2.60000000","2024-06-07T18:01:00.585Z","sell","maker"
"0.75970000","20.20000000","2024-06-07T18:01:00.585Z","sell","maker"
"0.76640000","34.60000000","2024-06-07T18:00:53.043Z","sell","maker"
"0.77000000","194.80000000","2024-06-07T18:00:50.021Z","sell","maker"
"0.77850000","205.60000000","2024-06-07T18:00:34.001Z","sell","maker"
"0.77780000","34.60000000","2024-06-07T18:00:34.001Z","sell","maker"
"0.77850000","406.30000000","2024-06-07T18:00:30.009Z","sell","maker"
"0.77850000","4.80000000","2024-06-07T18:00:29.793Z","sell","maker"
"0.77850000","585.90000000","2024-06-07T18:00:29.793Z","sell","maker"
"0.78290000","293.90000000","2024-06-07T17:59:18.315Z","sell","maker"
"0.80650000","41.50000000","2024-06-07T15:31:53.811Z","sell","maker"
"0.78360000","1.70000000","2024-06-07T13:21:40.625Z","sell","maker"
"0.78880000","3.10000000","2024-06-07T12:38:11.025Z","sell","maker"
"0.78880000","52.00000000","2024-06-07T12:38:11.025Z","sell","maker"
"0.80740000","50.00000000","2024-06-07T07:02:00.620Z","buy","taker"
"0.78880000","3.20000000","2024-06-06T20:21:40.387Z","sell","maker"
"0.80000000","2.50000000","2024-06-06T20:01:50.636Z","sell","maker"
"0.78940000","34.60000000","2024-06-06T20:01:50.636Z","sell","maker"
"0.81950000","3.20000000","2024-06-06T20:01:05.577Z","buy","taker"
"0.80800000","5.10000000","2024-06-06T19:35:25.215Z","sell","maker"
"0.80600000","6.20000000","2024-06-06T19:35:25.215Z","sell","maker"
"0.80120000","34.60000000","2024-06-06T19:35:25.215Z","sell","maker"
"0.83180000","268.20000000","2024-06-06T13:57:56.299Z","buy","taker"
"0.83090000","235.30000000","2024-06-06T05:22:47.069Z","sell","maker"
"0.83180000","1.80000000","2024-06-06T05:22:43.025Z","buy","taker"
"0.81860000","6.20000000","2024-06-06T04:16:19.238Z","sell","maker"
"0.81320000","34.60000000","2024-06-06T04:16:19.238Z","sell","maker"
"0.84390000","6.00000000","2024-06-05T23:03:25.955Z","buy","taker"
"0.81340000","6.10000000","2024-06-05T22:30:25.630Z","sell","maker"
"0.81330000","28.50000000","2024-06-05T22:30:25.630Z","sell","maker"
"0.84390000","29.80000000","2024-06-05T21:02:35.243Z","buy","taker"
"0.82530000","34.60000000","2024-06-05T20:37:02.614Z","sell","maker"
"0.84420000","34.60000000","2024-06-05T07:23:49.681Z","buy","taker"
"0.84410000","53.30000000","2024-06-05T02:26:00.033Z","buy","taker"
"0.83510000","51.40000000","2024-06-05T00:39:15.536Z","buy","taker"
"0.83190000","34.60000000","2024-06-04T18:27:45.808Z","buy","taker"
"0.80130000","147.10000000","2024-06-04T12:49:49.923Z","sell","maker"
"0.80130000","32.40000000","2024-06-04T09:21:44.183Z","sell","maker"
"0.80680000","26.10000000","2024-06-04T06:06:22.765Z","sell","maker"
"0.83180000","25.30000000","2024-06-04T02:31:52.101Z","buy","taker"
"0.81320000","31.30000000","2024-06-03T23:23:10.750Z","sell","maker"
"0.80130000","516.30000000","2024-06-03T23:23:10.750Z","sell","maker"
"0.84410000","599.80000000","2024-06-03T21:38:57.586Z","buy","taker"
"0.81320000","3.30000000","2024-06-03T21:25:32.491Z","sell","maker"
"0.84410000","82.90000000","2024-06-03T20:57:38.243Z","buy","taker"
"0.84410000","3.10000000","2024-06-03T09:38:51.161Z","buy","taker"
"0.81330000","22.00000000","2024-06-03T09:38:01.107Z","sell","maker"
"0.84410000","22.20000000","2024-06-03T07:10:25.629Z","buy","taker"
"0.83190000","34.60000000","2024-06-03T07:07:33.671Z","buy","taker"
"0.83180000","261.90000000","2024-06-03T07:06:02.743Z","buy","taker"
"0.80130000","294.50000000","2024-06-03T04:19:01.630Z","sell","maker"
"0.80190000","261.90000000","2024-06-03T04:17:53.580Z","sell","maker"
"0.80130000","112.50000000","2024-06-03T04:17:53.580Z","sell","maker"
"0.80130000","366.00000000","2024-06-03T03:46:18.641Z","sell","maker"
"0.81960000","34.60000000","2024-06-03T02:15:15.484Z","buy","taker"
"0.80120000","19.90000000","2024-06-03T00:37:17.090Z","sell","maker"
"0.80120000","36.10000000","2024-06-03T00:37:12.197Z","sell","maker"
"0.80120000","129.70000000","2024-06-03T00:37:10.688Z","sell","maker"
"0.80120000","93.40000000","2024-06-03T00:37:09.100Z","sell","maker"
"0.80120000","64.30000000","2024-06-03T00:37:09.100Z","sell","maker"
"0.80120000","156.20000000","2024-06-03T00:37:07.472Z","sell","maker"
"0.80130000","40.30000000","2024-06-02T19:21:40.392Z","sell","maker"
"0.80120000","34.60000000","2024-06-02T18:04:31.824Z","sell","maker"
"0.80150000","4.30000000","2024-06-02T18:01:20.399Z","sell","maker"
"0.80150000","74.90000000","2024-06-02T18:01:20.399Z","sell","maker"
"0.80360000","270.10000000","2024-06-02T18:01:16.841Z","sell","maker"
"0.81000000","71.10000000","2024-06-02T17:49:26.705Z","sell","maker"
"0.81000000","28.00000000","2024-06-02T17:48:59.966Z","sell","maker"
"0.81000000","154.80000000","2024-06-02T17:48:58.695Z","sell","maker"
"0.81000000","241.70000000","2024-06-02T17:48:48.990Z","sell","maker"
"0.81000000","91.20000000","2024-06-02T17:48:47.139Z","sell","maker"
"0.81000000","135.70000000","2024-06-02T17:48:45.915Z","sell","maker"
"0.83180000","1.80000000","2024-06-02T04:42:55.129Z","buy","taker"
"0.83180000","585.20000000","2024-06-01T23:06:24.225Z","buy","taker"
"0.81010000","6.00000000","2024-06-01T15:21:39.660Z","sell","maker"
"0.81010000","27.00000000","2024-06-01T15:17:53.770Z","sell","maker"
"0.83180000","1.80000000","2024-05-31T20:56:39.026Z","buy","taker"
"0.80370000","10.10000000","2024-05-31T18:21:39.824Z","sell","maker"
"0.80370000","136.90000000","2024-05-31T17:34:09.521Z","sell","maker"
"0.81200000","6.20000000","2024-05-31T17:33:05.645Z","sell","maker"
"0.80370000","368.80000000","2024-05-31T17:33:05.645Z","sell","maker"
"0.81320000","34.60000000","2024-05-31T16:02:07.722Z","sell","maker"
"0.84410000","221.20000000","2024-05-31T14:02:11.855Z","buy","taker"
"0.81820000","3.60000000","2024-05-31T14:01:56.366Z","sell","maker"
"0.81820000","12.20000000","2024-05-31T14:01:56.366Z","sell","maker"
"0.81820000","8.60000000","2024-05-31T13:58:23.708Z","sell","maker"
"0.84410000","94.30000000","2024-05-31T00:51:41.053Z","buy","taker"
"0.82530000","34.60000000","2024-05-31T00:35:05.459Z","sell","maker"
"0.83600000","35.90000000","2024-05-30T21:14:53.144Z","sell","maker"
"0.85320000","17.60000000","2024-05-30T18:37:13.291Z","sell","maker"
"0.85670000","58.40000000","2024-05-30T18:36:25.931Z","buy","taker"
"0.82820000","30.60000000","2024-05-30T18:34:36.562Z","sell","maker"
"0.84420000","34.60000000","2024-05-30T14:07:57.245Z","buy","taker"
"0.81830000","56.60000000","2024-05-30T09:21:44.723Z","sell","maker"
"0.82000000","375.10000000","2024-05-30T08:14:11.024Z","sell","maker"
"0.82340000","3.80000000","2024-05-30T08:14:09.394Z","sell","maker"
"0.82000000","478.60000000","2024-05-30T08:14:09.394Z","sell","maker"
"0.82530000","34.60000000","2024-05-30T07:55:56.408Z","sell","maker"
"0.83830000","6.00000000","2024-05-30T06:31:41.149Z","sell","maker"
"0.83760000","34.60000000","2024-05-30T06:31:41.149Z","sell","maker"
"0.84420000","3.30000000","2024-05-30T06:23:09.254Z","sell","maker"
"0.84260000","84.90000000","2024-05-30T06:23:09.254Z","sell","maker"
"0.84600000","198.10000000","2024-05-30T01:03:10.839Z","sell","maker"
"0.84600000","203.70000000","2024-05-30T00:55:32.432Z","sell","maker"
"0.84600000","37.50000000","2024-05-30T00:55:30.841Z","sell","maker"
"0.84600000","121.00000000","2024-05-30T00:55:28.708Z","sell","maker"
"0.84600000","533.40000000","2024-05-30T00:55:20.186Z","sell","maker"
"0.84600000","540.50000000","2024-05-30T00:55:20.173Z","sell","maker"
"0.84600000","416.20000000","2024-05-30T00:55:20.162Z","sell","maker"
"0.84600000","62.60000000","2024-05-30T00:54:41.671Z","sell","maker"
"0.85010000","34.60000000","2024-05-29T20:09:21.506Z","sell","maker"
"0.88250000","2.70000000","2024-05-29T19:04:51.606Z","buy","taker"
"0.88250000","458.20000000","2024-05-29T18:19:45.505Z","sell","maker"
"0.88250000","1173.60000000","2024-05-29T18:19:44.591Z","buy","taker"
"0.88250000","2.70000000","2024-05-29T15:30:41.419Z","buy","taker"
"0.86280000","34.60000000","2024-05-29T13:45:11.865Z","sell","maker"
"0.86290000","14.80000000","2024-05-29T03:32:11.883Z","sell","maker"
"0.86290000","236.10000000","2024-05-29T03:31:46.892Z","sell","maker"
"0.86290000","236.10000000","2024-05-29T03:31:27.043Z","sell","maker"
"0.86290000","236.10000000","2024-05-29T03:31:01.734Z","sell","maker"
"0.86290000","236.10000000","2024-05-29T03:30:37.344Z","sell","maker"
"0.86290000","236.20000000","2024-05-29T03:30:05.932Z","sell","maker"
"0.86410000","3.00000000","2024-05-29T03:24:22.523Z","sell","maker"
"0.86290000","372.00000000","2024-05-29T03:24:22.523Z","sell","maker"
"0.88300000","2.70000000","2024-05-29T03:05:01.178Z","sell","maker"
"0.87340000","13.80000000","2024-05-29T03:05:01.178Z","sell","maker"
"0.89570000","2.60000000","2024-05-29T03:04:23.388Z","buy","taker"
"0.89570000","13.40000000","2024-05-29T03:03:25.868Z","buy","taker"
"0.86290000","2.10000000","2024-05-29T02:21:39.211Z","sell","maker"
"0.86290000","10.70000000","2024-05-29T01:43:38.824Z","sell","maker"
"0.88260000","34.60000000","2024-05-28T20:35:58.168Z","buy","taker"
"0.88250000","1.70000000","2024-05-28T14:24:08.958Z","buy","taker"
"0.88160000","38.20000000","2024-05-28T12:03:13.614Z","sell","maker"
"0.86280000","34.60000000","2024-05-28T02:03:26.966Z","sell","maker"
"0.87570000","34.60000000","2024-05-28T01:46:46.781Z","sell","maker"
"0.88650000","13.60000000","2024-05-28T00:23:46.847Z","sell","maker"
"0.88660000","219.60000000","2024-05-27T21:46:20.686Z","sell","maker"
"0.90910000","221.00000000","2024-05-27T21:26:23.716Z","buy","taker"
"0.90910000","13.20000000","2024-05-27T21:03:24.679Z","buy","taker"
"0.88880000","34.60000000","2024-05-27T19:50:00.912Z","sell","maker"
"0.90950000","294.30000000","2024-05-27T16:54:41.368Z","buy","taker"