"price","volume","time","side","orderType"
"0.04800000","20.60000000","2023-06-25T16:04:07.660Z","buy","taker"
"0.04900000","222.00000000","2023-06-24T18:33:45.921Z","buy","taker"
"0.03000000","333.30000000","2023-06-24T08:26:15.190Z","sell","maker"
"0.02950000","117.10000000","2023-06-24T08:26:15.190Z","sell","maker"
"0.04986000","1000.00000000","2023-06-23T23:34:51.622Z","buy","taker"
"0.02913000","303.80000000","2023-06-23T17:43:24.945Z","sell","maker"
"0.03000000","11096.10000000","2023-06-23T16:46:54.820Z","sell","maker"
"0.02903000","7453.80000000","2023-06-23T07:11:57.226Z","sell","maker"
"0.04100000","4.80000000","2023-06-23T05:50:24.963Z","sell","maker"
"0.02903000","1029.00000000","2023-06-23T05:50:24.963Z","sell","maker"
"0.04100000","3204.70000000","2023-06-23T00:26:09.406Z","sell","maker"
"0.06000000","441.30000000","2023-06-22T22:50:37.300Z","buy","taker"
"0.06000000","666.30000000","2023-06-22T22:50:37.300Z","buy","taker"
"0.06000000","1833.70000000","2023-06-22T22:50:37.300Z","buy","taker"
"0.05600000","799.80000000","2023-06-22T22:50:37.172Z","buy","taker"
"0.06000000","427.90000000","2023-06-22T22:50:37.172Z","buy","taker"
"0.05550000","563.90000000","2023-06-22T22:50:36.796Z","buy","taker"
"0.05600000","221.10000000","2023-06-22T22:50:36.796Z","buy","taker"
"0.05600000","446.10000000","2023-06-22T22:50:36.796Z","buy","taker"
"0.05600000","446.10000000","2023-06-22T22:50:36.796Z","buy","taker"
"0.05600000","446.10000000","2023-06-22T22:50:36.796Z","buy","taker"
"0.03490000","238.70000000","2023-06-22T20:00:25.287Z","sell","maker"
"0.05550000","132.70000000","2023-06-22T19:59:47.096Z","buy","taker"
"0.04100000","15.40000000","2023-06-22T19:54:40.650Z","sell","maker"
"0.03489000","193.00000000","2023-06-22T19:54:40.650Z","sell","maker"
"0.04101000","214.00000000","2023-06-22T17:42:46.997Z","sell","maker"
"0.04100000","245.10000000","2023-06-22T17:42:46.997Z","sell","maker"
"0.04101000","91.20000000","2023-06-22T12:20:00.457Z","buy","taker"
"0.04101000","112.80000000","2023-06-22T11:40:33.601Z","buy","taker"
"0.04101000","202.00000000","2023-06-22T11:40:33.592Z","buy","taker"
"0.04100000","509.30000000","2023-06-22T11:40:18.365Z","sell","maker"
"0.04100000","1065.00000000","2023-06-22T11:40:18.364Z","sell","maker"
"0.04100000","1065.00000000","2023-06-22T11:40:18.364Z","sell","maker"
"0.04100000","1065.00000000","2023-06-22T11:40:18.363Z","sell","maker"
"0.04100000","1065.00000000","2023-06-22T11:40:18.363Z","sell","maker"
"0.04100000","54983.20000000","2023-06-22T11:40:18.363Z","sell","maker"
"0.04100000","446.10000000","2023-06-22T11:40:18.359Z","buy","taker"
"0.04100000","5.50000000","2023-06-22T08:42:22.216Z","buy","taker"
"0.03701000","25.10000000","2023-06-22T01:39:28.401Z","sell","maker"
"0.04100000","270.90000000","2023-06-22T00:53:33.689Z","buy","taker"
"0.03720000","634.20000000","2023-06-22T00:44:40.496Z","sell","maker"
"0.03709000","17.40000000","2023-06-22T00:44:40.496Z","sell","maker"
"0.03701000","1687.90000000","2023-06-22T00:44:40.496Z","sell","maker"
"0.03709000","530.70000000","2023-06-21T19:37:54.405Z","sell","maker"
"0.03701000","31.70000000","2023-06-21T16:26:09.056Z","sell","maker"
"0.03700000","7.70000000","2023-06-21T08:53:46.205Z","sell","maker"
"0.03701000","49.60000000","2023-06-21T08:45:52.169Z","sell","maker"
"0.03701000","649.80000000","2023-06-21T08:42:25.915Z","sell","maker"
"0.03701000","43.50000000","2023-06-21T02:56:09.703Z","sell","maker"
"0.04101000","0.70000000","2023-06-21T02:23:59.980Z","sell","maker"
"0.04101000","2338.80000000","2023-06-21T01:43:07.738Z","sell","maker"
"0.03801000","47.60000000","2023-06-20T20:05:00.623Z","sell","maker"
"0.03801000","2500.00000000","2023-06-20T20:05:00.623Z","sell","maker"
"0.03800000","4808.30000000","2023-06-20T20:05:00.623Z","sell","maker"
"0.03700000","2692.70000000","2023-06-20T20:05:00.623Z","sell","maker"
"0.03850000","393.20000000","2023-06-20T18:13:45.530Z","sell","maker"
"0.03800000","742.00000000","2023-06-20T18:13:45.530Z","sell","maker"
"0.03850000","104.40000000","2023-06-20T17:21:33.647Z","sell","maker"
"0.03340000","725.50000000","2023-06-20T12:52:04.922Z","sell","maker"
"0.03308000","358.60000000","2023-06-20T09:23:46.658Z","sell","maker"
"0.03308000","358.50000000","2023-06-20T09:23:17.973Z","sell","maker"
"0.06000000","1135.20000000","2023-06-20T07:20:02.079Z","buy","taker"
"0.05000000","187.40000000","2023-06-20T07:09:46.303Z","buy","taker"
"0.06000000","534.10000000","2023-06-20T07:09:46.303Z","buy","taker"
"0.04504000","4.10000000","2023-06-20T06:02:44.097Z","buy","taker"
"0.04900000","1029.50000000","2023-06-20T05:47:21.527Z","buy","taker"
"0.04900000","25.30000000","2023-06-20T03:29:35.537Z","buy","taker"
"0.04900000","20.70000000","2023-06-20T01:39:39.303Z","buy","taker"
"0.04900000","44.80000000","2023-06-20T01:20:35.069Z","buy","taker"
"0.04900000","22.50000000","2023-06-20T01:15:17.269Z","buy","taker"
"0.03300000","2234.80000000","2023-06-19T22:44:59.316Z","sell","maker"
"0.05990000","38.90000000","2023-06-19T21:25:20.748Z","buy","taker"
"0.05990000","38.90000000","2023-06-19T21:25:20.739Z","buy","taker"
"0.05990000","91.60000000","2023-06-19T21:25:20.738Z","buy","taker"
"0.05990000","38.90000000","2023-06-19T21:25:20.738Z","buy","taker"
"0.05990000","2248.30000000","2023-06-19T21:03:18.182Z","buy","taker"
"0.05992000","0.80000000","2023-06-19T17:17:51.790Z","sell","maker"
"0.04100000","188.10000000","2023-06-19T17:17:51.790Z","sell","maker"
"0.03100000","2604.20000000","2023-06-19T17:17:51.790Z","sell","maker"
"0.03000000","1038.00000000","2023-06-19T17:17:51.790Z","sell","maker"
"0.05990000","96.20000000","2023-06-19T17:17:10.017Z","buy","taker"
"0.05990000","729.90000000","2023-06-19T16:14:23.507Z","buy","taker"
"0.05990000","514.10000000","2023-06-19T15:52:29.927Z","buy","taker"
"0.05990000","105.10000000","2023-06-19T15:49:28.661Z","buy","taker"
"0.06000000","453.20000000","2023-06-19T12:48:14.134Z","buy","taker"
"0.06919000","30.00000000","2023-06-19T12:15:08.826Z","buy","taker"
"0.04000000","6379.20000000","2023-06-19T11:32:33.817Z","buy","taker"
"0.06919000","1119.60000000","2023-06-19T11:32:33.817Z","buy","taker"
"0.04000000","64.00000000","2023-06-19T11:31:12.946Z","buy","taker"
"0.04000000","64.00000000","2023-06-19T11:31:12.821Z","buy","taker"
"0.04000000","64.00000000","2023-06-19T11:31:12.696Z","buy","taker"
"0.04000000","64.00000000","2023-06-19T11:31:12.571Z","buy","taker"
"0.04000000","64.00000000","2023-06-19T11:31:12.447Z","buy","taker"
"0.02853000","1919.10000000","2023-06-19T11:29:57.414Z","sell","maker"
"0.04000000","43.80000000","2023-06-19T03:29:34.623Z","buy","taker"
"0.03780000","55.10000000","2023-06-19T02:56:32.184Z","buy","taker"
"0.03780000","454.50000000","2023-06-19T02:56:32.184Z","buy","taker"
"0.03780000","1745.50000000","2023-06-19T02:56:32.184Z","buy","taker"
"0.02831000","248.50000000","2023-06-17T17:45:31.094Z","sell","maker"
"0.03780000","250.00000000","2023-06-17T17:44:41.301Z","buy","taker"
"0.03151000","28.10000000","2023-06-17T14:32:11.230Z","sell","maker"
"0.03151000","127.20000000","2023-06-17T14:28:28.959Z","sell","maker"
"0.03151000","795.10000000","2023-06-17T14:28:24.848Z","sell","maker"
"0.03151000","795.10000000","2023-06-17T14:28:18.051Z","sell","maker"
"0.02862000","713.00000000","2023-06-17T05:53:10.392Z","sell","maker"
"0.03180000","62.90000000","2023-06-16T04:09:39.357Z","sell","maker"
"0.03150000","63.50000000","2023-06-16T04:09:39.357Z","sell","maker"
"0.02830000","106.00000000","2023-06-16T04:09:39.357Z","sell","maker"
"0.02830000","106.00000000","2023-06-16T04:09:39.357Z","sell","maker"
"0.02829000","106.00000000","2023-06-16T04:09:39.357Z","sell","maker"
"0.02829000","106.00000000","2023-06-16T04:09:39.357Z","sell","maker"
"0.02828000","9.20000000","2023-06-16T04:09:39.357Z","sell","maker"
"0.03190000","62.70000000","2023-06-15T21:02:37.497Z","sell","maker"
"0.03339000","95.20000000","2023-06-15T20:56:13.414Z","sell","maker"
"0.03339000","19.50000000","2023-06-15T20:56:13.414Z","sell","maker"
"0.03300000","231.20000000","2023-06-14T22:31:38.958Z","sell","maker"
"0.03300000","223.30000000","2023-06-14T22:31:38.958Z","sell","maker"
"0.02630000","76.00000000","2023-06-14T01:23:29.594Z","sell","maker"
"0.02630000","224.20000000","2023-06-14T01:23:29.594Z","sell","maker"
"0.02623000","76.20000000","2023-06-14T01:23:29.594Z","sell","maker"
"0.02620000","76.30000000","2023-06-14T01:23:29.594Z","sell","maker"
"0.02610000","76.60000000","2023-06-14T01:23:29.594Z","sell","maker"
"0.02601000","3565.90000000","2023-06-14T01:23:29.594Z","sell","maker"
"0.02601000","562.00000000","2023-06-13T21:39:22.548Z","sell","maker"
"0.03800000","259.10000000","2023-06-13T07:47:32.183Z","buy","taker"
"0.02302000","562.60000000","2023-06-12T23:49:35.309Z","sell","maker"
"0.03800000","242.80000000","2023-06-12T21:36:15.516Z","buy","taker"
"0.03800000","323.20000000","2023-06-12T21:34:48.771Z","buy","taker"
"0.03800000","609.20000000","2023-06-12T21:16:57.971Z","buy","taker"
"0.04000000","565.40000000","2023-06-12T20:32:59.589Z","buy","taker"
"0.03100000","151.00000000","2023-06-12T19:33:35.024Z","buy","taker"
"0.03100000","321.20000000","2023-06-12T14:28:09.111Z","buy","taker"
"0.03100000","275.10000000","2023-06-12T09:59:05.652Z","buy","taker"
"0.03100000","23.70000000","2023-06-12T03:07:04.818Z","buy","taker"
"0.03100000","519.00000000","2023-06-12T03:06:04.485Z","buy","taker"
"0.03100000","808.10000000","2023-06-12T03:06:01.210Z","buy","taker"
"0.03100000","72.10000000","2023-06-12T03:05:58.421Z","buy","taker"
"0.03100000","808.10000000","2023-06-12T03:05:58.295Z","buy","taker"
"0.03100000","779.20000000","2023-06-12T03:05:55.563Z","buy","taker"
"0.03100000","154.80000000","2023-06-12T03:05:52.986Z","buy","taker"
"0.03100000","843.50000000","2023-06-12T03:05:49.459Z","buy","taker"
"0.03100000","526.40000000","2023-06-12T03:05:46.429Z","buy","taker"
"0.02200000","4541.80000000","2023-06-11T22:30:42.928Z","sell","maker"
"0.02141000","5000.00000000","2023-06-11T22:30:42.928Z","sell","maker"
"0.02141000","5383.60000000","2023-06-11T22:30:42.928Z","sell","maker"
"0.03380000","29.50000000","2023-06-11T14:15:23.389Z","buy","taker"
"0.03000000","11835.50000000","2023-06-11T05:00:25.157Z","buy","taker"
"0.03000000","4899.90000000","2023-06-11T04:57:21.662Z","sell","maker"
"0.03000000","100.00000000","2023-06-11T04:57:21.662Z","sell","maker"
"0.03000000","47.60000000","2023-06-11T00:57:14.449Z","sell","maker"
"0.03000000","1375.70000000","2023-06-11T00:47:05.238Z","sell","maker"
"0.03000000","2454.70000000","2023-06-10T23:30:52.852Z","sell","maker"
"0.06000000","22.80000000","2023-06-10T22:50:27.464Z","buy","taker"
"0.02000000","131.60000000","2023-06-10T22:48:29.919Z","sell","maker"
"0.03000000","64.00000000","2023-06-10T22:05:28.237Z","sell","maker"
"0.02920000","109.20000000","2023-06-10T21:43:11.386Z","sell","maker"
"0.02920000","82.90000000","2023-06-10T21:19:21.326Z","sell","maker"
"0.02920000","259.50000000","2023-06-10T19:12:28.757Z","sell","maker"
"0.02900000","1293.90000000","2023-06-10T13:26:13.334Z","buy","taker"
"0.01800000","5720.20000000","2023-06-10T11:07:40.856Z","sell","maker"
"0.04447000","1298.80000000","2023-06-10T11:05:55.522Z","buy","taker"
"0.04448000","686.90000000","2023-06-10T11:05:55.522Z","buy","taker"
"0.04453000","247.00000000","2023-06-10T11:05:55.522Z","buy","taker"
"0.04877000","225.50000000","2023-06-10T11:05:55.522Z","buy","taker"
"0.04948000","222.30000000","2023-06-10T11:05:55.522Z","buy","taker"
"0.05498000","200.00000000","2023-06-10T11:05:55.522Z","buy","taker"
"0.05498000","200.00000000","2023-06-10T11:05:55.522Z","buy","taker"
"0.05543000","198.40000000","2023-06-10T11:05:55.522Z","buy","taker"
"0.06159000","178.60000000","2023-06-10T11:05:55.522Z","buy","taker"
"0.06761000","162.70000000","2023-06-10T11:05:55.522Z","buy","taker"
"0.06919000","2134.60000000","2023-06-10T11:05:55.522Z","buy","taker"
"0.01741000","2782.50000000","2023-06-10T07:48:52.452Z","sell","maker"
"0.01741000","1298.90000000","2023-06-10T07:48:52.452Z","sell","maker"
"0.03920000","74.90000000","2023-06-10T07:44:53.793Z","buy","taker"
"0.03960000","77.40000000","2023-06-10T07:44:53.793Z","buy","taker"
"0.03960000","2863.90000000","2023-06-10T07:44:53.793Z","buy","taker"
"0.04157000","264.60000000","2023-06-10T07:44:53.793Z","buy","taker"
"0.04205000","261.50000000","2023-06-10T07:44:53.793Z","buy","taker"
"0.04205000","261.50000000","2023-06-10T07:44:53.793Z","buy","taker"
"0.04448000","277.60000000","2023-06-10T07:44:53.793Z","buy","taker"
"0.03920000","132.40000000","2023-06-10T07:30:57.888Z","buy","taker"
"0.03920000","73.20000000","2023-06-10T07:04:33.418Z","buy","taker"
"0.01705000","480.00000000","2023-06-10T05:50:22.380Z","sell","maker"
"0.02920000","632.40000000","2023-06-10T05:48:12.492Z","sell","maker"
"0.02601000","38.50000000","2023-06-10T05:48:12.492Z","sell","maker"
"0.02543000","786.50000000","2023-06-10T05:48:12.492Z","sell","maker"
"0.02022000","131.20000000","2023-06-10T05:48:12.492Z","sell","maker"
"0.01700000","1297.20000000","2023-06-10T05:48:12.492Z","sell","maker"
"0.03270000","30.70000000","2023-06-10T04:24:11.126Z","sell","maker"
"0.03110000","33.10000000","2023-06-10T04:24:11.126Z","sell","maker"
"0.03040000","33.00000000","2023-06-10T04:24:11.126Z","sell","maker"
"0.02990000","43.00000000","2023-06-10T04:24:11.126Z","sell","maker"
"0.02950000","34.00000000","2023-06-10T04:24:11.126Z","sell","maker"
"0.02920000","223.80000000","2023-06-10T04:24:11.126Z","sell","maker"
"0.03422000","40.00000000","2023-06-10T04:24:07.893Z","sell","maker"
"0.03440000","40.00000000","2023-06-10T04:23:59.076Z","sell","maker"
"0.03531000","39.80000000","2023-06-10T04:22:42.926Z","sell","maker"
"0.03564000","25.30000000","2023-06-10T04:22:05.741Z","sell","maker"
"0.03531000","3911.80000000","2023-06-10T04:22:05.741Z","sell","maker"
"0.03564000","280.50000000","2023-06-10T04:19:47.091Z","sell","maker"
"0.03564000","255.20000000","2023-06-10T04:19:47.091Z","sell","maker"
"0.03565000","2000.00000000","2023-06-10T03:31:58.892Z","buy","taker"
"0.03565000","642.90000000","2023-06-09T12:12:09.621Z","sell","maker"
"0.03565000","866.20000000","2023-06-09T10:15:51.740Z","sell","maker"
"0.03764000","632.70000000","2023-06-09T04:05:16.435Z","buy","taker"
"0.03764000","275.30000000","2023-06-09T02:34:46.863Z","sell","maker"
"0.03789000","531.90000000","2023-06-09T01:32:22.639Z","buy","taker"
"0.03788000","168.20000000","2023-06-09T01:32:22.453Z","buy","taker"
"0.03788000","529.80000000","2023-06-09T01:27:15.187Z","buy","taker"
"0.03787000","139.90000000","2023-06-09T01:18:46.255Z","buy","taker"
"0.03787000","529.80000000","2023-06-09T01:18:45.814Z","buy","taker"
"0.03785000","169.80000000","2023-06-09T01:15:06.706Z","buy","taker"
"0.03785000","529.80000000","2023-06-09T01:15:06.494Z","buy","taker"
"0.03792000","756.80000000","2023-06-09T00:50:39.064Z","buy","taker"
"0.03960000","50.30000000","2023-06-08T16:30:11.977Z","buy","taker"
"0.03700000","971.00000000","2023-06-08T15:29:35.566Z","buy","taker"
"0.03700000","135.10000000","2023-06-08T15:29:34.346Z","sell","maker"
"0.03960000","50.00000000","2023-06-08T13:11:29.064Z","buy","taker"
"0.03701000","635.10000000","2023-06-08T12:41:06.034Z","sell","maker"
"0.03960000","100.00000000","2023-06-08T10:17:00.450Z","buy","taker"
"0.03786000","663.00000000","2023-06-08T10:14:42.154Z","buy","taker"
"0.03786000","644.70000000","2023-06-08T10:14:42.154Z","buy","taker"
"0.03786000","780.20000000","2023-06-08T10:14:42.154Z","buy","taker"
"0.03813000","7912.10000000","2023-06-08T10:14:42.154Z","buy","taker"
"0.03776000","663.60000000","2023-06-08T10:12:58.702Z","buy","taker"
"0.03790000","762.00000000","2023-06-08T10:12:58.702Z","buy","taker"
"0.03790000","785.80000000","2023-06-08T10:12:58.702Z","buy","taker"
"0.03813000","2788.60000000","2023-06-08T10:12:58.702Z","buy","taker"
"0.03791000","659.40000000","2023-06-08T09:29:24.579Z","buy","taker"
"0.03745000","54.50000000","2023-06-08T06:40:18.487Z","buy","taker"
"0.03740000","682.60000000","2023-06-08T06:38:39.355Z","buy","taker"
"0.03746000","788.20000000","2023-06-08T06:36:58.418Z","buy","taker"
"0.03741000","696.30000000","2023-06-08T06:36:49.551Z","buy","taker"
"0.03741000","3.90000000","2023-06-08T06:36:48.335Z","buy","taker"
"0.03741000","642.80000000","2023-06-08T06:36:48.331Z","buy","taker"
"0.03741000","660.00000000","2023-06-08T06:36:48.331Z","buy","taker"
"0.03741000","708.20000000","2023-06-08T06:36:48.331Z","buy","taker"
"0.03722000","150.90000000","2023-06-08T06:08:00.514Z","sell","maker"
"0.03722000","489.30000000","2023-06-08T06:08:00.514Z","sell","maker"
"0.03722000","582.50000000","2023-06-08T06:08:00.512Z","sell","maker"
"0.03740000","400.10000000","2023-06-08T05:45:10.412Z","buy","taker"
"0.03700000","711.40000000","2023-06-08T03:45:24.280Z","buy","taker"
"0.03700000","236.40000000","2023-06-08T03:45:24.280Z","buy","taker"
"0.03700000","544.00000000","2023-06-08T03:44:54.391Z","buy","taker"
"0.03690000","702.00000000","2023-06-08T03:33:16.613Z","sell","maker"
"0.03690000","1401.50000000","2023-06-08T03:33:13.080Z","sell","maker"
"0.03690000","350.10000000","2023-06-08T03:33:07.054Z","sell","maker"
"0.03690000","680.20000000","2023-06-08T03:33:04.409Z","sell","maker"
"0.03690000","2091.70000000","2023-06-08T03:32:49.019Z","sell","maker"
"0.03701000","277.60000000","2023-06-08T03:32:15.966Z","buy","taker"
"0.03701000","543.90000000","2023-06-08T03:32:13.477Z","buy","taker"
"0.03701000","462.30000000","2023-06-08T03:32:07.913Z","buy","taker"
"0.03704000","543.90000000","2023-06-08T03:31:25.385Z","buy","taker"
"0.03704000","225.40000000","2023-06-08T03:31:21.744Z","buy","taker"
"0.03704000","543.90000000","2023-06-08T03:31:21.519Z","buy","taker"
"0.03704000","215.90000000","2023-06-08T03:31:19.255Z","buy","taker"
"0.03704000","543.90000000","2023-06-08T03:31:19.033Z","buy","taker"
"0.03702000","56.60000000","2023-06-08T03:31:18.837Z","buy","taker"
"0.03702000","163.10000000","2023-06-08T03:31:18.574Z","buy","taker"
"0.03702000","543.90000000","2023-06-08T03:31:18.352Z","buy","taker"
"0.03702000","248.90000000","2023-06-08T03:31:17.241Z","buy","taker"
"0.03702000","543.90000000","2023-06-08T03:31:16.997Z","buy","taker"
"0.03701000","54.30000000","2023-06-08T03:31:10.453Z","buy","taker"
"0.03701000","543.90000000","2023-06-08T03:31:10.204Z","buy","taker"
"0.03701000","448.30000000","2023-06-08T03:31:09.978Z","buy","taker"
"0.03701000","95.60000000","2023-06-08T03:31:09.978Z","buy","taker"
"0.03701000","213.60000000","2023-06-08T03:31:09.784Z","buy","taker"
"0.03701000","330.30000000","2023-06-08T03:31:09.784Z","buy","taker"
"0.03701000","543.90000000","2023-06-08T03:31:09.545Z","buy","taker"
"0.03704000","233.40000000","2023-06-08T03:30:37.553Z","buy","taker"
"0.03704000","543.90000000","2023-06-08T03:30:37.345Z","buy","taker"
"0.03704000","202.90000000","2023-06-08T03:30:34.629Z","buy","taker"
"0.03704000","543.90000000","2023-06-08T03:30:34.390Z","buy","taker"
"0.03702000","434.60000000","2023-06-08T03:30:31.911Z","buy","taker"
"0.03702000","237.40000000","2023-06-08T03:30:31.678Z","buy","taker"
"0.03702000","306.50000000","2023-06-08T03:30:31.678Z","buy","taker"
"0.03701000","202.10000000","2023-06-08T03:30:31.213Z","buy","taker"
"0.03701000","543.90000000","2023-06-08T03:30:30.998Z","buy","taker"
"0.03701000","149.60000000","2023-06-08T03:30:27.583Z","buy","taker"
"0.03701000","543.90000000","2023-06-08T03:30:27.367Z","buy","taker"
"0.03702000","543.90000000","2023-06-08T03:30:16.049Z","buy","taker"
"0.03704000","543.90000000","2023-06-08T03:30:09.879Z","buy","taker"
"0.03702000","261.10000000","2023-06-08T03:30:09.642Z","buy","taker"
"0.03702000","543.90000000","2023-06-08T03:30:09.400Z","buy","taker"
"0.03702000","284.90000000","2023-06-08T03:30:05.328Z","buy","taker"
"0.03702000","113.90000000","2023-06-08T03:30:05.090Z","buy","taker"
"0.03702000","430.00000000","2023-06-08T03:30:05.090Z","buy","taker"
"0.03702000","543.90000000","2023-06-08T03:30:04.870Z","buy","taker"
"0.03703000","689.60000000","2023-06-08T03:28:00.186Z","buy","taker"
"0.03703000","792.40000000","2023-06-08T03:27:57.470Z","buy","taker"
"0.03703000","796.10000000","2023-06-08T03:27:54.078Z","buy","taker"
"0.03703000","742.80000000","2023-06-08T03:27:52.492Z","buy","taker"
"0.03703000","671.70000000","2023-06-08T03:27:48.419Z","buy","taker"
"0.03703000","766.10000000","2023-06-08T03:27:45.481Z","buy","taker"
"0.03702000","289.20000000","2023-06-08T03:27:40.774Z","buy","taker"
"0.03702000","167.30000000","2023-06-08T03:27:40.567Z","buy","taker"
"0.03702000","376.60000000","2023-06-08T03:27:40.567Z","buy","taker"
"0.03702000","543.90000000","2023-06-08T03:27:40.371Z","buy","taker"
"0.03703000","135.90000000","2023-06-08T03:27:27.188Z","buy","taker"
"0.03703000","201.00000000","2023-06-08T03:27:26.730Z","buy","taker"
"0.03703000","543.90000000","2023-06-08T03:27:24.712Z","buy","taker"
"0.03703000","241.70000000","2023-06-08T03:27:22.651Z","buy","taker"
"0.03703000","543.90000000","2023-06-08T03:27:22.425Z","buy","taker"
"0.03701000","415.30000000","2023-06-08T03:26:09.471Z","buy","taker"
"0.03701000","299.10000000","2023-06-08T03:26:07.308Z","buy","taker"
"0.03701000","273.10000000","2023-06-08T03:26:06.356Z","buy","taker"
"0.03701000","794.30000000","2023-06-08T03:26:06.356Z","buy","taker"
"0.03701000","407.90000000","2023-06-08T03:25:57.418Z","buy","taker"
"0.03701000","148.10000000","2023-06-08T03:25:55.189Z","buy","taker"
"0.03701000","543.90000000","2023-06-08T03:25:53.351Z","buy","taker"
"0.03703000","165.60000000","2023-06-08T03:25:43.835Z","buy","taker"
"0.03703000","543.90000000","2023-06-08T03:25:43.617Z","buy","taker"
"0.03702000","142.30000000","2023-06-08T03:25:43.382Z","buy","taker"
"0.03702000","543.90000000","2023-06-08T03:25:43.153Z","buy","taker"
"0.03701000","153.40000000","2023-06-08T03:25:39.811Z","buy","taker"
"0.03701000","543.90000000","2023-06-08T03:25:39.561Z","buy","taker"
"0.03700000","141.50000000","2023-06-08T03:25:39.305Z","buy","taker"
"0.03700000","543.90000000","2023-06-08T03:25:39.081Z","buy","taker"
"0.03700000","203.10000000","2023-06-08T03:25:30.699Z","buy","taker"
"0.03700000","543.90000000","2023-06-08T03:25:30.474Z","buy","taker"
"0.03698000","672.10000000","2023-06-08T03:25:20.961Z","buy","taker"
"0.03698000","782.60000000","2023-06-08T03:25:19.121Z","buy","taker"
"0.03698000","794.20000000","2023-06-08T03:25:14.970Z","buy","taker"
"0.03703000","190.30000000","2023-06-08T03:25:09.364Z","buy","taker"
"0.03703000","194.30000000","2023-06-08T03:25:06.866Z","buy","taker"
"0.03703000","543.90000000","2023-06-08T03:25:06.650Z","buy","taker"
"0.03703000","197.10000000","2023-06-08T03:25:04.148Z","buy","taker"
"0.03703000","543.90000000","2023-06-08T03:25:03.467Z","buy","taker"
"0.03701000","183.20000000","2023-06-08T03:25:00.976Z","buy","taker"
"0.03701000","543.90000000","2023-06-08T03:25:00.754Z","buy","taker"
"0.03699000","44.40000000","2023-06-08T03:25:00.081Z","buy","taker"
"0.03699000","147.80000000","2023-06-08T03:24:58.495Z","buy","taker"
"0.03699000","543.90000000","2023-06-08T03:24:58.263Z","buy","taker"
"0.03697000","809.90000000","2023-06-08T03:24:54.696Z","buy","taker"
"0.03704000","276.40000000","2023-06-08T03:24:40.763Z","buy","taker"
"0.03704000","461.70000000","2023-06-08T03:24:38.498Z","buy","taker"
"0.03708000","55.30000000","2023-06-08T03:24:32.158Z","buy","taker"
"0.03701000","44.50000000","2023-06-08T03:24:31.934Z","buy","taker"
"0.03701000","675.60000000","2023-06-08T03:24:31.769Z","buy","taker"
"0.03719000","189.30000000","2023-06-08T03:24:25.606Z","buy","taker"
"0.03719000","68.60000000","2023-06-08T03:23:36.729Z","buy","taker"
"0.03719000","647.90000000","2023-06-08T03:23:36.729Z","buy","taker"
"0.03719000","47.10000000","2023-06-08T03:23:36.729Z","buy","taker"
"0.03719000","17.70000000","2023-06-08T03:23:33.302Z","buy","taker"
"0.03719000","718.30000000","2023-06-08T03:23:33.302Z","buy","taker"
"0.03719000","45.50000000","2023-06-08T03:23:30.355Z","buy","taker"
"0.03719000","740.00000000","2023-06-08T03:23:30.355Z","buy","taker"
"0.03719000","700.90000000","2023-06-08T03:23:27.189Z","buy","taker"
"0.03719000","687.90000000","2023-06-08T03:22:44.409Z","buy","taker"
"0.03719000","102.50000000","2023-06-08T03:22:44.409Z","buy","taker"
"0.03719000","759.20000000","2023-06-08T03:22:41.012Z","buy","taker"
"0.03719000","714.40000000","2023-06-08T03:21:16.310Z","buy","taker"
"0.03719000","530.80000000","2023-06-08T03:21:16.310Z","buy","taker"
"0.03748000","132.10000000","2023-06-08T02:34:22.680Z","buy","taker"
"0.03779000","186.20000000","2023-06-08T01:22:24.115Z","sell","maker"
"0.03601000","290.10000000","2023-06-08T01:22:24.115Z","sell","maker"
"0.03600000","277.70000000","2023-06-08T01:22:24.115Z","sell","maker"
"0.03531000","689.10000000","2023-06-08T01:22:24.115Z","sell","maker"
"0.03779000","78.40000000","2023-06-08T01:04:34.294Z","sell","maker"
"0.03990000","949.70000000","2023-06-07T23:19:31.988Z","buy","taker"
"0.04000000","290.90000000","2023-06-07T23:19:31.988Z","buy","taker"
"0.03990000","29.60000000","2023-06-07T22:31:53.512Z","buy","taker"
"0.04000000","25.00000000","2023-06-07T22:04:08.440Z","buy","taker"
"0.04000000","24.30000000","2023-06-07T21:40:41.575Z","buy","taker"
"0.04199000","119.10000000","2023-06-07T21:31:56.357Z","buy","taker"
"0.04199000","60.00000000","2023-06-07T21:26:26.314Z","buy","taker"
"0.03601000","2275.00000000","2023-06-07T21:15:15.880Z","sell","maker"
"0.03601000","43.10000000","2023-06-07T21:15:15.880Z","sell","maker"
"0.03601000","2648.80000000","2023-06-07T20:19:01.053Z","sell","maker"
"0.03601000","2000.00000000","2023-06-07T19:42:42.838Z","sell","maker"
"0.03601000","1000.00000000","2023-06-07T19:42:26.295Z","sell","maker"
"0.03601000","739.40000000","2023-06-07T19:42:03.829Z","sell","maker"
"0.03823000","261.50000000","2023-06-07T17:13:14.818Z","sell","maker"
"0.03823000","261.50000000","2023-06-07T17:13:14.818Z","sell","maker"
"0.03601000","661.30000000","2023-06-07T17:13:14.818Z","sell","maker"
"0.04248000","748.80000000","2023-06-07T13:20:40.602Z","sell","maker"
"0.04048000","7.30000000","2023-06-07T13:20:36.970Z","buy","taker"
"0.04447000","213.60000000","2023-06-07T13:20:36.970Z","buy","taker"
"0.04448000","4.60000000","2023-06-07T13:20:36.970Z","buy","taker"
"0.04048000","247.00000000","2023-06-07T13:13:17.668Z","sell","maker"
"0.04447000","561.90000000","2023-06-07T13:06:21.995Z","buy","taker"
"0.04448000","132.40000000","2023-06-07T13:06:21.995Z","buy","taker"
"0.03601000","675.50000000","2023-06-07T13:06:11.982Z","sell","maker"
"0.04498000","222.30000000","2023-06-07T12:45:33.318Z","sell","maker"
"0.04998000","200.00000000","2023-06-07T12:30:37.379Z","buy","taker"
"0.04998000","200.00000000","2023-06-07T12:24:15.207Z","buy","taker"
"0.03800000","716.40000000","2023-06-07T12:11:39.247Z","sell","maker"
"0.03700000","735.80000000","2023-06-07T12:11:39.247Z","sell","maker"
"0.03531000","1023.40000000","2023-06-07T12:11:39.247Z","sell","maker"
"0.05039000","148.40000000","2023-06-07T11:33:30.785Z","sell","maker"
"0.04800000","50.00000000","2023-06-07T11:33:25.917Z","buy","taker"
"0.05599000","178.60000000","2023-06-07T10:49:15.303Z","buy","taker"
"0.05999000","675.50000000","2023-06-07T10:46:55.837Z","buy","taker"
"0.03701000","1416.00000000","2023-06-07T10:46:42.397Z","sell","maker"
"0.05999000","541.20000000","2023-06-07T10:46:20.299Z","buy","taker"
"0.06000000","166.80000000","2023-06-07T10:46:20.299Z","buy","taker"
"0.05999000","708.00000000","2023-06-07T10:46:18.855Z","buy","taker"
"0.03531000","1249.20000000","2023-06-07T10:38:16.944Z","sell","maker"
"0.06146000","162.70000000","2023-06-07T10:36:17.766Z","buy","taker"
"0.04400000","604.90000000","2023-06-07T10:33:15.339Z","sell","maker"
"0.04100000","649.30000000","2023-06-07T10:31:39.389Z","sell","maker"
"0.03520000","357.70000000","2023-06-07T10:31:22.905Z","sell","maker"
"0.03520000","26.10000000","2023-06-07T10:30:56.169Z","sell","maker"
"0.06146000","26.30000000","2023-06-07T10:30:41.379Z","buy","taker"
"0.06146000","447.50000000","2023-06-07T10:30:18.398Z","sell","maker"
"0.06500000","423.10000000","2023-06-07T10:30:06.934Z","buy","taker"
"0.03520000","334.50000000","2023-06-07T10:27:24.580Z","sell","maker"
"0.06699000","105.00000000","2023-06-07T10:27:02.805Z","buy","taker"
"0.06700000","252.70000000","2023-06-07T10:27:02.805Z","buy","taker"
"0.04200000","335.20000000","2023-06-07T10:26:13.235Z","sell","maker"
"0.03900000","252.70000000","2023-06-07T10:26:05.084Z","sell","maker"
"0.03521000","105.00000000","2023-06-07T10:26:05.084Z","sell","maker"
"0.03900000","31.70000000","2023-06-07T10:25:20.713Z","sell","maker"
"0.06990000","16.10000000","2023-06-07T10:25:09.462Z","buy","taker"
"0.06990000","16.40000000","2023-06-07T10:24:44.471Z","buy","taker"
"0.06990000","357.70000000","2023-06-07T10:24:23.885Z","buy","taker"
"0.03900000","268.70000000","2023-06-07T10:24:08.786Z","sell","maker"
"0.06990000","20.80000000","2023-06-07T10:23:48.511Z","buy","taker"
"0.06990000","230.70000000","2023-06-07T10:23:01.606Z","buy","taker"
"0.04000000","2902.40000000","2023-06-07T10:22:50.241Z","sell","maker"
"0.06990000","18.80000000","2023-06-07T10:22:26.484Z","buy","taker"
"0.03900000","357.40000000","2023-06-07T10:21:03.579Z","sell","maker"
"0.06291000","158.90000000","2023-06-07T10:20:48.190Z","sell","maker"
"0.03900000","89.50000000","2023-06-07T10:20:48.190Z","sell","maker"
"0.06990000","357.40000000","2023-06-07T10:20:02.696Z","buy","taker"
"0.06990000","249.90000000","2023-06-07T10:19:42.580Z","buy","taker"
"0.06995000","142.90000000","2023-06-07T10:10:55.586Z","buy","taker"
"0.03520000","1997.60000000","2023-06-07T10:07:31.783Z","sell","maker"
"0.06699000","29.80000000","2023-06-07T10:07:20.503Z","buy","taker"
"0.06998000","1110.00000000","2023-06-07T10:07:20.503Z","buy","taker"
"0.06999000","869.90000000","2023-06-07T10:07:20.503Z","buy","taker"
"0.03700000","1560.80000000","2023-06-07T10:07:02.783Z","sell","maker"
"0.03521000","1110.00000000","2023-06-07T10:07:02.783Z","sell","maker"
"0.06495000","32.20000000","2023-06-07T10:06:41.374Z","buy","taker"
"0.06499000","486.20000000","2023-06-07T10:06:41.374Z","buy","taker"
"0.06500000","1000.00000000","2023-06-07T10:06:41.374Z","buy","taker"
"0.06918000","159.00000000","2023-06-07T10:06:41.374Z","buy","taker"
"0.06985000","157.40000000","2023-06-07T10:06:41.374Z","buy","taker"
"0.06985000","157.40000000","2023-06-07T10:06:41.374Z","buy","taker"
"0.06999000","17.70000000","2023-06-07T10:06:41.374Z","buy","taker"
"0.03700000","666.80000000","2023-06-07T10:06:20.999Z","sell","maker"
"0.06490000","55.10000000","2023-06-07T10:04:02.708Z","buy","taker"
"0.06495000","267.80000000","2023-06-07T10:04:02.708Z","buy","taker"
"0.06142000","170.70000000","2023-06-07T09:59:30.420Z","buy","taker"
"0.06147000","381.00000000","2023-06-07T09:59:30.420Z","buy","taker"
"0.06490000","115.10000000","2023-06-07T09:59:30.420Z","buy","taker"
"0.05528000","180.80000000","2023-06-07T09:59:26.586Z","sell","maker"
"0.03749000","486.20000000","2023-06-07T09:59:26.586Z","sell","maker"
"0.05940000","185.10000000","2023-06-07T09:52:24.517Z","buy","taker"
"0.06000000","291.60000000","2023-06-07T09:52:24.517Z","buy","taker"
"0.06042000","182.00000000","2023-06-07T09:52:24.517Z","buy","taker"
"0.06142000","8.30000000","2023-06-07T09:52:24.517Z","buy","taker"
"0.03748000","675.70000000","2023-06-07T09:52:21.928Z","sell","maker"
"0.05700000","247.90000000","2023-06-07T09:50:33.508Z","buy","taker"
"0.06000000","675.70000000","2023-06-07T09:28:26.696Z","buy","taker"
"0.05400000","162.60000000","2023-06-07T09:28:23.956Z","sell","maker"
"0.03700000","564.10000000","2023-06-07T09:28:23.956Z","sell","maker"
"0.05400000","22.50000000","2023-06-07T09:03:07.206Z","sell","maker"
"0.05493000","18.20000000","2023-06-07T08:48:20.246Z","buy","taker"
"0.05999000","675.80000000","2023-06-07T08:48:20.246Z","buy","taker"
"0.06000000","32.70000000","2023-06-07T08:48:20.246Z","buy","taker"
"0.03440000","41.00000000","2023-06-07T08:48:19.281Z","sell","maker"
"0.03490000","36.80000000","2023-06-07T08:48:14.534Z","sell","maker"
"0.03440000","678.90000000","2023-06-07T08:48:14.534Z","sell","maker"
"0.05493000","182.00000000","2023-06-07T08:48:01.999Z","buy","taker"
"0.04796000","229.30000000","2023-06-07T08:42:26.190Z","buy","taker"
"0.04844000","215.00000000","2023-06-07T08:42:26.190Z","buy","taker"
"0.04906000","224.20000000","2023-06-07T08:42:26.190Z","buy","taker"
"0.05104000","47.20000000","2023-06-07T08:42:26.190Z","buy","taker"
"0.03493000","675.90000000","2023-06-07T08:42:23.642Z","sell","maker"
"0.04360000","229.30000000","2023-06-07T08:36:06.360Z","sell","maker"
"0.04026000","16274.00000000","2023-06-07T08:36:06.360Z","sell","maker"
"0.04380000","251.10000000","2023-06-07T08:22:31.808Z","buy","taker"
"0.04668000","409.80000000","2023-06-07T08:22:31.808Z","buy","taker"
"0.04737000","3.00000000","2023-06-07T08:22:31.808Z","buy","taker"
"0.04844000","12.00000000","2023-06-07T08:22:31.808Z","buy","taker"
"0.03703000","44.30000000","2023-06-07T08:22:27.736Z","sell","maker"
"0.03699000","1211.70000000","2023-06-07T08:22:27.736Z","sell","maker"
"0.04668000","41.00000000","2023-06-07T08:09:47.141Z","buy","taker"
"0.04668000","628.00000000","2023-06-07T08:08:20.156Z","buy","taker"
"0.03982000","6.30000000","2023-06-07T08:08:16.304Z","buy","taker"
"0.04222000","260.50000000","2023-06-07T08:08:16.304Z","buy","taker"
"0.04642000","236.90000000","2023-06-07T08:08:16.304Z","buy","taker"
"0.04668000","124.30000000","2023-06-07T08:08:16.304Z","buy","taker"
"0.03981000","788.00000000","2023-06-07T08:07:06.000Z","sell","maker"
"0.03982000","251.10000000","2023-06-07T08:04:04.524Z","sell","maker"
"0.04425000","621.50000000","2023-06-07T07:53:44.154Z","sell","maker"
"0.04689000","565.20000000","2023-06-07T07:53:40.135Z","sell","maker"
"0.04689000","21.30000000","2023-06-07T07:53:35.603Z","buy","taker"
"0.04220000","236.90000000","2023-06-07T07:52:16.133Z","sell","maker"
"0.03838000","169.60000000","2023-06-07T07:52:16.133Z","sell","maker"
"0.03703000","225.80000000","2023-06-07T07:52:16.133Z","sell","maker"
"0.04689000","213.20000000","2023-06-07T07:43:14.962Z","buy","taker"
"0.04006000","13900.00000000","2023-06-07T07:36:03.220Z","sell","maker"
"0.04007000","632.30000000","2023-06-07T07:30:23.276Z","buy","taker"
"0.03954000","604.60000000","2023-06-07T07:30:13.887Z","sell","maker"
"0.04142000","604.60000000","2023-06-07T07:27:27.351Z","buy","taker"
"0.04149000","64.50000000","2023-06-07T07:27:24.672Z","sell","maker"
"0.04135000","538.10000000","2023-06-07T07:27:24.672Z","sell","maker"
"0.04150000","602.60000000","2023-06-07T07:22:20.607Z","buy","taker"