"price","volume","timestamp","type"
"50.66","0.001","2024-06-13T22:48:48.754Z","bid"
"50.62","0.272","2024-06-13T22:48:48.754Z","bid"
"50.61","0.915","2024-06-13T22:48:48.754Z","bid"
"50.6","0.001","2024-06-13T22:48:48.754Z","bid"
"50.53","0.279","2024-06-13T22:48:48.754Z","bid"
"50.51","0.04","2024-06-13T22:48:48.754Z","bid"
"50.5","0.083","2024-06-13T22:48:48.754Z","bid"
"50.37","1.397","2024-06-13T22:48:48.754Z","bid"
"50.3","0.569","2024-06-13T22:48:48.754Z","bid"
"50.16","0.717","2024-06-13T22:48:48.754Z","bid"
"50.15","70.36","2024-06-13T22:48:48.754Z","bid"
"50.09","0.099","2024-06-13T22:48:48.754Z","bid"
"50.08","6.414","2024-06-13T22:48:48.754Z","bid"
"50.03","5","2024-06-13T22:48:48.754Z","bid"
"50.01","100.297","2024-06-13T22:48:48.754Z","bid"
"50","122.06","2024-06-13T22:48:48.754Z","bid"
"49.99","0.7","2024-06-13T22:48:48.754Z","bid"
"49.98","2","2024-06-13T22:48:48.754Z","bid"
"49.97","0.002","2024-06-13T22:48:48.754Z","bid"
"49.8","2.035","2024-06-13T22:48:48.754Z","bid"
"49.75","2.03","2024-06-13T22:48:48.754Z","bid"
"49.74","2.7","2024-06-13T22:48:48.754Z","bid"
"49.7","0.341","2024-06-13T22:48:48.754Z","bid"
"49.59","3.024","2024-06-13T22:48:48.754Z","bid"
"49.58","0.683","2024-06-13T22:48:48.754Z","bid"
"49.57","6.414","2024-06-13T22:48:48.754Z","bid"
"49.55","1.747","2024-06-13T22:48:48.754Z","bid"
"49.51","0.983","2024-06-13T22:48:48.754Z","bid"
"49.49","0.315","2024-06-13T22:48:48.754Z","bid"
"49.46","0.001","2024-06-13T22:48:48.754Z","bid"
"49.22","1.401","2024-06-13T22:48:48.754Z","bid"
"49.08","1.3","2024-06-13T22:48:48.754Z","bid"
"49.01","0.944","2024-06-13T22:48:48.754Z","bid"
"49","44.925","2024-06-13T22:48:48.754Z","bid"
"48.97","0.334","2024-06-13T22:48:48.754Z","bid"
"48.89","0.04","2024-06-13T22:48:48.754Z","bid"
"48.82","0.447","2024-06-13T22:48:48.754Z","bid"
"48.81","0.586","2024-06-13T22:48:48.754Z","bid"
"48.65","0.061","2024-06-13T22:48:48.754Z","bid"
"48.5","1","2024-06-13T22:48:48.754Z","bid"
"48.45","0.355","2024-06-13T22:48:48.754Z","bid"
"48.29","0.796","2024-06-13T22:48:48.754Z","bid"
"48.21","5.495","2024-06-13T22:48:48.754Z","bid"
"48.08","0.635","2024-06-13T22:48:48.754Z","bid"
"48.06","9.571","2024-06-13T22:48:48.754Z","bid"
"48","88","2024-06-13T22:48:48.754Z","bid"
"47.94","0.377","2024-06-13T22:48:48.754Z","bid"
"47.9","0.273","2024-06-13T22:48:48.754Z","bid"
"47.79","0.229","2024-06-13T22:48:48.754Z","bid"
"47.69","4.193","2024-06-13T22:48:48.754Z","bid"
"47.5","5.133","2024-06-13T22:48:48.754Z","bid"
"47.44","0.401","2024-06-13T22:48:48.754Z","bid"
"47.36","0.604","2024-06-13T22:48:48.754Z","bid"
"47.32","0.147","2024-06-13T22:48:48.754Z","bid"
"47","13.015","2024-06-13T22:48:48.754Z","bid"
"46.97","0.069","2024-06-13T22:48:48.754Z","bid"
"46.93","0.426","2024-06-13T22:48:48.754Z","bid"
"46.89","0.001","2024-06-13T22:48:48.754Z","bid"
"46.85","2","2024-06-13T22:48:48.754Z","bid"
"46.8","0.027","2024-06-13T22:48:48.754Z","bid"
"46.67","0.021","2024-06-13T22:48:48.754Z","bid"
"46.65","0.613","2024-06-13T22:48:48.754Z","bid"
"46.43","0.452","2024-06-13T22:48:48.754Z","bid"
"46.06","0.649","2024-06-13T22:48:48.754Z","bid"
"46","60","2024-06-13T22:48:48.754Z","bid"
"45.96","0.623","2024-06-13T22:48:48.754Z","bid"
"45.93","0.481","2024-06-13T22:48:48.754Z","bid"
"45.45","0.25","2024-06-13T22:48:48.754Z","bid"
"45.43","0.511","2024-06-13T22:48:48.754Z","bid"
"45.28","0.632","2024-06-13T22:48:48.754Z","bid"
"45.1","77.605","2024-06-13T22:48:48.754Z","bid"
"45","422.843","2024-06-13T22:48:48.754Z","bid"
"44.94","0.543","2024-06-13T22:48:48.754Z","bid"
"44.82","0.022","2024-06-13T22:48:48.754Z","bid"
"44.61","0.641","2024-06-13T22:48:48.754Z","bid"
"44.5","0.786","2024-06-13T22:48:48.754Z","bid"
"44.45","0.577","2024-06-13T22:48:48.754Z","bid"
"44.13","0.365","2024-06-13T22:48:48.754Z","bid"
"44.12","1.128","2024-06-13T22:48:48.754Z","bid"
"44","62.771","2024-06-13T22:48:48.754Z","bid"
"43.96","0.613","2024-06-13T22:48:48.754Z","bid"
"43.95","0.651","2024-06-13T22:48:48.754Z","bid"
"43.87","0.455","2024-06-13T22:48:48.754Z","bid"
"43.75","0.227","2024-06-13T22:48:48.754Z","bid"
"43.56","0.086","2024-06-13T22:48:48.754Z","bid"
"43.48","0.651","2024-06-13T22:48:48.754Z","bid"
"43.4","1","2024-06-13T22:48:48.754Z","bid"
"43.3","0.661","2024-06-13T22:48:48.754Z","bid"
"43.22","0.578","2024-06-13T22:48:48.754Z","bid"
"43.2","11.574","2024-06-13T22:48:48.754Z","bid"
"43","26.561","2024-06-13T22:48:48.754Z","bid"
"42.84","0.548","2024-06-13T22:48:48.754Z","bid"
"42.77","0.581","2024-06-13T22:48:48.754Z","bid"
"42.7","0.232","2024-06-13T22:48:48.754Z","bid"
"42.66","0.671","2024-06-13T22:48:48.754Z","bid"
"42.53","0.032","2024-06-13T22:48:48.754Z","bid"
"42.52","0.735","2024-06-13T22:48:48.754Z","bid"
"42.46","10","2024-06-13T22:48:48.754Z","bid"
"42.05","0.782","2024-06-13T22:48:48.754Z","bid"
"42.03","1.053","2024-06-13T22:48:48.754Z","bid"
"42","148.186","2024-06-13T22:48:48.754Z","bid"
"41.89","0.25","2024-06-13T22:48:48.754Z","bid"
"41.58","0.831","2024-06-13T22:48:48.754Z","bid"
"41.47","2","2024-06-13T22:48:48.754Z","bid"
"41.11","0.883","2024-06-13T22:48:48.754Z","bid"
"41.05","0.577","2024-06-13T22:48:48.754Z","bid"
"41","1","2024-06-13T22:48:48.754Z","bid"
"40.8","0.56","2024-06-13T22:48:48.754Z","bid"
"40.64","0.939","2024-06-13T22:48:48.754Z","bid"
"40.5","17","2024-06-13T22:48:48.754Z","bid"
"40.29","0.071","2024-06-13T22:48:48.754Z","bid"
"40.18","0.998","2024-06-13T22:48:48.754Z","bid"
"40","344.018","2024-06-13T22:48:48.754Z","bid"
"39.73","1.061","2024-06-13T22:48:48.754Z","bid"
"39.71","0.329","2024-06-13T22:48:48.754Z","bid"
"39.68","0.5","2024-06-13T22:48:48.754Z","bid"
"39.6","1.2","2024-06-13T22:48:48.754Z","bid"
"39.55","0.1","2024-06-13T22:48:48.754Z","bid"
"39.5","6.329","2024-06-13T22:48:48.754Z","bid"
"39.4","0.397","2024-06-13T22:48:48.754Z","bid"
"39.27","1.128","2024-06-13T22:48:48.754Z","bid"
"39.2","0.609","2024-06-13T22:48:48.754Z","bid"
"39","15.55","2024-06-13T22:48:48.754Z","bid"
"38.89","2.834","2024-06-13T22:48:48.754Z","bid"
"38.82","1.199","2024-06-13T22:48:48.754Z","bid"
"38.5","0.145","2024-06-13T22:48:48.754Z","bid"
"38.38","10","2024-06-13T22:48:48.754Z","bid"
"38.37","1.275","2024-06-13T22:48:48.754Z","bid"
"38.01","1","2024-06-13T22:48:48.754Z","bid"
"38","3.031","2024-06-13T22:48:48.754Z","bid"
"37.98","0.001","2024-06-13T22:48:48.754Z","bid"
"37.93","1.356","2024-06-13T22:48:48.754Z","bid"
"37.77","0.198","2024-06-13T22:48:48.754Z","bid"
"37.61","0.344","2024-06-13T22:48:48.754Z","bid"
"37.48","1.442","2024-06-13T22:48:48.754Z","bid"
"37.29","0.646","2024-06-13T22:48:48.754Z","bid"
"37.17","0.061","2024-06-13T22:48:48.754Z","bid"
"37.05","1.533","2024-06-13T22:48:48.754Z","bid"
"37","28","2024-06-13T22:48:48.754Z","bid"
"36.93","100","2024-06-13T22:48:48.754Z","bid"
"36.77","0.425","2024-06-13T22:48:48.754Z","bid"
"36.71","14.7","2024-06-13T22:48:48.754Z","bid"
"36.66","0.342","2024-06-13T22:48:48.754Z","bid"
"36.61","1.631","2024-06-13T22:48:48.754Z","bid"
"36.56","1","2024-06-13T22:48:48.754Z","bid"
"36.47","0.1","2024-06-13T22:48:48.754Z","bid"
"36.18","1.734","2024-06-13T22:48:48.754Z","bid"
"36.11","150","2024-06-13T22:48:48.754Z","bid"
"35.85","12","2024-06-13T22:48:48.754Z","bid"
"35.75","1.845","2024-06-13T22:48:48.754Z","bid"
"35.6","0.56","2024-06-13T22:48:48.754Z","bid"
"35.55","0.212","2024-06-13T22:48:48.754Z","bid"
"35.36","0.14","2024-06-13T22:48:48.754Z","bid"
"35.33","0.688","2024-06-13T22:48:48.754Z","bid"
"35.32","1.962","2024-06-13T22:48:48.754Z","bid"
"35","7.153","2024-06-13T22:48:48.754Z","bid"
"34.2","0.746","2024-06-13T22:48:48.754Z","bid"
"34.15","0.458","2024-06-13T22:48:48.754Z","bid"
"34.01","0.17","2024-06-13T22:48:48.754Z","bid"
"34","7.737","2024-06-13T22:48:48.754Z","bid"
"33.33","0.449","2024-06-13T22:48:48.754Z","bid"
"33.3","0.105","2024-06-13T22:48:48.754Z","bid"
"33","21.223","2024-06-13T22:48:48.754Z","bid"
"32.92","0.397","2024-06-13T22:48:48.754Z","bid"
"32.75","0.07","2024-06-13T22:48:48.754Z","bid"
"32.55","0.061","2024-06-13T22:48:48.754Z","bid"
"32.2","0.108","2024-06-13T22:48:48.754Z","bid"
"32.1","2","2024-06-13T22:48:48.754Z","bid"
"32.06","0.31","2024-06-13T22:48:48.754Z","bid"
"32","8.332","2024-06-13T22:48:48.754Z","bid"
"31.95","0.405","2024-06-13T22:48:48.754Z","bid"
"31.55","0.063","2024-06-13T22:48:48.754Z","bid"
"31.52","0.496","2024-06-13T22:48:48.754Z","bid"
"31.49","0.1","2024-06-13T22:48:48.754Z","bid"
"31.2","0.112","2024-06-13T22:48:48.754Z","bid"
"31","0.084","2024-06-13T22:48:48.754Z","bid"
"30.25","0.3","2024-06-13T22:48:48.754Z","bid"
"30.2","0.116","2024-06-13T22:48:48.754Z","bid"
"30.01","0.042","2024-06-13T22:48:48.754Z","bid"
"30","517.426","2024-06-13T22:48:48.754Z","bid"
"29","0.08","2024-06-13T22:48:48.754Z","bid"
"28.89","0.541","2024-06-13T22:48:48.754Z","bid"
"28","37.042","2024-06-13T22:48:48.754Z","bid"
"27.72","36.363","2024-06-13T22:48:48.754Z","bid"
"27.48","3.639","2024-06-13T22:48:48.754Z","bid"
"27.29","0.479","2024-06-13T22:48:48.754Z","bid"
"27","4.517","2024-06-13T22:48:48.754Z","bid"
"26.5","1","2024-06-13T22:48:48.754Z","bid"
"26.26","0.596","2024-06-13T22:48:48.754Z","bid"
"26","1.08","2024-06-13T22:48:48.754Z","bid"
"25.89","500","2024-06-13T22:48:48.754Z","bid"
"25.68","38.726","2024-06-13T22:48:48.754Z","bid"
"25.52","3","2024-06-13T22:48:48.754Z","bid"
"25.42","0.391","2024-06-13T22:48:48.754Z","bid"
"25.05","3","2024-06-13T22:48:48.754Z","bid"
"25.04","1","2024-06-13T22:48:48.754Z","bid"
"25","260.239","2024-06-13T22:48:48.754Z","bid"
"24.85","1","2024-06-13T22:48:48.754Z","bid"
"24.13","1","2024-06-13T22:48:48.754Z","bid"
"24","4.832","2024-06-13T22:48:48.754Z","bid"
"23.64","0.661","2024-06-13T22:48:48.754Z","bid"
"23.51","4","2024-06-13T22:48:48.754Z","bid"
"23.5","1","2024-06-13T22:48:48.754Z","bid"
"23.25","4.275","2024-06-13T22:48:48.754Z","bid"
"23.07","20.457","2024-06-13T22:48:48.754Z","bid"
"23","1.188","2024-06-13T22:48:48.754Z","bid"
"22.62","0.579","2024-06-13T22:48:48.754Z","bid"
"22.46","0.44","2024-06-13T22:48:48.754Z","bid"
"22.06","50.367","2024-06-13T22:48:48.754Z","bid"
"22","3","2024-06-13T22:48:48.754Z","bid"
"21.01","0.744","2024-06-13T22:48:48.754Z","bid"
"21","2.229","2024-06-13T22:48:48.754Z","bid"
"20.5","12.195","2024-06-13T22:48:48.754Z","bid"
"20","17.444","2024-06-13T22:48:48.754Z","bid"
"19.5","1095","2024-06-13T22:48:48.754Z","bid"
"19.28","0.052","2024-06-13T22:48:48.754Z","bid"
"19","26.315","2024-06-13T22:48:48.754Z","bid"
"18.9","2","2024-06-13T22:48:48.754Z","bid"
"18.75","0.698","2024-06-13T22:48:48.754Z","bid"
"18.38","0.851","2024-06-13T22:48:48.754Z","bid"
"15.76","0.992","2024-06-13T22:48:48.754Z","bid"
"15.54","0.842","2024-06-13T22:48:48.754Z","bid"
"15","0.661","2024-06-13T22:48:48.754Z","bid"
"14.39","2.245","2024-06-13T22:48:48.754Z","bid"
"13.33","0.5","2024-06-13T22:48:48.754Z","bid"
"13.13","1.191","2024-06-13T22:48:48.754Z","bid"
"12.88","1.016","2024-06-13T22:48:48.754Z","bid"
"12","46","2024-06-13T22:48:48.754Z","bid"
"11.2","1000","2024-06-13T22:48:48.754Z","bid"
"10.89","1","2024-06-13T22:48:48.754Z","bid"
"10.68","1.226","2024-06-13T22:48:48.754Z","bid"
"8.85","1.479","2024-06-13T22:48:48.754Z","bid"
"7.77","1","2024-06-13T22:48:48.754Z","bid"
"6","0.835","2024-06-13T22:48:48.754Z","bid"
"3","50.8","2024-06-13T22:48:48.754Z","bid"
"2.6","19.115","2024-06-13T22:48:48.754Z","bid"
"1.61","0.39","2024-06-13T22:48:48.754Z","bid"
"1","0.994","2024-06-13T22:48:48.754Z","bid"
"0.87","0.992","2024-06-13T22:48:48.754Z","bid"
"0.51","9.705","2024-06-13T22:48:48.754Z","bid"
"0.33","4.5","2024-06-13T22:48:48.754Z","bid"
"0.2","5.197","2024-06-13T22:48:48.754Z","bid"
"0.1","400","2024-06-13T22:48:48.754Z","bid"
"0.07","359.97","2024-06-13T22:48:48.754Z","bid"
"0.03","9999","2024-06-13T22:48:48.754Z","bid"
"0.02","547","2024-06-13T22:48:48.754Z","bid"
"0.01","24754.812","2024-06-13T22:48:48.754Z","bid"
"475","1.002","2024-06-13T22:48:48.753Z","ask"
"477","0.448","2024-06-13T22:48:48.753Z","ask"
"478","2.023","2024-06-13T22:48:48.753Z","ask"
"479","2.5","2024-06-13T22:48:48.753Z","ask"
"480","1765.393","2024-06-13T22:48:48.753Z","ask"
"481.32","2.025","2024-06-13T22:48:48.753Z","ask"
"485","0.047","2024-06-13T22:48:48.753Z","ask"
"487","1","2024-06-13T22:48:48.753Z","ask"
"488","1.3","2024-06-13T22:48:48.753Z","ask"
"488.9","0.225","2024-06-13T22:48:48.753Z","ask"
"489","3.624","2024-06-13T22:48:48.753Z","ask"
"490","19.228","2024-06-13T22:48:48.753Z","ask"
"492","0.052","2024-06-13T22:48:48.753Z","ask"
"493","222.903","2024-06-13T22:48:48.753Z","ask"
"494","1","2024-06-13T22:48:48.753Z","ask"
"494.36","0.102","2024-06-13T22:48:48.753Z","ask"
"495","4","2024-06-13T22:48:48.753Z","ask"
"495.84","10.084","2024-06-13T22:48:48.753Z","ask"
"496","1.82","2024-06-13T22:48:48.753Z","ask"
"496.3","13.25","2024-06-13T22:48:48.753Z","ask"
"497","1","2024-06-13T22:48:48.753Z","ask"
"498","9.131","2024-06-13T22:48:48.753Z","ask"
"498.87","20","2024-06-13T22:48:48.753Z","ask"
"499","28.947","2024-06-13T22:48:48.753Z","ask"
"500","1138.273","2024-06-13T22:48:48.753Z","ask"
"500.23","1.075","2024-06-13T22:48:48.753Z","ask"
"505.99","0.5","2024-06-13T22:48:48.753Z","ask"
"508.05","1.02","2024-06-13T22:48:48.753Z","ask"
"509","2.036","2024-06-13T22:48:48.753Z","ask"
"509.4","1.479","2024-06-13T22:48:48.753Z","ask"
"509.99","5","2024-06-13T22:48:48.753Z","ask"
"510","41.068","2024-06-13T22:48:48.753Z","ask"
"510.77","0.2","2024-06-13T22:48:48.753Z","ask"
"512.45","2","2024-06-13T22:48:48.753Z","ask"
"513","3.718","2024-06-13T22:48:48.753Z","ask"
"515.94","0.052","2024-06-13T22:48:48.753Z","ask"
"516","22.541","2024-06-13T22:48:48.753Z","ask"
"518","0.852","2024-06-13T22:48:48.753Z","ask"
"519","3.364","2024-06-13T22:48:48.753Z","ask"
"519.5","25.492","2024-06-13T22:48:48.753Z","ask"
"519.86","0.301","2024-06-13T22:48:48.753Z","ask"
"520","21.631","2024-06-13T22:48:48.753Z","ask"
"521","14","2024-06-13T22:48:48.753Z","ask"
"522","10.798","2024-06-13T22:48:48.753Z","ask"
"523.95","0.103","2024-06-13T22:48:48.753Z","ask"
"524","1.6","2024-06-13T22:48:48.753Z","ask"
"524.87","20","2024-06-13T22:48:48.753Z","ask"
"525","40.734","2024-06-13T22:48:48.753Z","ask"
"526","12","2024-06-13T22:48:48.753Z","ask"
"528.3","0.467","2024-06-13T22:48:48.753Z","ask"
"529","0.028","2024-06-13T22:48:48.753Z","ask"
"529.79","0.393","2024-06-13T22:48:48.753Z","ask"
"530","0.267","2024-06-13T22:48:48.753Z","ask"
"530.76","0.022","2024-06-13T22:48:48.753Z","ask"
"531","0.061","2024-06-13T22:48:48.753Z","ask"
"535","2.15","2024-06-13T22:48:48.753Z","ask"
"535.98","2.024","2024-06-13T22:48:48.753Z","ask"
"538","0.6","2024-06-13T22:48:48.753Z","ask"
"540","6.133","2024-06-13T22:48:48.753Z","ask"
"546","9.153","2024-06-13T22:48:48.753Z","ask"
"547","45.539","2024-06-13T22:48:48.753Z","ask"
"548","1","2024-06-13T22:48:48.753Z","ask"
"548.87","20","2024-06-13T22:48:48.753Z","ask"
"549","3.183","2024-06-13T22:48:48.753Z","ask"
"550","5.899","2024-06-13T22:48:48.753Z","ask"
"551","1.072","2024-06-13T22:48:48.753Z","ask"
"555","0.117","2024-06-13T22:48:48.753Z","ask"
"558","0.609","2024-06-13T22:48:48.753Z","ask"
"559","0.18","2024-06-13T22:48:48.753Z","ask"
"561","5","2024-06-13T22:48:48.753Z","ask"
"567","2.653","2024-06-13T22:48:48.753Z","ask"
"568","10","2024-06-13T22:48:48.753Z","ask"
"570","0.176","2024-06-13T22:48:48.753Z","ask"
"570.99","0.021","2024-06-13T22:48:48.753Z","ask"
"572","17","2024-06-13T22:48:48.753Z","ask"
"574","1.906","2024-06-13T22:48:48.753Z","ask"
"574.87","10","2024-06-13T22:48:48.753Z","ask"
"580","0.03","2024-06-13T22:48:48.753Z","ask"
"583.14","0.052","2024-06-13T22:48:48.753Z","ask"
"589","1","2024-06-13T22:48:48.753Z","ask"
"590","192.946","2024-06-13T22:48:48.753Z","ask"
"592","5.071","2024-06-13T22:48:48.753Z","ask"
"592.35","0.052","2024-06-13T22:48:48.753Z","ask"
"594","1","2024-06-13T22:48:48.753Z","ask"
"598","1","2024-06-13T22:48:48.753Z","ask"
"598.87","10","2024-06-13T22:48:48.753Z","ask"
"599","5","2024-06-13T22:48:48.753Z","ask"
"600","119.439","2024-06-13T22:48:48.753Z","ask"
"601","2","2024-06-13T22:48:48.753Z","ask"
"601.8","10","2024-06-13T22:48:48.753Z","ask"
"610.89","1","2024-06-13T22:48:48.753Z","ask"
"612","4.093","2024-06-13T22:48:48.753Z","ask"
"613","1.061","2024-06-13T22:48:48.753Z","ask"
"618.12","2.024","2024-06-13T22:48:48.753Z","ask"
"620","4.104","2024-06-13T22:48:48.753Z","ask"
"624","0.5","2024-06-13T22:48:48.753Z","ask"
"624.87","10","2024-06-13T22:48:48.753Z","ask"
"625","0.34","2024-06-13T22:48:48.753Z","ask"
"626","1","2024-06-13T22:48:48.753Z","ask"
"627.98","1.077","2024-06-13T22:48:48.753Z","ask"
"628","0.059","2024-06-13T22:48:48.753Z","ask"
"630","0.474","2024-06-13T22:48:48.753Z","ask"
"630.99","0.5","2024-06-13T22:48:48.753Z","ask"
"632.55","0.03","2024-06-13T22:48:48.753Z","ask"
"636","0.12","2024-06-13T22:48:48.753Z","ask"
"638","2.079","2024-06-13T22:48:48.753Z","ask"
"639","0.05","2024-06-13T22:48:48.753Z","ask"
"642","12","2024-06-13T22:48:48.753Z","ask"
"643","3","2024-06-13T22:48:48.753Z","ask"
"644","0.501","2024-06-13T22:48:48.753Z","ask"
"646.8","0.532","2024-06-13T22:48:48.753Z","ask"
"648","1","2024-06-13T22:48:48.753Z","ask"
"648.87","5","2024-06-13T22:48:48.753Z","ask"
"649","8.703","2024-06-13T22:48:48.753Z","ask"
"650","174.29","2024-06-13T22:48:48.753Z","ask"
"658.33","0.403","2024-06-13T22:48:48.753Z","ask"
"661","19.105","2024-06-13T22:48:48.753Z","ask"
"668.76","0.052","2024-06-13T22:48:48.753Z","ask"
"670","0.31","2024-06-13T22:48:48.753Z","ask"
"674","1","2024-06-13T22:48:48.753Z","ask"
"674.87","5","2024-06-13T22:48:48.753Z","ask"
"675","3.35","2024-06-13T22:48:48.753Z","ask"
"678","0.055","2024-06-13T22:48:48.753Z","ask"
"680","7.579","2024-06-13T22:48:48.753Z","ask"
"684","0.75","2024-06-13T22:48:48.753Z","ask"
"688","0.016","2024-06-13T22:48:48.753Z","ask"
"689","1","2024-06-13T22:48:48.753Z","ask"
"690","1.01","2024-06-13T22:48:48.753Z","ask"
"694","1","2024-06-13T22:48:48.753Z","ask"
"698","1.172","2024-06-13T22:48:48.753Z","ask"
"698.49","15","2024-06-13T22:48:48.753Z","ask"
"698.87","5","2024-06-13T22:48:48.753Z","ask"
"699","3.079","2024-06-13T22:48:48.753Z","ask"
"699.99","0.017","2024-06-13T22:48:48.753Z","ask"
"700","37.685","2024-06-13T22:48:48.753Z","ask"
"700.26","2.024","2024-06-13T22:48:48.753Z","ask"
"700.4","0.148","2024-06-13T22:48:48.753Z","ask"
"705","5.051","2024-06-13T22:48:48.753Z","ask"
"710","5.995","2024-06-13T22:48:48.753Z","ask"
"714.72","17.085","2024-06-13T22:48:48.753Z","ask"
"714.9","0.211","2024-06-13T22:48:48.753Z","ask"
"715","0.667","2024-06-13T22:48:48.753Z","ask"
"724.87","5","2024-06-13T22:48:48.753Z","ask"
"725","0.03","2024-06-13T22:48:48.753Z","ask"
"727.3","0.07","2024-06-13T22:48:48.753Z","ask"
"730","2.047","2024-06-13T22:48:48.753Z","ask"
"731","0.007","2024-06-13T22:48:48.753Z","ask"
"735","0.272","2024-06-13T22:48:48.753Z","ask"
"738","0.5","2024-06-13T22:48:48.753Z","ask"
"738.4","6","2024-06-13T22:48:48.753Z","ask"
"739","2.02","2024-06-13T22:48:48.753Z","ask"
"740","2.036","2024-06-13T22:48:48.753Z","ask"
"743","29.569","2024-06-13T22:48:48.753Z","ask"
"744","0.827","2024-06-13T22:48:48.753Z","ask"
"745.17","0.052","2024-06-13T22:48:48.753Z","ask"
"748","1","2024-06-13T22:48:48.753Z","ask"
"748.87","5","2024-06-13T22:48:48.753Z","ask"
"749.99","2.069","2024-06-13T22:48:48.753Z","ask"
"750","125.63","2024-06-13T22:48:48.753Z","ask"
"755","18.853","2024-06-13T22:48:48.753Z","ask"
"756","2.031","2024-06-13T22:48:48.753Z","ask"
"760","310","2024-06-13T22:48:48.753Z","ask"
"769","1","2024-06-13T22:48:48.753Z","ask"
"770","1","2024-06-13T22:48:48.753Z","ask"
"773","1.54","2024-06-13T22:48:48.753Z","ask"
"774.87","5","2024-06-13T22:48:48.753Z","ask"
"775","1.374","2024-06-13T22:48:48.753Z","ask"
"777","1.042","2024-06-13T22:48:48.753Z","ask"
"780","17.699","2024-06-13T22:48:48.753Z","ask"
"782.41","2.024","2024-06-13T22:48:48.753Z","ask"
"783.82","0.135","2024-06-13T22:48:48.753Z","ask"
"783.83","0.25","2024-06-13T22:48:48.753Z","ask"
"783.84","0.115","2024-06-13T22:48:48.753Z","ask"
"785","0.138","2024-06-13T22:48:48.753Z","ask"
"788","6","2024-06-13T22:48:48.753Z","ask"
"789","1.067","2024-06-13T22:48:48.753Z","ask"
"789.1","0.02","2024-06-13T22:48:48.753Z","ask"
"790","0.253","2024-06-13T22:48:48.753Z","ask"
"793","3.983","2024-06-13T22:48:48.753Z","ask"
"794","1","2024-06-13T22:48:48.753Z","ask"
"795.6","1","2024-06-13T22:48:48.753Z","ask"
"798","1","2024-06-13T22:48:48.753Z","ask"
"798.87","5","2024-06-13T22:48:48.753Z","ask"
"799","2.3","2024-06-13T22:48:48.753Z","ask"
"800","373.909","2024-06-13T22:48:48.753Z","ask"
"803.26","0.79","2024-06-13T22:48:48.753Z","ask"
"810.89","1","2024-06-13T22:48:48.753Z","ask"
"813.71","7.113","2024-06-13T22:48:48.753Z","ask"
"815","109.979","2024-06-13T22:48:48.753Z","ask"
"820","6.094","2024-06-13T22:48:48.753Z","ask"
"821.58","0.052","2024-06-13T22:48:48.753Z","ask"
"823","0.15","2024-06-13T22:48:48.753Z","ask"
"823.82","1.575","2024-06-13T22:48:48.753Z","ask"
"824.87","5","2024-06-13T22:48:48.753Z","ask"
"830","0.036","2024-06-13T22:48:48.753Z","ask"
"832","25","2024-06-13T22:48:48.753Z","ask"
"835","0.022","2024-06-13T22:48:48.753Z","ask"
"838","0.03","2024-06-13T22:48:48.753Z","ask"
"840","3.359","2024-06-13T22:48:48.753Z","ask"
"843.4","0.03","2024-06-13T22:48:48.753Z","ask"
"844.3","7.763","2024-06-13T22:48:48.753Z","ask"
"848","1","2024-06-13T22:48:48.753Z","ask"
"848.87","5","2024-06-13T22:48:48.753Z","ask"
"850","47.136","2024-06-13T22:48:48.753Z","ask"
"851","8.279","2024-06-13T22:48:48.753Z","ask"
"852.84","3.04","2024-06-13T22:48:48.753Z","ask"
"854.8","0.323","2024-06-13T22:48:48.753Z","ask"
"854.92","2.288","2024-06-13T22:48:48.753Z","ask"
"855","0.75","2024-06-13T22:48:48.753Z","ask"
"856.35","3","2024-06-13T22:48:48.753Z","ask"
"860","0.03","2024-06-13T22:48:48.753Z","ask"
"861.81","8.042","2024-06-13T22:48:48.753Z","ask"
"862.4","4.9","2024-06-13T22:48:48.753Z","ask"
"864.55","2.024","2024-06-13T22:48:48.753Z","ask"
"865","4.169","2024-06-13T22:48:48.753Z","ask"
"867.77","2.185","2024-06-13T22:48:48.753Z","ask"
"870","1.171","2024-06-13T22:48:48.753Z","ask"
"874.87","5","2024-06-13T22:48:48.753Z","ask"
"875","0.253","2024-06-13T22:48:48.753Z","ask"
"878","0.03","2024-06-13T22:48:48.753Z","ask"
"880","1.45","2024-06-13T22:48:48.753Z","ask"
"885","22.881","2024-06-13T22:48:48.753Z","ask"
"887","1","2024-06-13T22:48:48.753Z","ask"
"888.88","0.998","2024-06-13T22:48:48.753Z","ask"
"889","1","2024-06-13T22:48:48.753Z","ask"
"890","1.123","2024-06-13T22:48:48.753Z","ask"
"894","1","2024-06-13T22:48:48.753Z","ask"
"895","0.03","2024-06-13T22:48:48.753Z","ask"
"897.99","0.052","2024-06-13T22:48:48.753Z","ask"
"898","5.555","2024-06-13T22:48:48.753Z","ask"
"898.87","5","2024-06-13T22:48:48.753Z","ask"
"899","8.546","2024-06-13T22:48:48.753Z","ask"
"899.99","10","2024-06-13T22:48:48.753Z","ask"
"900","1159.46","2024-06-13T22:48:48.753Z","ask"
"901","0.74","2024-06-13T22:48:48.753Z","ask"
"902","0.799","2024-06-13T22:48:48.753Z","ask"
"904.7","0.002","2024-06-13T22:48:48.753Z","ask"
"905","3.315","2024-06-13T22:48:48.753Z","ask"
"908","0.03","2024-06-13T22:48:48.753Z","ask"
"909","5.316","2024-06-13T22:48:48.753Z","ask"
"909.99","3","2024-06-13T22:48:48.753Z","ask"
"910","5.765","2024-06-13T22:48:48.753Z","ask"
"911","191","2024-06-13T22:48:48.753Z","ask"
"911.2","2.591","2024-06-13T22:48:48.753Z","ask"
"911.92","0.018","2024-06-13T22:48:48.753Z","ask"
"912","8.098","2024-06-13T22:48:48.753Z","ask"
"915","37.341","2024-06-13T22:48:48.753Z","ask"
"915.6","5.49","2024-06-13T22:48:48.753Z","ask"
"915.61","0.25","2024-06-13T22:48:48.753Z","ask"
"924.87","5","2024-06-13T22:48:48.753Z","ask"
"925","10","2024-06-13T22:48:48.753Z","ask"
"938","1","2024-06-13T22:48:48.753Z","ask"
"941.54","1","2024-06-13T22:48:48.753Z","ask"
"944","1","2024-06-13T22:48:48.753Z","ask"
"946.7","2.024","2024-06-13T22:48:48.753Z","ask"
"948","1","2024-06-13T22:48:48.753Z","ask"
"948.87","5","2024-06-13T22:48:48.753Z","ask"
"949","1","2024-06-13T22:48:48.753Z","ask"
"950","13.906","2024-06-13T22:48:48.753Z","ask"
"974","1","2024-06-13T22:48:48.753Z","ask"
"974.4","0.052","2024-06-13T22:48:48.753Z","ask"
"974.87","5","2024-06-13T22:48:48.753Z","ask"
"975.52","0.885","2024-06-13T22:48:48.753Z","ask"
"985.55","2.358","2024-06-13T22:48:48.753Z","ask"
"988","6.46","2024-06-13T22:48:48.753Z","ask"
"990","6.266","2024-06-13T22:48:48.753Z","ask"
"991.68","10.079","2024-06-13T22:48:48.753Z","ask"
"992","1.158","2024-06-13T22:48:48.753Z","ask"
"994","1","2024-06-13T22:48:48.753Z","ask"
"995","1.442","2024-06-13T22:48:48.753Z","ask"
"998.87","5","2024-06-13T22:48:48.753Z","ask"
"999","37.405","2024-06-13T22:48:48.753Z","ask"
"999.01","50","2024-06-13T22:48:48.753Z","ask"
"1000","285.348","2024-06-13T22:48:48.753Z","ask"
"1005.6","6.001","2024-06-13T22:48:48.753Z","ask"
"1010","0.069","2024-06-13T22:48:48.753Z","ask"
"1028.84","2.024","2024-06-13T22:48:48.753Z","ask"
"1040","0.5","2024-06-13T22:48:48.753Z","ask"
"1045","3.701","2024-06-13T22:48:48.753Z","ask"
"1048.87","10","2024-06-13T22:48:48.753Z","ask"
"1050","40.846","2024-06-13T22:48:48.753Z","ask"
"1050.82","0.052","2024-06-13T22:48:48.753Z","ask"
"1054.25","0.03","2024-06-13T22:48:48.753Z","ask"
"1068.75","0.75","2024-06-13T22:48:48.753Z","ask"
"1070","8.321","2024-06-13T22:48:48.753Z","ask"
"1098.87","10","2024-06-13T22:48:48.753Z","ask"
"1099.99","2","2024-06-13T22:48:48.753Z","ask"
"1100","1.924","2024-06-13T22:48:48.753Z","ask"
"1110.99","2.024","2024-06-13T22:48:48.753Z","ask"
"1119","8.5","2024-06-13T22:48:48.753Z","ask"
"1127.24","0.052","2024-06-13T22:48:48.753Z","ask"
"1141.06","0.052","2024-06-13T22:48:48.753Z","ask"
"1144","1","2024-06-13T22:48:48.753Z","ask"
"1170","0.5","2024-06-13T22:48:48.753Z","ask"
"1177.15","0.098","2024-06-13T22:48:48.753Z","ask"
"1193.13","2.024","2024-06-13T22:48:48.753Z","ask"
"1199","1.325","2024-06-13T22:48:48.753Z","ask"
"1200","37.677","2024-06-13T22:48:48.753Z","ask"
"1223","19.852","2024-06-13T22:48:48.753Z","ask"
"1243","102.463","2024-06-13T22:48:48.753Z","ask"
"1265.1","0.03","2024-06-13T22:48:48.753Z","ask"
"1270","346.339","2024-06-13T22:48:48.753Z","ask"
"1275.28","2.025","2024-06-13T22:48:48.753Z","ask"
"1300","17.215","2024-06-13T22:48:48.753Z","ask"
"1333","0.047","2024-06-13T22:48:48.753Z","ask"
"1335.94","0.75","2024-06-13T22:48:48.753Z","ask"
"1350","2.118","2024-06-13T22:48:48.753Z","ask"
"1364","1","2024-06-13T22:48:48.753Z","ask"
"1380","0.12","2024-06-13T22:48:48.753Z","ask"
"1400","31","2024-06-13T22:48:48.753Z","ask"
"1430","0.333","2024-06-13T22:48:48.753Z","ask"
"1449","0.1","2024-06-13T22:48:48.753Z","ask"
"1450","9.681","2024-06-13T22:48:48.753Z","ask"
"1457.34","8","2024-06-13T22:48:48.753Z","ask"
"1458","0.203","2024-06-13T22:48:48.753Z","ask"
"1475.95","0.03","2024-06-13T22:48:48.753Z","ask"
"1494","20.2","2024-06-13T22:48:48.753Z","ask"
"1495","1","2024-06-13T22:48:48.753Z","ask"
"1495.89","1","2024-06-13T22:48:48.753Z","ask"
"1499","0.3","2024-06-13T22:48:48.753Z","ask"
"1500","8.62","2024-06-13T22:48:48.753Z","ask"
"1550","1.57","2024-06-13T22:48:48.753Z","ask"
"1600","3.236","2024-06-13T22:48:48.753Z","ask"
"1622","9.615","2024-06-13T22:48:48.753Z","ask"
"1666","0.25","2024-06-13T22:48:48.753Z","ask"
"1669.92","0.75","2024-06-13T22:48:48.753Z","ask"
"1686.8","0.03","2024-06-13T22:48:48.753Z","ask"
"1700","0.062","2024-06-13T22:48:48.753Z","ask"
"1800","6.228","2024-06-13T22:48:48.753Z","ask"
"1810.52","4.908","2024-06-13T22:48:48.753Z","ask"
"1850","1.5","2024-06-13T22:48:48.753Z","ask"
"1855","2.5","2024-06-13T22:48:48.753Z","ask"
"1880.2","0.3","2024-06-13T22:48:48.753Z","ask"
"1900","1","2024-06-13T22:48:48.753Z","ask"
"1975","0.12","2024-06-13T22:48:48.753Z","ask"
"1984","1","2024-06-13T22:48:48.753Z","ask"
"1989.89","1","2024-06-13T22:48:48.753Z","ask"
"2000","9.202","2024-06-13T22:48:48.753Z","ask"
"2075","1","2024-06-13T22:48:48.753Z","ask"
"2078","0.05","2024-06-13T22:48:48.753Z","ask"
"2079","0.101","2024-06-13T22:48:48.753Z","ask"
"2087.4","0.75","2024-06-13T22:48:48.753Z","ask"
"2090.89","1","2024-06-13T22:48:48.753Z","ask"
"2100","13.635","2024-06-13T22:48:48.753Z","ask"
"2200","4.671","2024-06-13T22:48:48.753Z","ask"
"2280","0.25","2024-06-13T22:48:48.753Z","ask"
"2300","7.057","2024-06-13T22:48:48.753Z","ask"
"2319.35","0.058","2024-06-13T22:48:48.753Z","ask"
"2338","0.1","2024-06-13T22:48:48.753Z","ask"
"2340","0.203","2024-06-13T22:48:48.753Z","ask"
"2400","7.309","2024-06-13T22:48:48.753Z","ask"
"2495","1.353","2024-06-13T22:48:48.753Z","ask"
"2500","2.588","2024-06-13T22:48:48.753Z","ask"
"2548","3","2024-06-13T22:48:48.753Z","ask"
"2755","2.447","2024-06-13T22:48:48.753Z","ask"
"2900","1","2024-06-13T22:48:48.753Z","ask"
"3090.89","1","2024-06-13T22:48:48.753Z","ask"
"3500","1.046","2024-06-13T22:48:48.753Z","ask"
"3620","0.12","2024-06-13T22:48:48.753Z","ask"
"3650","3.001","2024-06-13T22:48:48.753Z","ask"
"3675","45","2024-06-13T22:48:48.753Z","ask"
"3765","0.05","2024-06-13T22:48:48.753Z","ask"
"3770","0.101","2024-06-13T22:48:48.753Z","ask"
"3968","1","2024-06-13T22:48:48.753Z","ask"
"4089.89","1","2024-06-13T22:48:48.753Z","ask"
"4400","5","2024-06-13T22:48:48.753Z","ask"
"4500","3","2024-06-13T22:48:48.753Z","ask"
"4600","1","2024-06-13T22:48:48.753Z","ask"
"5000","1","2024-06-13T22:48:48.753Z","ask"
"5089.89","1","2024-06-13T22:48:48.753Z","ask"
"5655.53","6","2024-06-13T22:48:48.753Z","ask"
"7936","1","2024-06-13T22:48:48.753Z","ask"
"8000","1.706","2024-06-13T22:48:48.753Z","ask"
"9999","0.019","2024-06-13T22:48:48.753Z","ask"
"10000","4.043","2024-06-13T22:48:48.753Z","ask"
"15872","1.46","2024-06-13T22:48:48.753Z","ask"
"18802","0.3","2024-06-13T22:48:48.753Z","ask"
"40000","0.03","2024-06-13T22:48:48.753Z","ask"
"50000","1","2024-06-13T22:48:48.753Z","ask"
"77777","0.04","2024-06-13T22:48:48.753Z","ask"
"120000","1","2024-06-13T22:48:48.753Z","ask"
"51.87","11.639","2024-06-13T22:48:48.753Z","bid"
"51.86","7.979","2024-06-13T22:48:48.753Z","bid"
"51.85","5","2024-06-13T22:48:48.753Z","bid"
"51.84","22.943","2024-06-13T22:48:48.753Z","bid"
"51.82","5","2024-06-13T22:48:48.753Z","bid"
"51.81","17.785","2024-06-13T22:48:48.753Z","bid"
"51.8","98.37","2024-06-13T22:48:48.753Z","bid"
"51.79","10.056","2024-06-13T22:48:48.753Z","bid"
"51.78","0.907","2024-06-13T22:48:48.753Z","bid"
"51.77","96.57","2024-06-13T22:48:48.753Z","bid"
"51.76","21.46","2024-06-13T22:48:48.753Z","bid"
"51.74","67.768","2024-06-13T22:48:48.753Z","bid"
"51.72","85.665","2024-06-13T22:48:48.753Z","bid"
"51.71","3.627","2024-06-13T22:48:48.753Z","bid"
"51.7","23.391","2024-06-13T22:48:48.753Z","bid"
"51.68","96.734","2024-06-13T22:48:48.753Z","bid"
"51.67","4.534","2024-06-13T22:48:48.753Z","bid"
"51.66","26.052","2024-06-13T22:48:48.753Z","bid"
"51.62","38.775","2024-06-13T22:48:48.753Z","bid"
"51.57","9.068","2024-06-13T22:48:48.753Z","bid"
"51.48","3.881","2024-06-13T22:48:48.753Z","bid"
"51.43","75.707","2024-06-13T22:48:48.753Z","bid"
"51.3","26.052","2024-06-13T22:48:48.753Z","bid"
"51.27","74.558","2024-06-13T22:48:48.753Z","bid"
"51.25","13.602","2024-06-13T22:48:48.753Z","bid"
"51.06","0.823","2024-06-13T22:48:48.753Z","bid"
"51","13.072","2024-06-13T22:48:48.753Z","bid"
"50.92","1.316","2024-06-13T22:48:48.753Z","bid"
"50.86","13.072","2024-06-13T22:48:48.753Z","bid"
"50.8","10","2024-06-13T22:48:48.753Z","bid"
"50.74","71.687","2024-06-13T22:48:48.753Z","bid"
"156.5","9","2024-06-13T22:48:48.752Z","ask"
"156.71","0.038","2024-06-13T22:48:48.752Z","ask"
"157","9","2024-06-13T22:48:48.752Z","ask"
"157.98","0.961","2024-06-13T22:48:48.752Z","ask"
"158","0.4","2024-06-13T22:48:48.752Z","ask"
"158.44","0.5","2024-06-13T22:48:48.752Z","ask"
"159","1","2024-06-13T22:48:48.752Z","ask"
"159.48","2","2024-06-13T22:48:48.752Z","ask"
"159.97","5","2024-06-13T22:48:48.752Z","ask"
"160","8.204","2024-06-13T22:48:48.752Z","ask"
"161","30.03","2024-06-13T22:48:48.752Z","ask"
"161.01","1.301","2024-06-13T22:48:48.752Z","ask"
"161.11","20.097","2024-06-13T22:48:48.752Z","ask"
"161.47","0.145","2024-06-13T22:48:48.752Z","ask"
"162","0.2","2024-06-13T22:48:48.752Z","ask"
"162.38","39.75","2024-06-13T22:48:48.752Z","ask"
"162.53","25","2024-06-13T22:48:48.752Z","ask"
"163","0.2","2024-06-13T22:48:48.752Z","ask"
"163.47","1.8","2024-06-13T22:48:48.752Z","ask"
"164","1.251","2024-06-13T22:48:48.752Z","ask"
"164.89","1","2024-06-13T22:48:48.752Z","ask"
"165","6.581","2024-06-13T22:48:48.752Z","ask"
"165.94","0.17","2024-06-13T22:48:48.752Z","ask"
"166","18.65","2024-06-13T22:48:48.752Z","ask"
"166.55","0.72","2024-06-13T22:48:48.752Z","ask"
"166.65","1.692","2024-06-13T22:48:48.752Z","ask"
"166.92","0.115","2024-06-13T22:48:48.752Z","ask"
"167","5.525","2024-06-13T22:48:48.752Z","ask"
"168","12.704","2024-06-13T22:48:48.752Z","ask"
"168.89","1","2024-06-13T22:48:48.752Z","ask"
"169","11.595","2024-06-13T22:48:48.752Z","ask"
"169.48","2","2024-06-13T22:48:48.752Z","ask"
"169.52","0.425","2024-06-13T22:48:48.752Z","ask"
"169.68","0.117","2024-06-13T22:48:48.752Z","ask"
"169.74","4.04","2024-06-13T22:48:48.752Z","ask"
"170","9.979","2024-06-13T22:48:48.752Z","ask"
"170.5","1.539","2024-06-13T22:48:48.752Z","ask"
"171","5.1","2024-06-13T22:48:48.752Z","ask"
"171.12","0.45","2024-06-13T22:48:48.752Z","ask"
"172","94.735","2024-06-13T22:48:48.752Z","ask"
"172.46","0.099","2024-06-13T22:48:48.752Z","ask"
"173","15.099","2024-06-13T22:48:48.752Z","ask"
"174","1","2024-06-13T22:48:48.752Z","ask"
"174.47","1.8","2024-06-13T22:48:48.752Z","ask"
"174.87","5","2024-06-13T22:48:48.752Z","ask"
"174.89","2","2024-06-13T22:48:48.752Z","ask"
"175","139.306","2024-06-13T22:48:48.752Z","ask"
"175.13","1.301","2024-06-13T22:48:48.752Z","ask"
"175.5","0.572","2024-06-13T22:48:48.752Z","ask"
"175.8","11","2024-06-13T22:48:48.752Z","ask"
"176.04","0.575","2024-06-13T22:48:48.752Z","ask"
"176.21","22.634","2024-06-13T22:48:48.752Z","ask"
"176.66","2.022","2024-06-13T22:48:48.752Z","ask"
"177.11","20.096","2024-06-13T22:48:48.752Z","ask"
"177.77","54.167","2024-06-13T22:48:48.752Z","ask"
"178","0.054","2024-06-13T22:48:48.752Z","ask"
"178.89","1","2024-06-13T22:48:48.752Z","ask"
"179","4.101","2024-06-13T22:48:48.752Z","ask"
"179.48","1","2024-06-13T22:48:48.752Z","ask"
"179.55","0.756","2024-06-13T22:48:48.752Z","ask"
"179.84","0.615","2024-06-13T22:48:48.752Z","ask"
"180","211.067","2024-06-13T22:48:48.752Z","ask"
"183.53","0.139","2024-06-13T22:48:48.752Z","ask"
"184","1","2024-06-13T22:48:48.752Z","ask"
"184.2","0.5","2024-06-13T22:48:48.752Z","ask"
"185","0.544","2024-06-13T22:48:48.752Z","ask"
"185.1","5.754","2024-06-13T22:48:48.752Z","ask"
"185.99","0.25","2024-06-13T22:48:48.752Z","ask"
"186","34.226","2024-06-13T22:48:48.752Z","ask"
"187","16.775","2024-06-13T22:48:48.752Z","ask"
"188","2.235","2024-06-13T22:48:48.752Z","ask"
"188.02","3","2024-06-13T22:48:48.752Z","ask"
"188.37","1","2024-06-13T22:48:48.752Z","ask"
"188.71","0.2","2024-06-13T22:48:48.752Z","ask"
"188.72","0.16","2024-06-13T22:48:48.752Z","ask"
"188.89","2","2024-06-13T22:48:48.752Z","ask"
"189","4.23","2024-06-13T22:48:48.752Z","ask"
"189.25","1.305","2024-06-13T22:48:48.752Z","ask"
"189.48","2","2024-06-13T22:48:48.752Z","ask"
"190","3.617","2024-06-13T22:48:48.752Z","ask"
"192.73","0.3","2024-06-13T22:48:48.752Z","ask"
"193.4","1.434","2024-06-13T22:48:48.752Z","ask"
"193.89","1","2024-06-13T22:48:48.752Z","ask"
"194.44","1","2024-06-13T22:48:48.752Z","ask"
"194.89","2","2024-06-13T22:48:48.752Z","ask"
"195","4.061","2024-06-13T22:48:48.752Z","ask"
"197","0.03","2024-06-13T22:48:48.752Z","ask"
"197.48","2","2024-06-13T22:48:48.752Z","ask"
"198","21","2024-06-13T22:48:48.752Z","ask"
"198.74","8.08","2024-06-13T22:48:48.752Z","ask"
"198.8","14.901","2024-06-13T22:48:48.752Z","ask"
"198.87","5","2024-06-13T22:48:48.752Z","ask"
"198.89","2.953","2024-06-13T22:48:48.752Z","ask"
"198.97","0.5","2024-06-13T22:48:48.752Z","ask"
"199","7.051","2024-06-13T22:48:48.752Z","ask"
"199.8","2","2024-06-13T22:48:48.752Z","ask"
"199.97","0.055","2024-06-13T22:48:48.752Z","ask"
"200","1929.284","2024-06-13T22:48:48.752Z","ask"
"201","5.5","2024-06-13T22:48:48.752Z","ask"
"201.5","2.273","2024-06-13T22:48:48.752Z","ask"
"202","7.638","2024-06-13T22:48:48.752Z","ask"
"202.24","0.5","2024-06-13T22:48:48.752Z","ask"
"203","16.477","2024-06-13T22:48:48.752Z","ask"
"204","0.066","2024-06-13T22:48:48.752Z","ask"
"204.84","2.024","2024-06-13T22:48:48.752Z","ask"
"205","5.902","2024-06-13T22:48:48.752Z","ask"
"205.2","0.367","2024-06-13T22:48:48.752Z","ask"
"205.49","5.28","2024-06-13T22:48:48.752Z","ask"
"207.84","24.203","2024-06-13T22:48:48.752Z","ask"
"208","7","2024-06-13T22:48:48.752Z","ask"
"210","50.2","2024-06-13T22:48:48.752Z","ask"
"210.3","0.052","2024-06-13T22:48:48.752Z","ask"
"211.26","0.567","2024-06-13T22:48:48.752Z","ask"
"212","15.5","2024-06-13T22:48:48.752Z","ask"
"213","33","2024-06-13T22:48:48.752Z","ask"
"215","1.957","2024-06-13T22:48:48.752Z","ask"
"216","0.121","2024-06-13T22:48:48.752Z","ask"
"216.25","0.25","2024-06-13T22:48:48.752Z","ask"
"218.12","10","2024-06-13T22:48:48.752Z","ask"
"218.91","25","2024-06-13T22:48:48.752Z","ask"
"219","62.976","2024-06-13T22:48:48.752Z","ask"
"220","514.788","2024-06-13T22:48:48.752Z","ask"
"222","12.357","2024-06-13T22:48:48.752Z","ask"
"222.48","0.18","2024-06-13T22:48:48.752Z","ask"
"223","0.39","2024-06-13T22:48:48.752Z","ask"
"223.7","0.045","2024-06-13T22:48:48.752Z","ask"
"224","3.205","2024-06-13T22:48:48.752Z","ask"
"224.87","10","2024-06-13T22:48:48.752Z","ask"
"225","9.745","2024-06-13T22:48:48.752Z","ask"
"228","10.025","2024-06-13T22:48:48.752Z","ask"
"229","1","2024-06-13T22:48:48.752Z","ask"
"230","44.861","2024-06-13T22:48:48.752Z","ask"
"234","22.07","2024-06-13T22:48:48.752Z","ask"
"234.55","6","2024-06-13T22:48:48.752Z","ask"
"234.75","3.516","2024-06-13T22:48:48.752Z","ask"
"235.45","8","2024-06-13T22:48:48.752Z","ask"
"235.55","2.024","2024-06-13T22:48:48.752Z","ask"
"236.58","6.162","2024-06-13T22:48:48.752Z","ask"
"238","10","2024-06-13T22:48:48.752Z","ask"
"238.2","3.188","2024-06-13T22:48:48.752Z","ask"
"239","1","2024-06-13T22:48:48.752Z","ask"
"239.66","33.125","2024-06-13T22:48:48.752Z","ask"
"239.75","0.059","2024-06-13T22:48:48.752Z","ask"
"240","101.606","2024-06-13T22:48:48.752Z","ask"
"242","6.214","2024-06-13T22:48:48.752Z","ask"
"243","82.641","2024-06-13T22:48:48.752Z","ask"
"244","1","2024-06-13T22:48:48.752Z","ask"
"244.89","1","2024-06-13T22:48:48.752Z","ask"
"245","47.79","2024-06-13T22:48:48.752Z","ask"
"245.1","507.714","2024-06-13T22:48:48.752Z","ask"
"247","2.48","2024-06-13T22:48:48.752Z","ask"
"247.92","20.168","2024-06-13T22:48:48.752Z","ask"
"248","1.95","2024-06-13T22:48:48.752Z","ask"
"248.87","10","2024-06-13T22:48:48.752Z","ask"
"248.89","1","2024-06-13T22:48:48.752Z","ask"
"249","5","2024-06-13T22:48:48.752Z","ask"
"249.77","158.218","2024-06-13T22:48:48.752Z","ask"
"250","236.726","2024-06-13T22:48:48.752Z","ask"
"250.26","0.15","2024-06-13T22:48:48.752Z","ask"
"252","30.081","2024-06-13T22:48:48.752Z","ask"
"254.03","0.039","2024-06-13T22:48:48.752Z","ask"
"255","1","2024-06-13T22:48:48.752Z","ask"
"255.99","0.25","2024-06-13T22:48:48.752Z","ask"
"256","775.24","2024-06-13T22:48:48.752Z","ask"
"257","1.922","2024-06-13T22:48:48.752Z","ask"
"258","0.39","2024-06-13T22:48:48.752Z","ask"
"259.5","0.25","2024-06-13T22:48:48.752Z","ask"
"260","19.753","2024-06-13T22:48:48.752Z","ask"
"261","0.05","2024-06-13T22:48:48.752Z","ask"
"263","1","2024-06-13T22:48:48.752Z","ask"
"263.9","0.5","2024-06-13T22:48:48.752Z","ask"
"263.96","0.137","2024-06-13T22:48:48.752Z","ask"
"264","5.798","2024-06-13T22:48:48.752Z","ask"
"265","3.482","2024-06-13T22:48:48.752Z","ask"
"266.27","2.024","2024-06-13T22:48:48.752Z","ask"
"267.46","8","2024-06-13T22:48:48.752Z","ask"
"269","1","2024-06-13T22:48:48.752Z","ask"
"271","2.129","2024-06-13T22:48:48.752Z","ask"
"271.71","3.096","2024-06-13T22:48:48.752Z","ask"
"272","0.8","2024-06-13T22:48:48.752Z","ask"
"273","107.887","2024-06-13T22:48:48.752Z","ask"
"274","1","2024-06-13T22:48:48.752Z","ask"
"274.87","10","2024-06-13T22:48:48.752Z","ask"
"275","11.36","2024-06-13T22:48:48.752Z","ask"
"276","1","2024-06-13T22:48:48.752Z","ask"
"276.53","0.75","2024-06-13T22:48:48.752Z","ask"
"277","0.709","2024-06-13T22:48:48.752Z","ask"
"279","17","2024-06-13T22:48:48.752Z","ask"
"280","7.558","2024-06-13T22:48:48.752Z","ask"
"281.5","4.308","2024-06-13T22:48:48.752Z","ask"
"281.68","0.567","2024-06-13T22:48:48.752Z","ask"
"283","10","2024-06-13T22:48:48.752Z","ask"
"284","5.041","2024-06-13T22:48:48.752Z","ask"
"285.11","0.707","2024-06-13T22:48:48.752Z","ask"
"286.4","0.037","2024-06-13T22:48:48.752Z","ask"
"286.71","0.052","2024-06-13T22:48:48.752Z","ask"
"287.07","0.176","2024-06-13T22:48:48.752Z","ask"
"288.89","1","2024-06-13T22:48:48.752Z","ask"
"289","1","2024-06-13T22:48:48.752Z","ask"
"290","47.883","2024-06-13T22:48:48.752Z","ask"
"293.89","1","2024-06-13T22:48:48.752Z","ask"
"294","6.115","2024-06-13T22:48:48.752Z","ask"
"294.44","1","2024-06-13T22:48:48.752Z","ask"
"294.63","25","2024-06-13T22:48:48.752Z","ask"
"294.89","1","2024-06-13T22:48:48.752Z","ask"
"295","0.022","2024-06-13T22:48:48.752Z","ask"
"296.99","2.024","2024-06-13T22:48:48.752Z","ask"
"297","6.763","2024-06-13T22:48:48.752Z","ask"
"297.48","1","2024-06-13T22:48:48.752Z","ask"
"298.87","10","2024-06-13T22:48:48.752Z","ask"
"298.89","1","2024-06-13T22:48:48.752Z","ask"
"298.94","1","2024-06-13T22:48:48.752Z","ask"
"299","10.724","2024-06-13T22:48:48.752Z","ask"
"299.48","1","2024-06-13T22:48:48.752Z","ask"
"299.55","0.756","2024-06-13T22:48:48.752Z","ask"
"300","375.235","2024-06-13T22:48:48.752Z","ask"
"301.33","0.039","2024-06-13T22:48:48.752Z","ask"
"301.94","0.185","2024-06-13T22:48:48.752Z","ask"
"302.75","0.25","2024-06-13T22:48:48.752Z","ask"
"305","3.183","2024-06-13T22:48:48.752Z","ask"
"306.33","0.06","2024-06-13T22:48:48.752Z","ask"
"311","0.057","2024-06-13T22:48:48.752Z","ask"
"312.57","19.875","2024-06-13T22:48:48.752Z","ask"
"315","5.32","2024-06-13T22:48:48.752Z","ask"
"318","5.379","2024-06-13T22:48:48.752Z","ask"
"319","1","2024-06-13T22:48:48.752Z","ask"
"320","2.856","2024-06-13T22:48:48.752Z","ask"
"323.35","0.156","2024-06-13T22:48:48.752Z","ask"
"324","4.642","2024-06-13T22:48:48.752Z","ask"
"324.5","0.1","2024-06-13T22:48:48.752Z","ask"
"324.87","15","2024-06-13T22:48:48.752Z","ask"
"324.89","1","2024-06-13T22:48:48.752Z","ask"
"325","26.137","2024-06-13T22:48:48.752Z","ask"
"327.71","2.024","2024-06-13T22:48:48.752Z","ask"
"329","1","2024-06-13T22:48:48.752Z","ask"
"330","15.067","2024-06-13T22:48:48.752Z","ask"
"330.3","1.576","2024-06-13T22:48:48.752Z","ask"
"331","1","2024-06-13T22:48:48.752Z","ask"
"333","51.559","2024-06-13T22:48:48.752Z","ask"
"334","6.426","2024-06-13T22:48:48.752Z","ask"
"338","99.991","2024-06-13T22:48:48.752Z","ask"
"339","1","2024-06-13T22:48:48.752Z","ask"
"339.36","0.234","2024-06-13T22:48:48.752Z","ask"
"340","28.678","2024-06-13T22:48:48.752Z","ask"
"344.89","1","2024-06-13T22:48:48.752Z","ask"
"346","0.25","2024-06-13T22:48:48.752Z","ask"
"347","1","2024-06-13T22:48:48.752Z","ask"
"348.87","15","2024-06-13T22:48:48.752Z","ask"
"348.89","1","2024-06-13T22:48:48.752Z","ask"
"349","37.556","2024-06-13T22:48:48.752Z","ask"
"350","47.924","2024-06-13T22:48:48.752Z","ask"
"350.39","6.005","2024-06-13T22:48:48.752Z","ask"
"353.22","0.027","2024-06-13T22:48:48.752Z","ask"
"355","0.281","2024-06-13T22:48:48.752Z","ask"
"357.77","1.694","2024-06-13T22:48:48.752Z","ask"
"358.44","2.024","2024-06-13T22:48:48.752Z","ask"
"358.75","0.574","2024-06-13T22:48:48.752Z","ask"
"360","5.567","2024-06-13T22:48:48.752Z","ask"
"361","0.75","2024-06-13T22:48:48.752Z","ask"
"361.88","0.03","2024-06-13T22:48:48.752Z","ask"
"362","4.155","2024-06-13T22:48:48.752Z","ask"
"362.53","8","2024-06-13T22:48:48.752Z","ask"
"363.12","0.052","2024-06-13T22:48:48.752Z","ask"
"365","60.702","2024-06-13T22:48:48.752Z","ask"
"365.16","1.653","2024-06-13T22:48:48.752Z","ask"
"366","2","2024-06-13T22:48:48.752Z","ask"
"369","2","2024-06-13T22:48:48.752Z","ask"
"370","22.097","2024-06-13T22:48:48.752Z","ask"
"374.87","20","2024-06-13T22:48:48.752Z","ask"
"374.89","1","2024-06-13T22:48:48.752Z","ask"
"375","1.996","2024-06-13T22:48:48.752Z","ask"
"375.99","0.53","2024-06-13T22:48:48.752Z","ask"
"379","2","2024-06-13T22:48:48.752Z","ask"
"380","22.335","2024-06-13T22:48:48.752Z","ask"
"383","0.28","2024-06-13T22:48:48.752Z","ask"
"384","1","2024-06-13T22:48:48.752Z","ask"
"385.4","0.08","2024-06-13T22:48:48.752Z","ask"
"388.89","0.8","2024-06-13T22:48:48.752Z","ask"
"389","1.169","2024-06-13T22:48:48.752Z","ask"
"389.15","2.024","2024-06-13T22:48:48.752Z","ask"
"390","8.741","2024-06-13T22:48:48.752Z","ask"
"393.89","0.7","2024-06-13T22:48:48.752Z","ask"
"394.89","1","2024-06-13T22:48:48.752Z","ask"
"395","6","2024-06-13T22:48:48.752Z","ask"
"397","0.5","2024-06-13T22:48:48.752Z","ask"
"397.14","19.875","2024-06-13T22:48:48.752Z","ask"
"398","1","2024-06-13T22:48:48.752Z","ask"
"398.5","4.093","2024-06-13T22:48:48.752Z","ask"
"398.76","0.553","2024-06-13T22:48:48.752Z","ask"
"398.87","20","2024-06-13T22:48:48.752Z","ask"
"398.89","0.7","2024-06-13T22:48:48.752Z","ask"
"399","49.4","2024-06-13T22:48:48.752Z","ask"
"399.8","3","2024-06-13T22:48:48.752Z","ask"
"400","310.569","2024-06-13T22:48:48.752Z","ask"
"405","2.697","2024-06-13T22:48:48.752Z","ask"
"411","3","2024-06-13T22:48:48.752Z","ask"
"412","2","2024-06-13T22:48:48.752Z","ask"
"415","2","2024-06-13T22:48:48.752Z","ask"
"418","0.7","2024-06-13T22:48:48.752Z","ask"
"419.87","2.024","2024-06-13T22:48:48.752Z","ask"
"420","1.13","2024-06-13T22:48:48.752Z","ask"
"421","100","2024-06-13T22:48:48.752Z","ask"
"421.7","0.03","2024-06-13T22:48:48.752Z","ask"
"422","10","2024-06-13T22:48:48.752Z","ask"
"424","2.809","2024-06-13T22:48:48.752Z","ask"
"424.87","20","2024-06-13T22:48:48.752Z","ask"
"425","2.428","2024-06-13T22:48:48.752Z","ask"
"429","1.689","2024-06-13T22:48:48.752Z","ask"
"429.26","25","2024-06-13T22:48:48.752Z","ask"
"430","0.22","2024-06-13T22:48:48.752Z","ask"
"435","0.1","2024-06-13T22:48:48.752Z","ask"
"436.46","0.25","2024-06-13T22:48:48.752Z","ask"
"438","1","2024-06-13T22:48:48.752Z","ask"
"439.53","0.052","2024-06-13T22:48:48.752Z","ask"
"444","11","2024-06-13T22:48:48.752Z","ask"
"445","0.25","2024-06-13T22:48:48.752Z","ask"
"447","0.761","2024-06-13T22:48:48.752Z","ask"
"448","1.681","2024-06-13T22:48:48.752Z","ask"
"448.87","20","2024-06-13T22:48:48.752Z","ask"
"449","6","2024-06-13T22:48:48.752Z","ask"
"450","39.842","2024-06-13T22:48:48.752Z","ask"
"450.59","2.024","2024-06-13T22:48:48.752Z","ask"
"455","4.4","2024-06-13T22:48:48.752Z","ask"
"458","25.749","2024-06-13T22:48:48.752Z","ask"
"460","0.212","2024-06-13T22:48:48.752Z","ask"
"461","35.745","2024-06-13T22:48:48.752Z","ask"
"464","10","2024-06-13T22:48:48.752Z","ask"
"465","0.5","2024-06-13T22:48:48.752Z","ask"
"466","13","2024-06-13T22:48:48.752Z","ask"
"468","0.6","2024-06-13T22:48:48.752Z","ask"
"470","84.285","2024-06-13T22:48:48.752Z","ask"
"473","16.136","2024-06-13T22:48:48.752Z","ask"
"474","0.7","2024-06-13T22:48:48.752Z","ask"
"474.44","0.15","2024-06-13T22:48:48.752Z","ask"
"474.64","0.03","2024-06-13T22:48:48.752Z","ask"
"474.87","20","2024-06-13T22:48:48.752Z","ask"
"80.41","2","2024-06-13T22:48:48.751Z","ask"
"80.51","10","2024-06-13T22:48:48.751Z","ask"
"80.62","0.384","2024-06-13T22:48:48.751Z","ask"
"80.66","0.363","2024-06-13T22:48:48.751Z","ask"
"80.69","1.09","2024-06-13T22:48:48.751Z","ask"
"80.93","0.171","2024-06-13T22:48:48.751Z","ask"
"81","6.332","2024-06-13T22:48:48.751Z","ask"
"81.02","0.382","2024-06-13T22:48:48.751Z","ask"
"81.18","0.063","2024-06-13T22:48:48.751Z","ask"
"81.2","0.052","2024-06-13T22:48:48.751Z","ask"
"81.43","0.381","2024-06-13T22:48:48.751Z","ask"
"81.5","0.027","2024-06-13T22:48:48.751Z","ask"
"81.59","2.771","2024-06-13T22:48:48.751Z","ask"
"81.66","0.026","2024-06-13T22:48:48.751Z","ask"
"81.82","0.048","2024-06-13T22:48:48.751Z","ask"
"81.85","0.379","2024-06-13T22:48:48.751Z","ask"
"81.88","0.428","2024-06-13T22:48:48.751Z","ask"
"82","11.631","2024-06-13T22:48:48.751Z","ask"
"82.04","0.169","2024-06-13T22:48:48.751Z","ask"
"82.1","2.448","2024-06-13T22:48:48.751Z","ask"
"82.26","0.377","2024-06-13T22:48:48.751Z","ask"
"82.43","45.586","2024-06-13T22:48:48.751Z","ask"
"82.59","1.57","2024-06-13T22:48:48.751Z","ask"
"82.65","5.23","2024-06-13T22:48:48.751Z","ask"
"82.68","0.375","2024-06-13T22:48:48.751Z","ask"
"82.7","0.027","2024-06-13T22:48:48.751Z","ask"
"82.78","0.025","2024-06-13T22:48:48.751Z","ask"
"82.95","1.121","2024-06-13T22:48:48.751Z","ask"
"83","0.035","2024-06-13T22:48:48.751Z","ask"
"83.03","0.15","2024-06-13T22:48:48.751Z","ask"
"83.07","0.025","2024-06-13T22:48:48.751Z","ask"
"83.09","0.373","2024-06-13T22:48:48.751Z","ask"
"83.11","0.352","2024-06-13T22:48:48.751Z","ask"
"83.12","1","2024-06-13T22:48:48.751Z","ask"
"83.16","0.027","2024-06-13T22:48:48.751Z","ask"
"83.17","0.166","2024-06-13T22:48:48.751Z","ask"
"83.51","0.371","2024-06-13T22:48:48.751Z","ask"
"83.93","0.369","2024-06-13T22:48:48.751Z","ask"
"84","70.485","2024-06-13T22:48:48.751Z","ask"
"84.36","0.367","2024-06-13T22:48:48.751Z","ask"
"84.37","0.347","2024-06-13T22:48:48.751Z","ask"
"84.78","0.896","2024-06-13T22:48:48.751Z","ask"
"84.89","0.267","2024-06-13T22:48:48.751Z","ask"
"85","291.076","2024-06-13T22:48:48.751Z","ask"
"85.06","0.242","2024-06-13T22:48:48.751Z","ask"
"85.21","0.364","2024-06-13T22:48:48.751Z","ask"
"85.26","1.521","2024-06-13T22:48:48.751Z","ask"
"85.49","2.574","2024-06-13T22:48:48.751Z","ask"
"85.63","0.362","2024-06-13T22:48:48.751Z","ask"
"85.64","0.342","2024-06-13T22:48:48.751Z","ask"
"85.68","38.274","2024-06-13T22:48:48.751Z","ask"
"85.75","0.004","2024-06-13T22:48:48.751Z","ask"
"86","2.6","2024-06-13T22:48:48.751Z","ask"
"86.07","0.36","2024-06-13T22:48:48.751Z","ask"
"86.38","6.501","2024-06-13T22:48:48.751Z","ask"
"86.45","0.022","2024-06-13T22:48:48.751Z","ask"
"86.51","0.358","2024-06-13T22:48:48.751Z","ask"
"86.6","0.03","2024-06-13T22:48:48.751Z","ask"
"86.86","5.949","2024-06-13T22:48:48.751Z","ask"
"86.93","0.336","2024-06-13T22:48:48.751Z","ask"
"86.94","0.356","2024-06-13T22:48:48.751Z","ask"
"86.95","0.64","2024-06-13T22:48:48.751Z","ask"
"87","3.261","2024-06-13T22:48:48.751Z","ask"
"87.05","0.063","2024-06-13T22:48:48.751Z","ask"
"87.31","0.017","2024-06-13T22:48:48.751Z","ask"
"87.38","0.355","2024-06-13T22:48:48.751Z","ask"
"87.47","50.724","2024-06-13T22:48:48.751Z","ask"
"87.81","0.353","2024-06-13T22:48:48.751Z","ask"
"88","5","2024-06-13T22:48:48.751Z","ask"
"88.02","1.473","2024-06-13T22:48:48.751Z","ask"
"88.24","0.331","2024-06-13T22:48:48.751Z","ask"
"88.26","0.351","2024-06-13T22:48:48.751Z","ask"
"88.7","0.349","2024-06-13T22:48:48.751Z","ask"
"88.88","22.502","2024-06-13T22:48:48.751Z","ask"
"88.94","10","2024-06-13T22:48:48.751Z","ask"
"89","8.845","2024-06-13T22:48:48.751Z","ask"
"89.15","1.348","2024-06-13T22:48:48.751Z","ask"
"89.43","1.202","2024-06-13T22:48:48.751Z","ask"
"89.48","1.25","2024-06-13T22:48:48.751Z","ask"
"89.57","0.327","2024-06-13T22:48:48.751Z","ask"
"89.59","0.346","2024-06-13T22:48:48.751Z","ask"
"89.72","0.041","2024-06-13T22:48:48.751Z","ask"
"89.77","4.536","2024-06-13T22:48:48.751Z","ask"
"89.88","0.15","2024-06-13T22:48:48.751Z","ask"
"90","242.418","2024-06-13T22:48:48.751Z","ask"
"90.05","0.344","2024-06-13T22:48:48.751Z","ask"
"90.38","0.546","2024-06-13T22:48:48.751Z","ask"
"90.51","3.203","2024-06-13T22:48:48.751Z","ask"
"90.58","0.17","2024-06-13T22:48:48.751Z","ask"
"90.71","33.121","2024-06-13T22:48:48.751Z","ask"
"90.87","1.427","2024-06-13T22:48:48.751Z","ask"
"90.9","6","2024-06-13T22:48:48.751Z","ask"
"90.92","0.322","2024-06-13T22:48:48.751Z","ask"
"90.96","0.341","2024-06-13T22:48:48.751Z","ask"
"91","2.251","2024-06-13T22:48:48.751Z","ask"
"91.4","6.193","2024-06-13T22:48:48.751Z","ask"
"91.42","0.339","2024-06-13T22:48:48.751Z","ask"
"91.54","11.21","2024-06-13T22:48:48.751Z","ask"
"91.63","6.957","2024-06-13T22:48:48.751Z","ask"
"91.86","2.723","2024-06-13T22:48:48.751Z","ask"
"91.87","0.337","2024-06-13T22:48:48.751Z","ask"
"92","15.609","2024-06-13T22:48:48.751Z","ask"
"92.05","1.849","2024-06-13T22:48:48.751Z","ask"
"92.07","0.194","2024-06-13T22:48:48.751Z","ask"
"92.15","40","2024-06-13T22:48:48.751Z","ask"
"92.24","0.91","2024-06-13T22:48:48.751Z","ask"
"92.28","1.05","2024-06-13T22:48:48.751Z","ask"
"92.29","0.317","2024-06-13T22:48:48.751Z","ask"
"92.34","0.335","2024-06-13T22:48:48.751Z","ask"
"92.45","2","2024-06-13T22:48:48.751Z","ask"
"92.47","0.538","2024-06-13T22:48:48.751Z","ask"
"92.5","200","2024-06-13T22:48:48.751Z","ask"
"92.56","1.356","2024-06-13T22:48:48.751Z","ask"
"92.62","0.1","2024-06-13T22:48:48.751Z","ask"
"92.69","0.645","2024-06-13T22:48:48.751Z","ask"
"92.79","0.149","2024-06-13T22:48:48.751Z","ask"
"92.81","0.334","2024-06-13T22:48:48.751Z","ask"
"93.27","0.332","2024-06-13T22:48:48.751Z","ask"
"93.32","0.074","2024-06-13T22:48:48.751Z","ask"
"93.68","0.312","2024-06-13T22:48:48.751Z","ask"
"93.74","0.33","2024-06-13T22:48:48.751Z","ask"
"93.81","1.382","2024-06-13T22:48:48.751Z","ask"
"93.85","1.05","2024-06-13T22:48:48.751Z","ask"
"94","1.288","2024-06-13T22:48:48.751Z","ask"
"94.06","0.147","2024-06-13T22:48:48.751Z","ask"
"94.2","0.045","2024-06-13T22:48:48.751Z","ask"
"94.21","0.329","2024-06-13T22:48:48.751Z","ask"
"94.29","7.195","2024-06-13T22:48:48.751Z","ask"
"94.33","0.47","2024-06-13T22:48:48.751Z","ask"
"94.34","34.861","2024-06-13T22:48:48.751Z","ask"
"94.63","0.18","2024-06-13T22:48:48.751Z","ask"
"94.69","0.327","2024-06-13T22:48:48.751Z","ask"
"94.88","1.999","2024-06-13T22:48:48.751Z","ask"
"94.91","0.65","2024-06-13T22:48:48.751Z","ask"
"94.99","1.089","2024-06-13T22:48:48.751Z","ask"
"95","57.486","2024-06-13T22:48:48.751Z","ask"
"95.01","0.016","2024-06-13T22:48:48.751Z","ask"
"95.06","0.046","2024-06-13T22:48:48.751Z","ask"
"95.08","0.85","2024-06-13T22:48:48.751Z","ask"
"95.09","0.308","2024-06-13T22:48:48.751Z","ask"
"95.17","0.326","2024-06-13T22:48:48.751Z","ask"
"95.36","0.145","2024-06-13T22:48:48.751Z","ask"
"95.43","0.91","2024-06-13T22:48:48.751Z","ask"
"95.64","0.324","2024-06-13T22:48:48.751Z","ask"
"95.81","44.88","2024-06-13T22:48:48.751Z","ask"
"96","15.7","2024-06-13T22:48:48.751Z","ask"
"96.13","0.322","2024-06-13T22:48:48.751Z","ask"
"96.46","10","2024-06-13T22:48:48.751Z","ask"
"96.5","2.198","2024-06-13T22:48:48.751Z","ask"
"96.53","0.303","2024-06-13T22:48:48.751Z","ask"
"96.61","0.321","2024-06-13T22:48:48.751Z","ask"
"96.68","0.143","2024-06-13T22:48:48.751Z","ask"
"96.7","2.574","2024-06-13T22:48:48.751Z","ask"
"96.84","1.339","2024-06-13T22:48:48.751Z","ask"
"96.87","0.75","2024-06-13T22:48:48.751Z","ask"
"97","56.371","2024-06-13T22:48:48.751Z","ask"
"97.08","2","2024-06-13T22:48:48.751Z","ask"
"97.1","0.319","2024-06-13T22:48:48.751Z","ask"
"97.28","0.061","2024-06-13T22:48:48.751Z","ask"
"97.45","2","2024-06-13T22:48:48.751Z","ask"
"97.47","0.505","2024-06-13T22:48:48.751Z","ask"
"97.48","1","2024-06-13T22:48:48.751Z","ask"
"97.53","2","2024-06-13T22:48:48.751Z","ask"
"97.57","0.056","2024-06-13T22:48:48.751Z","ask"
"97.59","0.317","2024-06-13T22:48:48.751Z","ask"
"97.96","0.507","2024-06-13T22:48:48.751Z","ask"
"97.98","0.298","2024-06-13T22:48:48.751Z","ask"
"98","103.514","2024-06-13T22:48:48.751Z","ask"
"98.01","0.141","2024-06-13T22:48:48.751Z","ask"
"98.08","0.316","2024-06-13T22:48:48.751Z","ask"
"98.58","0.314","2024-06-13T22:48:48.751Z","ask"
"98.77","0.52","2024-06-13T22:48:48.751Z","ask"
"98.8","0.3","2024-06-13T22:48:48.751Z","ask"
"98.88","0.494","2024-06-13T22:48:48.751Z","ask"
"98.89","1","2024-06-13T22:48:48.751Z","ask"
"98.94","2","2024-06-13T22:48:48.751Z","ask"
"98.95","0.252","2024-06-13T22:48:48.751Z","ask"
"99","72.656","2024-06-13T22:48:48.751Z","ask"
"99.06","0.055","2024-06-13T22:48:48.751Z","ask"
"99.08","0.313","2024-06-13T22:48:48.751Z","ask"
"99.36","0.139","2024-06-13T22:48:48.751Z","ask"
"99.41","1.012","2024-06-13T22:48:48.751Z","ask"
"99.45","0.294","2024-06-13T22:48:48.751Z","ask"
"99.48","2","2024-06-13T22:48:48.751Z","ask"
"99.5","11.212","2024-06-13T22:48:48.751Z","ask"
"99.57","3.311","2024-06-13T22:48:48.751Z","ask"
"99.75","0.367","2024-06-13T22:48:48.751Z","ask"
"99.89","2","2024-06-13T22:48:48.751Z","ask"
"99.97","0.249","2024-06-13T22:48:48.751Z","ask"
"99.98","1.256","2024-06-13T22:48:48.751Z","ask"
"99.99","1.39","2024-06-13T22:48:48.751Z","ask"
"100","1035.835","2024-06-13T22:48:48.751Z","ask"
"100.01","0.979","2024-06-13T22:48:48.751Z","ask"
"100.04","0.065","2024-06-13T22:48:48.751Z","ask"
"100.05","0.151","2024-06-13T22:48:48.751Z","ask"
"100.08","0.31","2024-06-13T22:48:48.751Z","ask"
"100.1","0.32","2024-06-13T22:48:48.751Z","ask"
"100.42","10","2024-06-13T22:48:48.751Z","ask"
"100.44","0.35","2024-06-13T22:48:48.751Z","ask"
"100.59","0.308","2024-06-13T22:48:48.751Z","ask"
"100.73","0.137","2024-06-13T22:48:48.751Z","ask"
"100.84","0.15","2024-06-13T22:48:48.751Z","ask"
"100.86","0.045","2024-06-13T22:48:48.751Z","ask"
"100.95","0.29","2024-06-13T22:48:48.751Z","ask"
"101","18.018","2024-06-13T22:48:48.751Z","ask"
"101.09","0.306","2024-06-13T22:48:48.751Z","ask"
"101.1","1","2024-06-13T22:48:48.751Z","ask"
"101.41","0.993","2024-06-13T22:48:48.751Z","ask"
"101.6","0.305","2024-06-13T22:48:48.751Z","ask"
"101.89","0.225","2024-06-13T22:48:48.751Z","ask"
"102","27.042","2024-06-13T22:48:48.751Z","ask"
"102.03","6.009","2024-06-13T22:48:48.751Z","ask"
"102.11","0.303","2024-06-13T22:48:48.751Z","ask"
"102.12","0.135","2024-06-13T22:48:48.751Z","ask"
"102.22","10","2024-06-13T22:48:48.751Z","ask"
"102.48","0.285","2024-06-13T22:48:48.751Z","ask"
"102.62","0.302","2024-06-13T22:48:48.751Z","ask"
"102.87","3.013","2024-06-13T22:48:48.751Z","ask"
"103","90.47","2024-06-13T22:48:48.751Z","ask"
"103.01","0.053","2024-06-13T22:48:48.751Z","ask"
"103.13","0.47","2024-06-13T22:48:48.751Z","ask"
"103.14","0.3","2024-06-13T22:48:48.751Z","ask"
"103.21","1.217","2024-06-13T22:48:48.751Z","ask"
"103.3","33.881","2024-06-13T22:48:48.751Z","ask"
"103.31","1.5","2024-06-13T22:48:48.751Z","ask"
"103.39","0.22","2024-06-13T22:48:48.751Z","ask"
"103.41","0.973","2024-06-13T22:48:48.751Z","ask"
"103.44","0.1","2024-06-13T22:48:48.751Z","ask"
"103.45","0.054","2024-06-13T22:48:48.751Z","ask"
"103.5","9.701","2024-06-13T22:48:48.751Z","ask"
"103.53","3.133","2024-06-13T22:48:48.751Z","ask"
"103.66","0.299","2024-06-13T22:48:48.751Z","ask"
"103.8","0.243","2024-06-13T22:48:48.751Z","ask"
"104","18.081","2024-06-13T22:48:48.751Z","ask"
"104.02","0.281","2024-06-13T22:48:48.751Z","ask"
"104.17","11.342","2024-06-13T22:48:48.751Z","ask"
"104.18","0.297","2024-06-13T22:48:48.751Z","ask"
"104.42","2.381","2024-06-13T22:48:48.751Z","ask"
"104.5","0.521","2024-06-13T22:48:48.751Z","ask"
"104.54","1.301","2024-06-13T22:48:48.751Z","ask"
"104.62","33.454","2024-06-13T22:48:48.751Z","ask"
"104.8","0.5","2024-06-13T22:48:48.751Z","ask"
"104.95","0.132","2024-06-13T22:48:48.751Z","ask"
"105","137.455","2024-06-13T22:48:48.751Z","ask"
"105.11","5","2024-06-13T22:48:48.751Z","ask"
"105.41","0.955","2024-06-13T22:48:48.751Z","ask"
"105.48","10","2024-06-13T22:48:48.751Z","ask"
"105.59","0.277","2024-06-13T22:48:48.751Z","ask"
"105.64","4","2024-06-13T22:48:48.751Z","ask"
"105.77","436.176","2024-06-13T22:48:48.751Z","ask"
"105.91","1.662","2024-06-13T22:48:48.751Z","ask"
"105.99","0.076","2024-06-13T22:48:48.751Z","ask"
"106.06","0.145","2024-06-13T22:48:48.751Z","ask"
"106.13","0.1","2024-06-13T22:48:48.751Z","ask"
"106.14","1.013","2024-06-13T22:48:48.751Z","ask"
"106.39","0.129","2024-06-13T22:48:48.751Z","ask"
"106.55","1.178","2024-06-13T22:48:48.751Z","ask"
"107","43.207","2024-06-13T22:48:48.751Z","ask"
"107.18","0.273","2024-06-13T22:48:48.751Z","ask"
"107.2","0.518","2024-06-13T22:48:48.751Z","ask"
"107.25","0.069","2024-06-13T22:48:48.751Z","ask"
"107.41","0.937","2024-06-13T22:48:48.751Z","ask"
"107.76","0.09","2024-06-13T22:48:48.751Z","ask"
"108","5.1","2024-06-13T22:48:48.751Z","ask"
"108.4","4.275","2024-06-13T22:48:48.751Z","ask"
"108.55","37","2024-06-13T22:48:48.751Z","ask"
"108.87","0.923","2024-06-13T22:48:48.751Z","ask"
"109","1.46","2024-06-13T22:48:48.751Z","ask"
"109.41","0.92","2024-06-13T22:48:48.751Z","ask"
"109.44","29.458","2024-06-13T22:48:48.751Z","ask"
"109.8","0.5","2024-06-13T22:48:48.751Z","ask"
"109.91","2.262","2024-06-13T22:48:48.751Z","ask"
"110","100.399","2024-06-13T22:48:48.751Z","ask"
"110.25","27.254","2024-06-13T22:48:48.751Z","ask"
"110.5","0.03","2024-06-13T22:48:48.751Z","ask"
"110.96","0.224","2024-06-13T22:48:48.751Z","ask"
"111","63.172","2024-06-13T22:48:48.751Z","ask"
"111.11","0.225","2024-06-13T22:48:48.751Z","ask"
"111.19","30.151","2024-06-13T22:48:48.751Z","ask"
"111.97","5","2024-06-13T22:48:48.751Z","ask"
"112","5.086","2024-06-13T22:48:48.751Z","ask"
"112.32","2.77","2024-06-13T22:48:48.751Z","ask"
"112.76","0.842","2024-06-13T22:48:48.751Z","ask"
"113","12.589","2024-06-13T22:48:48.751Z","ask"
"114","0.6","2024-06-13T22:48:48.751Z","ask"
"114.5","0.03","2024-06-13T22:48:48.751Z","ask"
"114.67","0.057","2024-06-13T22:48:48.751Z","ask"
"115","45.009","2024-06-13T22:48:48.751Z","ask"
"115.91","0.2","2024-06-13T22:48:48.751Z","ask"
"116","18.014","2024-06-13T22:48:48.751Z","ask"
"116.72","3.455","2024-06-13T22:48:48.751Z","ask"
"117","17","2024-06-13T22:48:48.751Z","ask"
"117.07","5","2024-06-13T22:48:48.751Z","ask"
"117.59","0.18","2024-06-13T22:48:48.751Z","ask"
"117.67","0.03","2024-06-13T22:48:48.751Z","ask"
"118","4.33","2024-06-13T22:48:48.751Z","ask"
"118.2","8.46","2024-06-13T22:48:48.751Z","ask"
"118.42","0.109","2024-06-13T22:48:48.751Z","ask"
"118.65","1.301","2024-06-13T22:48:48.751Z","ask"
"118.89","0.8","2024-06-13T22:48:48.751Z","ask"
"119","18.352","2024-06-13T22:48:48.751Z","ask"
"119.48","2","2024-06-13T22:48:48.751Z","ask"
"119.99","145","2024-06-13T22:48:48.751Z","ask"
"120","419.598","2024-06-13T22:48:48.751Z","ask"
"120.04","39","2024-06-13T22:48:48.751Z","ask"
"121","5","2024-06-13T22:48:48.751Z","ask"
"121.31","33.156","2024-06-13T22:48:48.751Z","ask"
"121.48","0.03","2024-06-13T22:48:48.751Z","ask"
"122","0.03","2024-06-13T22:48:48.751Z","ask"
"122.05","0.534","2024-06-13T22:48:48.751Z","ask"
"122.6","0.089","2024-06-13T22:48:48.751Z","ask"
"123","27.534","2024-06-13T22:48:48.751Z","ask"
"123.1","0.5","2024-06-13T22:48:48.751Z","ask"
"123.4","4.4","2024-06-13T22:48:48.751Z","ask"
"123.89","0.4","2024-06-13T22:48:48.751Z","ask"
"123.91","5.079","2024-06-13T22:48:48.751Z","ask"
"123.93","1.016","2024-06-13T22:48:48.751Z","ask"
"123.96","40.336","2024-06-13T22:48:48.751Z","ask"
"124","95.949","2024-06-13T22:48:48.751Z","ask"
"124.44","0.4","2024-06-13T22:48:48.751Z","ask"
"124.5","2.276","2024-06-13T22:48:48.751Z","ask"
"124.87","0.402","2024-06-13T22:48:48.751Z","ask"
"124.89","1","2024-06-13T22:48:48.751Z","ask"
"125","79.532","2024-06-13T22:48:48.751Z","ask"
"125.99","0.08","2024-06-13T22:48:48.751Z","ask"
"126.14","1","2024-06-13T22:48:48.751Z","ask"
"126.32","0.09","2024-06-13T22:48:48.751Z","ask"
"126.33","18.584","2024-06-13T22:48:48.751Z","ask"
"126.5","0.03","2024-06-13T22:48:48.751Z","ask"
"126.75","5","2024-06-13T22:48:48.751Z","ask"
"127","1.1","2024-06-13T22:48:48.751Z","ask"
"127.02","40","2024-06-13T22:48:48.751Z","ask"
"127.47","0.023","2024-06-13T22:48:48.751Z","ask"
"127.7","2.577","2024-06-13T22:48:48.751Z","ask"
"127.75","0.134","2024-06-13T22:48:48.751Z","ask"
"128","10.226","2024-06-13T22:48:48.751Z","ask"
"128.77","1.828","2024-06-13T22:48:48.751Z","ask"
"128.89","1.5","2024-06-13T22:48:48.751Z","ask"
"129","1","2024-06-13T22:48:48.751Z","ask"
"129.48","1","2024-06-13T22:48:48.751Z","ask"
"130","137.768","2024-06-13T22:48:48.751Z","ask"
"130.75","2.397","2024-06-13T22:48:48.751Z","ask"
"131","1.176","2024-06-13T22:48:48.751Z","ask"
"131.99","0.038","2024-06-13T22:48:48.751Z","ask"
"132","13.913","2024-06-13T22:48:48.751Z","ask"
"132.77","1.301","2024-06-13T22:48:48.751Z","ask"
"133","0.2","2024-06-13T22:48:48.751Z","ask"
"133.89","0.052","2024-06-13T22:48:48.751Z","ask"
"134","3.53","2024-06-13T22:48:48.751Z","ask"
"134.36","0.5","2024-06-13T22:48:48.751Z","ask"
"134.67","7.191","2024-06-13T22:48:48.751Z","ask"
"134.89","1","2024-06-13T22:48:48.751Z","ask"
"135","3.12","2024-06-13T22:48:48.751Z","ask"
"136.04","4.084","2024-06-13T22:48:48.751Z","ask"
"136.74","4.04","2024-06-13T22:48:48.751Z","ask"
"137.47","1","2024-06-13T22:48:48.751Z","ask"
"138","0.2","2024-06-13T22:48:48.751Z","ask"
"138.22","0.048","2024-06-13T22:48:48.751Z","ask"
"138.88","6","2024-06-13T22:48:48.751Z","ask"
"138.89","1","2024-06-13T22:48:48.751Z","ask"
"139","1","2024-06-13T22:48:48.751Z","ask"
"139.07","25.003","2024-06-13T22:48:48.751Z","ask"
"139.41","1.5","2024-06-13T22:48:48.751Z","ask"
"139.48","2","2024-06-13T22:48:48.751Z","ask"
"140","30.444","2024-06-13T22:48:48.751Z","ask"
"140.04","0.077","2024-06-13T22:48:48.751Z","ask"
"140.25","0.139","2024-06-13T22:48:48.751Z","ask"
"140.84","0.569","2024-06-13T22:48:48.751Z","ask"
"141","0.815","2024-06-13T22:48:48.751Z","ask"
"142.66","1.5","2024-06-13T22:48:48.751Z","ask"
"142.69","0.178","2024-06-13T22:48:48.751Z","ask"
"143","1.2","2024-06-13T22:48:48.751Z","ask"
"144","3.891","2024-06-13T22:48:48.751Z","ask"
"144.11","40","2024-06-13T22:48:48.751Z","ask"
"144.25","0.965","2024-06-13T22:48:48.751Z","ask"
"144.44","1","2024-06-13T22:48:48.751Z","ask"
"144.47","1.8","2024-06-13T22:48:48.751Z","ask"
"144.89","1","2024-06-13T22:48:48.751Z","ask"
"144.97","0.346","2024-06-13T22:48:48.751Z","ask"
"145","41.318","2024-06-13T22:48:48.751Z","ask"
"146.89","1.301","2024-06-13T22:48:48.751Z","ask"
"147","11.668","2024-06-13T22:48:48.751Z","ask"
"147.43","217.218","2024-06-13T22:48:48.751Z","ask"
"147.48","1","2024-06-13T22:48:48.751Z","ask"
"148","6.65","2024-06-13T22:48:48.751Z","ask"
"148.84","0.063","2024-06-13T22:48:48.751Z","ask"
"148.85","0.452","2024-06-13T22:48:48.751Z","ask"
"148.89","1.05","2024-06-13T22:48:48.751Z","ask"
"149","8.201","2024-06-13T22:48:48.751Z","ask"
"149.48","2","2024-06-13T22:48:48.751Z","ask"
"149.97","0.045","2024-06-13T22:48:48.751Z","ask"
"150","619.38","2024-06-13T22:48:48.751Z","ask"
"150.35","27.638","2024-06-13T22:48:48.751Z","ask"
"150.99","0.08","2024-06-13T22:48:48.751Z","ask"
"151","133.342","2024-06-13T22:48:48.751Z","ask"
"151.53","1","2024-06-13T22:48:48.751Z","ask"
"152","4.259","2024-06-13T22:48:48.751Z","ask"
"152.83","8","2024-06-13T22:48:48.751Z","ask"
"153","0.2","2024-06-13T22:48:48.751Z","ask"
"154","3.496","2024-06-13T22:48:48.751Z","ask"
"154.19","22.138","2024-06-13T22:48:48.751Z","ask"
"154.39","0.2","2024-06-13T22:48:48.751Z","ask"
"155","1.545","2024-06-13T22:48:48.751Z","ask"
"51.91","5.6","2024-06-13T22:48:48.750Z","ask"
"51.92","11.83","2024-06-13T22:48:48.750Z","ask"
"51.93","7","2024-06-13T22:48:48.750Z","ask"
"51.94","6.858","2024-06-13T22:48:48.750Z","ask"
"51.95","23.505","2024-06-13T22:48:48.750Z","ask"
"51.96","29.853","2024-06-13T22:48:48.750Z","ask"
"51.98","3.948","2024-06-13T22:48:48.750Z","ask"
"51.99","166.267","2024-06-13T22:48:48.750Z","ask"
"52","2.741","2024-06-13T22:48:48.750Z","ask"
"52.01","122.203","2024-06-13T22:48:48.750Z","ask"
"52.02","1.766","2024-06-13T22:48:48.750Z","ask"
"52.03","82.167","2024-06-13T22:48:48.750Z","ask"
"52.04","23.391","2024-06-13T22:48:48.750Z","ask"
"52.05","3.861","2024-06-13T22:48:48.750Z","ask"
"52.06","3.532","2024-06-13T22:48:48.750Z","ask"
"52.09","95.997","2024-06-13T22:48:48.750Z","ask"
"52.1","38.775","2024-06-13T22:48:48.750Z","ask"
"52.12","4.455","2024-06-13T22:48:48.750Z","ask"
"52.14","54.228","2024-06-13T22:48:48.750Z","ask"
"52.22","8.831","2024-06-13T22:48:48.750Z","ask"
"52.35","11.039","2024-06-13T22:48:48.750Z","ask"
"52.43","0.1","2024-06-13T22:48:48.750Z","ask"
"52.51","13.246","2024-06-13T22:48:48.750Z","ask"
"52.58","0.259","2024-06-13T22:48:48.750Z","ask"
"52.73","0.121","2024-06-13T22:48:48.750Z","ask"
"52.93","0.04","2024-06-13T22:48:48.750Z","ask"
"52.94","0.1","2024-06-13T22:48:48.750Z","ask"
"52.99","1","2024-06-13T22:48:48.750Z","ask"
"53.02","0.552","2024-06-13T22:48:48.750Z","ask"
"53.25","0.121","2024-06-13T22:48:48.750Z","ask"
"53.46","0.1","2024-06-13T22:48:48.750Z","ask"
"53.52","1.287","2024-06-13T22:48:48.750Z","ask"
"53.54","6.909","2024-06-13T22:48:48.750Z","ask"
"53.74","0.04","2024-06-13T22:48:48.750Z","ask"
"53.82","0.544","2024-06-13T22:48:48.750Z","ask"
"53.87","2.756","2024-06-13T22:48:48.750Z","ask"
"53.98","0.1","2024-06-13T22:48:48.750Z","ask"
"54.08","0.168","2024-06-13T22:48:48.750Z","ask"
"54.18","1.96","2024-06-13T22:48:48.750Z","ask"
"54.3","0.121","2024-06-13T22:48:48.750Z","ask"
"54.5","0.1","2024-06-13T22:48:48.750Z","ask"
"54.55","0.04","2024-06-13T22:48:48.750Z","ask"
"54.63","0.536","2024-06-13T22:48:48.750Z","ask"
"54.9","1.079","2024-06-13T22:48:48.750Z","ask"
"54.93","0.01","2024-06-13T22:48:48.750Z","ask"
"54.99","1.081","2024-06-13T22:48:48.750Z","ask"
"55","19.942","2024-06-13T22:48:48.750Z","ask"
"55.02","0.1","2024-06-13T22:48:48.750Z","ask"
"55.24","0.116","2024-06-13T22:48:48.750Z","ask"
"55.34","0.24","2024-06-13T22:48:48.750Z","ask"
"55.35","0.04","2024-06-13T22:48:48.750Z","ask"
"55.44","1.896","2024-06-13T22:48:48.750Z","ask"
"55.46","0.528","2024-06-13T22:48:48.750Z","ask"
"55.53","0.1","2024-06-13T22:48:48.750Z","ask"
"55.65","1.99","2024-06-13T22:48:48.750Z","ask"
"55.71","0.796","2024-06-13T22:48:48.750Z","ask"
"55.79","0.264","2024-06-13T22:48:48.750Z","ask"
"55.8","0.037","2024-06-13T22:48:48.750Z","ask"
"55.95","0.112","2024-06-13T22:48:48.750Z","ask"
"56","0.05","2024-06-13T22:48:48.750Z","ask"
"56.05","0.1","2024-06-13T22:48:48.750Z","ask"
"56.08","0.117","2024-06-13T22:48:48.750Z","ask"
"56.09","1.389","2024-06-13T22:48:48.750Z","ask"
"56.1","50","2024-06-13T22:48:48.750Z","ask"
"56.11","0.019","2024-06-13T22:48:48.750Z","ask"
"56.23","0.035","2024-06-13T22:48:48.750Z","ask"
"56.27","0.535","2024-06-13T22:48:48.750Z","ask"
"56.3","0.633","2024-06-13T22:48:48.750Z","ask"
"56.32","0.116","2024-06-13T22:48:48.750Z","ask"
"56.37","0.499","2024-06-13T22:48:48.750Z","ask"
"56.38","84","2024-06-13T22:48:48.750Z","ask"
"56.56","0.203","2024-06-13T22:48:48.750Z","ask"
"56.57","0.1","2024-06-13T22:48:48.750Z","ask"
"56.86","0.113","2024-06-13T22:48:48.750Z","ask"
"56.93","0.095","2024-06-13T22:48:48.750Z","ask"
"57.09","0.1","2024-06-13T22:48:48.750Z","ask"
"57.15","0.512","2024-06-13T22:48:48.750Z","ask"
"57.16","0.117","2024-06-13T22:48:48.750Z","ask"
"57.4","0.115","2024-06-13T22:48:48.750Z","ask"
"57.5","19.533","2024-06-13T22:48:48.750Z","ask"
"57.61","0.136","2024-06-13T22:48:48.750Z","ask"
"57.98","0.113","2024-06-13T22:48:48.750Z","ask"
"58.01","0.504","2024-06-13T22:48:48.750Z","ask"
"58.04","0.002","2024-06-13T22:48:48.750Z","ask"
"58.08","0.074","2024-06-13T22:48:48.750Z","ask"
"58.12","0.1","2024-06-13T22:48:48.750Z","ask"
"58.21","1","2024-06-13T22:48:48.750Z","ask"
"58.38","0.203","2024-06-13T22:48:48.750Z","ask"
"58.39","0.609","2024-06-13T22:48:48.750Z","ask"
"58.64","1.51","2024-06-13T22:48:48.750Z","ask"
"58.77","0.018","2024-06-13T22:48:48.750Z","ask"
"58.8","0.029","2024-06-13T22:48:48.750Z","ask"
"58.86","0.018","2024-06-13T22:48:48.750Z","ask"
"58.89","0.497","2024-06-13T22:48:48.750Z","ask"
"59","18.44","2024-06-13T22:48:48.750Z","ask"
"59.03","3.078","2024-06-13T22:48:48.750Z","ask"
"59.09","0.112","2024-06-13T22:48:48.750Z","ask"
"59.16","0.1","2024-06-13T22:48:48.750Z","ask"
"59.78","0.49","2024-06-13T22:48:48.750Z","ask"
"59.99","2.688","2024-06-13T22:48:48.750Z","ask"
"60","683.497","2024-06-13T22:48:48.750Z","ask"
"60.27","9.5","2024-06-13T22:48:48.750Z","ask"
"60.44","1.387","2024-06-13T22:48:48.750Z","ask"
"60.55","0.273","2024-06-13T22:48:48.750Z","ask"
"60.68","0.482","2024-06-13T22:48:48.750Z","ask"
"60.71","0.886","2024-06-13T22:48:48.750Z","ask"
"60.75","0.002","2024-06-13T22:48:48.750Z","ask"
"61","0.002","2024-06-13T22:48:48.750Z","ask"
"61.05","15.979","2024-06-13T22:48:48.750Z","ask"
"61.1","0.105","2024-06-13T22:48:48.750Z","ask"
"61.25","0.002","2024-06-13T22:48:48.750Z","ask"
"61.32","0.54","2024-06-13T22:48:48.750Z","ask"
"61.41","50.7","2024-06-13T22:48:48.750Z","ask"
"61.5","0.105","2024-06-13T22:48:48.750Z","ask"
"61.6","0.475","2024-06-13T22:48:48.750Z","ask"
"61.61","1.84","2024-06-13T22:48:48.750Z","ask"
"61.65","0.103","2024-06-13T22:48:48.750Z","ask"
"61.81","2","2024-06-13T22:48:48.750Z","ask"
"61.86","1","2024-06-13T22:48:48.750Z","ask"
"61.91","0.017","2024-06-13T22:48:48.750Z","ask"
"61.92","1.049","2024-06-13T22:48:48.750Z","ask"
"61.96","1.34","2024-06-13T22:48:48.750Z","ask"
"62.12","0.034","2024-06-13T22:48:48.750Z","ask"
"62.24","0.107","2024-06-13T22:48:48.750Z","ask"
"62.3","0.105","2024-06-13T22:48:48.750Z","ask"
"62.43","0.069","2024-06-13T22:48:48.750Z","ask"
"62.5","15.943","2024-06-13T22:48:48.750Z","ask"
"62.53","0.468","2024-06-13T22:48:48.750Z","ask"
"62.56","0.194","2024-06-13T22:48:48.750Z","ask"
"62.58","0.41","2024-06-13T22:48:48.750Z","ask"
"62.63","0.022","2024-06-13T22:48:48.750Z","ask"
"62.71","0.104","2024-06-13T22:48:48.750Z","ask"
"62.85","0.863","2024-06-13T22:48:48.750Z","ask"
"63","5.107","2024-06-13T22:48:48.750Z","ask"
"63.05","0.033","2024-06-13T22:48:48.750Z","ask"
"63.29","0.49","2024-06-13T22:48:48.750Z","ask"
"63.34","0.567","2024-06-13T22:48:48.750Z","ask"
"63.47","0.461","2024-06-13T22:48:48.750Z","ask"
"63.5","0.105","2024-06-13T22:48:48.750Z","ask"
"63.61","0.509","2024-06-13T22:48:48.750Z","ask"
"63.87","19.231","2024-06-13T22:48:48.750Z","ask"
"63.91","0.104","2024-06-13T22:48:48.750Z","ask"
"63.94","0.485","2024-06-13T22:48:48.750Z","ask"
"64","1.016","2024-06-13T22:48:48.750Z","ask"
"64.02","0.157","2024-06-13T22:48:48.750Z","ask"
"64.08","0.023","2024-06-13T22:48:48.750Z","ask"
"64.26","0.482","2024-06-13T22:48:48.750Z","ask"
"64.36","0.102","2024-06-13T22:48:48.750Z","ask"
"64.37","0.66","2024-06-13T22:48:48.750Z","ask"
"64.43","0.454","2024-06-13T22:48:48.750Z","ask"
"64.53","0.016","2024-06-13T22:48:48.750Z","ask"
"64.58","0.48","2024-06-13T22:48:48.750Z","ask"
"64.6","11","2024-06-13T22:48:48.750Z","ask"
"64.8","0.045","2024-06-13T22:48:48.750Z","ask"
"64.89","4","2024-06-13T22:48:48.750Z","ask"
"64.91","0.477","2024-06-13T22:48:48.750Z","ask"
"64.96","0.028","2024-06-13T22:48:48.750Z","ask"
"65","51.066","2024-06-13T22:48:48.750Z","ask"
"65.21","2","2024-06-13T22:48:48.750Z","ask"
"65.23","0.475","2024-06-13T22:48:48.750Z","ask"
"65.41","0.447","2024-06-13T22:48:48.750Z","ask"
"65.49","2.5","2024-06-13T22:48:48.750Z","ask"
"65.57","0.473","2024-06-13T22:48:48.750Z","ask"
"65.6","0.102","2024-06-13T22:48:48.750Z","ask"
"65.78","1.583","2024-06-13T22:48:48.750Z","ask"
"65.89","0.016","2024-06-13T22:48:48.750Z","ask"
"65.9","0.47","2024-06-13T22:48:48.750Z","ask"
"65.97","0.761","2024-06-13T22:48:48.750Z","ask"
"66","28.356","2024-06-13T22:48:48.750Z","ask"
"66.03","0.312","2024-06-13T22:48:48.750Z","ask"
"66.06","1","2024-06-13T22:48:48.750Z","ask"
"66.08","0.233","2024-06-13T22:48:48.750Z","ask"
"66.17","3.307","2024-06-13T22:48:48.750Z","ask"
"66.2","0.05","2024-06-13T22:48:48.750Z","ask"
"66.24","0.468","2024-06-13T22:48:48.750Z","ask"
"66.29","0.025","2024-06-13T22:48:48.750Z","ask"
"66.3","1.991","2024-06-13T22:48:48.750Z","ask"
"66.4","0.441","2024-06-13T22:48:48.750Z","ask"
"66.44","25","2024-06-13T22:48:48.750Z","ask"
"66.48","0.125","2024-06-13T22:48:48.750Z","ask"
"66.57","0.466","2024-06-13T22:48:48.750Z","ask"
"66.62","2.494","2024-06-13T22:48:48.750Z","ask"
"66.73","3","2024-06-13T22:48:48.750Z","ask"
"66.75","1.16","2024-06-13T22:48:48.750Z","ask"
"66.79","1.2","2024-06-13T22:48:48.750Z","ask"
"66.86","15","2024-06-13T22:48:48.750Z","ask"
"66.87","0.001","2024-06-13T22:48:48.750Z","ask"
"66.9","0.463","2024-06-13T22:48:48.750Z","ask"
"67","42.787","2024-06-13T22:48:48.750Z","ask"
"67.1","0.078","2024-06-13T22:48:48.750Z","ask"
"67.14","1","2024-06-13T22:48:48.750Z","ask"
"67.2","1","2024-06-13T22:48:48.750Z","ask"
"67.22","0.161","2024-06-13T22:48:48.750Z","ask"
"67.23","1","2024-06-13T22:48:48.750Z","ask"
"67.24","0.461","2024-06-13T22:48:48.750Z","ask"
"67.4","0.434","2024-06-13T22:48:48.750Z","ask"
"67.43","0.045","2024-06-13T22:48:48.750Z","ask"
"67.5","14.817","2024-06-13T22:48:48.750Z","ask"
"67.57","3","2024-06-13T22:48:48.750Z","ask"
"67.58","0.459","2024-06-13T22:48:48.750Z","ask"
"67.93","0.456","2024-06-13T22:48:48.750Z","ask"
"68","84.397","2024-06-13T22:48:48.750Z","ask"
"68.27","0.454","2024-06-13T22:48:48.750Z","ask"
"68.28","3","2024-06-13T22:48:48.750Z","ask"
"68.3","1","2024-06-13T22:48:48.750Z","ask"
"68.37","0.178","2024-06-13T22:48:48.750Z","ask"
"68.41","0.428","2024-06-13T22:48:48.750Z","ask"
"68.5","1.15","2024-06-13T22:48:48.750Z","ask"
"68.61","0.5","2024-06-13T22:48:48.750Z","ask"
"68.62","0.452","2024-06-13T22:48:48.750Z","ask"
"68.63","1.15","2024-06-13T22:48:48.750Z","ask"
"68.7","0.061","2024-06-13T22:48:48.750Z","ask"
"68.96","0.449","2024-06-13T22:48:48.750Z","ask"
"69","171","2024-06-13T22:48:48.750Z","ask"
"69.3","0.447","2024-06-13T22:48:48.750Z","ask"
"69.45","0.421","2024-06-13T22:48:48.750Z","ask"
"69.66","0.445","2024-06-13T22:48:48.750Z","ask"
"69.75","1.075","2024-06-13T22:48:48.750Z","ask"
"70","550.188","2024-06-13T22:48:48.750Z","ask"
"70.01","0.443","2024-06-13T22:48:48.750Z","ask"
"70.05","0.001","2024-06-13T22:48:48.750Z","ask"
"70.37","0.44","2024-06-13T22:48:48.750Z","ask"
"70.42","4.827","2024-06-13T22:48:48.750Z","ask"
"70.44","1","2024-06-13T22:48:48.750Z","ask"
"70.49","0.415","2024-06-13T22:48:48.750Z","ask"
"70.69","1.54","2024-06-13T22:48:48.750Z","ask"
"70.71","0.04","2024-06-13T22:48:48.750Z","ask"
"70.72","0.04","2024-06-13T22:48:48.750Z","ask"
"70.92","17.163","2024-06-13T22:48:48.750Z","ask"
"71.01","1","2024-06-13T22:48:48.750Z","ask"
"71.02","0.717","2024-06-13T22:48:48.750Z","ask"
"71.04","18.423","2024-06-13T22:48:48.750Z","ask"
"71.08","0.436","2024-06-13T22:48:48.750Z","ask"
"71.4","0.289","2024-06-13T22:48:48.750Z","ask"
"71.43","0.434","2024-06-13T22:48:48.750Z","ask"
"71.55","0.409","2024-06-13T22:48:48.750Z","ask"
"71.8","0.432","2024-06-13T22:48:48.750Z","ask"
"72.13","0.078","2024-06-13T22:48:48.750Z","ask"
"72.16","0.429","2024-06-13T22:48:48.750Z","ask"
"72.53","0.427","2024-06-13T22:48:48.750Z","ask"
"72.64","0.403","2024-06-13T22:48:48.750Z","ask"
"72.71","0.089","2024-06-13T22:48:48.750Z","ask"
"72.89","0.425","2024-06-13T22:48:48.750Z","ask"
"73","0.189","2024-06-13T22:48:48.750Z","ask"
"73.08","0.311","2024-06-13T22:48:48.750Z","ask"
"73.26","0.423","2024-06-13T22:48:48.750Z","ask"
"73.63","0.421","2024-06-13T22:48:48.750Z","ask"
"73.73","0.397","2024-06-13T22:48:48.750Z","ask"
"74","7.038","2024-06-13T22:48:48.750Z","ask"
"74.38","0.417","2024-06-13T22:48:48.750Z","ask"
"74.66","0.035","2024-06-13T22:48:48.750Z","ask"
"74.75","0.415","2024-06-13T22:48:48.750Z","ask"
"74.85","0.391","2024-06-13T22:48:48.750Z","ask"
"74.88","0.325","2024-06-13T22:48:48.750Z","ask"
"74.9","0.04","2024-06-13T22:48:48.750Z","ask"
"75","32.647","2024-06-13T22:48:48.750Z","ask"
"75.04","14","2024-06-13T22:48:48.750Z","ask"
"75.12","0.274","2024-06-13T22:48:48.750Z","ask"
"75.13","0.412","2024-06-13T22:48:48.750Z","ask"
"75.3","0.014","2024-06-13T22:48:48.750Z","ask"
"75.39","3.027","2024-06-13T22:48:48.750Z","ask"
"75.48","0.171","2024-06-13T22:48:48.750Z","ask"
"75.5","3.897","2024-06-13T22:48:48.750Z","ask"
"75.6","0.014","2024-06-13T22:48:48.750Z","ask"
"75.74","0.083","2024-06-13T22:48:48.750Z","ask"
"75.75","1","2024-06-13T22:48:48.750Z","ask"
"75.89","0.408","2024-06-13T22:48:48.750Z","ask"
"75.95","14.867","2024-06-13T22:48:48.750Z","ask"
"75.97","0.385","2024-06-13T22:48:48.750Z","ask"
"76","6.225","2024-06-13T22:48:48.750Z","ask"
"76.26","5.885","2024-06-13T22:48:48.750Z","ask"
"76.27","54.067","2024-06-13T22:48:48.750Z","ask"
"76.56","0.023","2024-06-13T22:48:48.750Z","ask"
"76.66","0.404","2024-06-13T22:48:48.750Z","ask"
"76.7","0.269","2024-06-13T22:48:48.750Z","ask"
"76.78","18.606","2024-06-13T22:48:48.750Z","ask"
"77","0.131","2024-06-13T22:48:48.750Z","ask"
"77.04","0.402","2024-06-13T22:48:48.750Z","ask"
"77.1","1.483","2024-06-13T22:48:48.750Z","ask"
"77.12","0.379","2024-06-13T22:48:48.750Z","ask"
"77.29","34.691","2024-06-13T22:48:48.750Z","ask"
"77.36","0.199","2024-06-13T22:48:48.750Z","ask"
"77.43","0.4","2024-06-13T22:48:48.750Z","ask"
"77.47","3.227","2024-06-13T22:48:48.750Z","ask"
"77.5","0.649","2024-06-13T22:48:48.750Z","ask"
"77.53","1.413","2024-06-13T22:48:48.750Z","ask"
"77.82","0.398","2024-06-13T22:48:48.750Z","ask"
"77.86","0.101","2024-06-13T22:48:48.750Z","ask"
"77.92","0.027","2024-06-13T22:48:48.750Z","ask"
"77.99","0.074","2024-06-13T22:48:48.750Z","ask"
"78","1.001","2024-06-13T22:48:48.750Z","ask"
"78.04","0.074","2024-06-13T22:48:48.750Z","ask"
"78.07","0.065","2024-06-13T22:48:48.750Z","ask"
"78.11","1.2","2024-06-13T22:48:48.750Z","ask"
"78.12","0.027","2024-06-13T22:48:48.750Z","ask"
"78.16","0.027","2024-06-13T22:48:48.750Z","ask"
"78.22","0.396","2024-06-13T22:48:48.750Z","ask"
"78.29","0.374","2024-06-13T22:48:48.750Z","ask"
"78.4","0.47","2024-06-13T22:48:48.750Z","ask"
"78.55","0.262","2024-06-13T22:48:48.750Z","ask"
"78.61","0.394","2024-06-13T22:48:48.750Z","ask"
"78.78","0.039","2024-06-13T22:48:48.750Z","ask"
"79","6.393","2024-06-13T22:48:48.750Z","ask"
"79.01","0.392","2024-06-13T22:48:48.750Z","ask"
"79.4","0.39","2024-06-13T22:48:48.750Z","ask"
"79.46","0.368","2024-06-13T22:48:48.750Z","ask"
"79.49","1.34","2024-06-13T22:48:48.750Z","ask"
"79.81","0.388","2024-06-13T22:48:48.750Z","ask"
"79.82","0.173","2024-06-13T22:48:48.750Z","ask"
"79.93","5","2024-06-13T22:48:48.750Z","ask"
"80","29.162","2024-06-13T22:48:48.750Z","ask"
"80.06","0.026","2024-06-13T22:48:48.750Z","ask"
"80.21","0.386","2024-06-13T22:48:48.750Z","ask"
"80.29","0.3","2024-06-13T22:48:48.750Z","ask"