"price","volume","time","side"
"51.89000000","0.26800000","2024-06-13T22:48:34.641Z","sell"
"51.78000000","0.02300000","2024-06-13T22:45:34.468Z","buy"
"51.79000000","0.02200000","2024-06-13T22:44:51.784Z","buy"
"51.80000000","0.21900000","2024-06-13T22:40:31.464Z","buy"
"51.82000000","4.83200000","2024-06-13T22:36:50.140Z","buy"
"51.87000000","0.01900000","2024-06-13T22:35:38.122Z","sell"
"51.72000000","0.19100000","2024-06-13T22:28:45.838Z","sell"
"51.72000000","0.03000000","2024-06-13T22:28:45.296Z","sell"
"51.70000000","0.02700000","2024-06-13T22:28:01.167Z","buy"
"51.78000000","0.38000000","2024-06-13T22:26:41.246Z","sell"
"51.69000000","0.96600000","2024-06-13T22:22:41.076Z","buy"
"51.66000000","0.05700000","2024-06-13T22:15:46.848Z","sell"
"51.71000000","0.03100000","2024-06-13T22:14:19.103Z","buy"
"51.73000000","0.06000000","2024-06-13T22:13:42.106Z","buy"
"51.76000000","0.30200000","2024-06-13T22:13:13.867Z","sell"
"51.81000000","1.01400000","2024-06-13T22:03:08.982Z","sell"
"51.79000000","0.46300000","2024-06-13T22:01:18.283Z","buy"
"51.80000000","9.65100000","2024-06-13T22:01:18.283Z","buy"
"51.83000000","0.38700000","2024-06-13T21:58:49.513Z","buy"
"51.87000000","1.89200000","2024-06-13T21:58:30.924Z","buy"
"51.87000000","0.23300000","2024-06-13T21:57:29.961Z","buy"
"51.83000000","0.03000000","2024-06-13T21:55:18.889Z","buy"
"51.82000000","0.26800000","2024-06-13T21:55:16.107Z","sell"
"51.73000000","3.00000000","2024-06-13T21:52:56.095Z","sell"
"51.72000000","2.00000000","2024-06-13T21:52:56.095Z","sell"
"51.62000000","1.71600000","2024-06-13T21:44:10.819Z","buy"
"51.63000000","2.20000000","2024-06-13T21:44:10.819Z","buy"
"51.64000000","9.68200000","2024-06-13T21:44:10.819Z","buy"
"51.66000000","2.00000000","2024-06-13T21:44:10.153Z","sell"
"51.63000000","0.02000000","2024-06-13T21:43:09.195Z","buy"
"51.62000000","0.14100000","2024-06-13T21:40:28.843Z","buy"
"51.60000000","17.27400000","2024-06-13T21:34:59.743Z","sell"
"51.60000000","5.00000000","2024-06-13T21:34:59.742Z","sell"
"51.55000000","12.78500000","2024-06-13T21:34:23.774Z","sell"
"51.49000000","0.01900000","2024-06-13T21:33:00.967Z","sell"
"51.47000000","0.01900000","2024-06-13T21:32:41.358Z","buy"
"51.40000000","2.20000000","2024-06-13T21:29:36.384Z","sell"
"51.40000000","9.72800000","2024-06-13T21:29:36.383Z","sell"
"51.40000000","0.44500000","2024-06-13T21:29:36.383Z","sell"
"51.40000000","0.74000000","2024-06-13T21:29:36.382Z","sell"
"51.40000000","4.26000000","2024-06-13T21:29:36.382Z","sell"
"51.39000000","2.20000000","2024-06-13T21:29:36.381Z","sell"
"51.39000000","0.01900000","2024-06-13T21:27:29.279Z","sell"
"51.33000000","0.35500000","2024-06-13T21:25:27.175Z","sell"
"51.26000000","0.02900000","2024-06-13T21:24:57.186Z","buy"
"51.31000000","0.04000000","2024-06-13T21:24:01.603Z","buy"
"51.39000000","0.30800000","2024-06-13T21:23:13.331Z","buy"
"51.44000000","0.01900000","2024-06-13T21:22:43.731Z","sell"
"51.45000000","0.03800000","2024-06-13T21:17:02.905Z","sell"
"51.53000000","0.20500000","2024-06-13T21:15:49.478Z","sell"
"51.53000000","2.20000000","2024-06-13T21:15:49.478Z","sell"
"51.46000000","2.00000000","2024-06-13T21:15:17.169Z","buy"
"51.32000000","0.02300000","2024-06-13T21:12:53.435Z","buy"
"51.38000000","0.22500000","2024-06-13T21:11:26.382Z","sell"
"51.39000000","0.10000000","2024-06-13T21:11:24.566Z","buy"
"51.45000000","0.03800000","2024-06-13T21:11:05.368Z","sell"
"51.49000000","0.02900000","2024-06-13T21:10:47.359Z","sell"
"51.46000000","2.20000000","2024-06-13T21:10:44.158Z","buy"
"51.48000000","7.81600000","2024-06-13T21:10:44.110Z","buy"
"51.48000000","50.00000000","2024-06-13T21:10:44.110Z","buy"
"51.49000000","2.20000000","2024-06-13T21:10:44.109Z","buy"
"51.50000000","0.50000000","2024-06-13T21:10:44.107Z","buy"
"51.62000000","0.04200000","2024-06-13T21:09:23.154Z","buy"
"51.63000000","0.03100000","2024-06-13T21:08:51.275Z","buy"
"51.65000000","2.00000000","2024-06-13T21:08:29.668Z","buy"
"51.65000000","0.06600000","2024-06-13T21:08:23.042Z","buy"
"51.64000000","1.85200000","2024-06-13T21:02:32.088Z","sell"
"51.64000000","3.69800000","2024-06-13T21:02:32.070Z","sell"
"51.64000000","2.78500000","2024-06-13T21:02:32.066Z","sell"
"51.64000000","7.26300000","2024-06-13T21:02:32.066Z","sell"
"51.64000000","0.50400000","2024-06-13T21:00:37.219Z","buy"
"51.70000000","1.30000000","2024-06-13T20:58:58.547Z","buy"
"51.70000000","0.50000000","2024-06-13T20:58:58.542Z","sell"
"51.70000000","2.20000000","2024-06-13T20:58:58.542Z","sell"
"51.67000000","2.01300000","2024-06-13T20:56:51.071Z","buy"
"51.68000000","0.02000000","2024-06-13T20:50:44.141Z","buy"
"51.70000000","0.95300000","2024-06-13T20:48:06.803Z","buy"
"51.62000000","0.00200000","2024-06-13T20:43:25.838Z","buy"
"51.72000000","0.03000000","2024-06-13T20:42:03.391Z","sell"
"51.69000000","0.03900000","2024-06-13T20:42:03.162Z","buy"
"51.72000000","2.26000000","2024-06-13T20:41:02.203Z","buy"
"51.72000000","2.00000000","2024-06-13T20:41:02.203Z","buy"
"51.76000000","0.23300000","2024-06-13T20:40:33.339Z","sell"
"51.76000000","0.01500000","2024-06-13T20:40:24.425Z","buy"
"51.80000000","1.97100000","2024-06-13T20:37:27.503Z","buy"
"51.83000000","2.00000000","2024-06-13T20:36:35.336Z","buy"
"51.82000000","2.00000000","2024-06-13T20:35:21.187Z","buy"
"51.83000000","7.98700000","2024-06-13T20:34:19.871Z","buy"
"51.83000000","2.00000000","2024-06-13T20:34:19.871Z","buy"
"51.83000000","2.20000000","2024-06-13T20:33:35.757Z","buy"
"51.83000000","0.20000000","2024-06-13T20:33:35.753Z","buy"
"51.83000000","1.16000000","2024-06-13T20:33:35.753Z","buy"
"51.84000000","9.64400000","2024-06-13T20:33:35.751Z","buy"
"51.84000000","2.20000000","2024-06-13T20:33:35.751Z","buy"
"51.83000000","0.02000000","2024-06-13T20:31:43.629Z","buy"
"51.95000000","2.12900000","2024-06-13T20:27:17.492Z","sell"
"51.93000000","5.12500000","2024-06-13T20:26:48.319Z","sell"
"51.92000000","0.01100000","2024-06-13T20:25:47.005Z","buy"
"51.95000000","0.02500000","2024-06-13T20:20:08.663Z","buy"
"51.89000000","1.18000000","2024-06-13T20:13:24.752Z","buy"
"51.87000000","0.02900000","2024-06-13T20:09:37.240Z","sell"
"51.88000000","0.09000000","2024-06-13T20:08:49.404Z","buy"
"51.89000000","2.00000000","2024-06-13T20:08:49.404Z","buy"
"51.97000000","2.00000000","2024-06-13T20:08:06.569Z","buy"
"52.03000000","0.01900000","2024-06-13T20:05:09.328Z","buy"
"51.99000000","0.02800000","2024-06-13T20:03:27.989Z","buy"
"52.05000000","0.09500000","2024-06-13T20:01:08.393Z","sell"
"52.08000000","0.10400000","2024-06-13T19:59:12.238Z","buy"
"52.07000000","0.08600000","2024-06-13T19:58:23.095Z","buy"
"52.06000000","0.09700000","2024-06-13T19:57:53.386Z","buy"
"52.06000000","0.47600000","2024-06-13T19:54:01.277Z","buy"
"52.06000000","0.01900000","2024-06-13T19:53:46.045Z","buy"
"52.05000000","0.01200000","2024-06-13T19:51:59.417Z","buy"
"52.14000000","4.88100000","2024-06-13T19:47:14.914Z","sell"
"52.14000000","7.19500000","2024-06-13T19:47:14.914Z","sell"
"52.14000000","2.02600000","2024-06-13T19:47:14.914Z","sell"
"52.13000000","1.15100000","2024-06-13T19:47:14.914Z","sell"
"52.12000000","2.24800000","2024-06-13T19:47:14.648Z","buy"
"52.14000000","0.17400000","2024-06-13T19:47:03.982Z","sell"
"52.09000000","0.02500000","2024-06-13T19:41:59.554Z","buy"
"52.13000000","0.18800000","2024-06-13T19:41:29.989Z","sell"
"52.08000000","1.00600000","2024-06-13T19:38:01.334Z","sell"
"52.11000000","2.14400000","2024-06-13T19:34:44.721Z","sell"
"52.07000000","0.05000000","2024-06-13T19:34:34.204Z","buy"
"52.24000000","0.96400000","2024-06-13T19:26:21.036Z","buy"
"52.26000000","5.73600000","2024-06-13T19:26:21.036Z","buy"
"52.26000000","0.70000000","2024-06-13T19:26:21.036Z","buy"
"52.26000000","1.50000000","2024-06-13T19:26:21.035Z","buy"
"52.27000000","0.50000000","2024-06-13T19:26:21.035Z","buy"
"52.32000000","2.20000000","2024-06-13T19:26:17.571Z","buy"
"52.29000000","1.82600000","2024-06-13T19:26:17.568Z","buy"
"52.30000000","1.29000000","2024-06-13T19:26:17.567Z","buy"
"52.30000000","2.00000000","2024-06-13T19:26:17.565Z","buy"
"52.31000000","9.55800000","2024-06-13T19:26:17.565Z","buy"
"52.32000000","0.20000000","2024-06-13T19:26:17.565Z","buy"
"52.32000000","5.52900000","2024-06-13T19:26:17.564Z","buy"
"52.32000000","0.20000000","2024-06-13T19:26:17.564Z","buy"
"52.33000000","2.20000000","2024-06-13T19:26:17.564Z","buy"
"52.34000000","0.50000000","2024-06-13T19:26:17.564Z","buy"
"52.34000000","1.69800000","2024-06-13T19:26:17.564Z","buy"
"52.34000000","7.85400000","2024-06-13T19:26:17.563Z","buy"
"52.38000000","0.02900000","2024-06-13T19:24:06.639Z","buy"
"52.39000000","2.20000000","2024-06-13T19:24:04.109Z","sell"
"52.38000000","0.50000000","2024-06-13T19:24:04.105Z","sell"
"52.38000000","9.54500000","2024-06-13T19:24:04.105Z","sell"
"52.24000000","0.01800000","2024-06-13T19:16:48.453Z","sell"
"52.32000000","9.55700000","2024-06-13T19:12:59.103Z","sell"
"52.32000000","3.60000000","2024-06-13T19:12:59.103Z","sell"
"52.31000000","2.20000000","2024-06-13T19:12:59.103Z","sell"
"52.31000000","0.50000000","2024-06-13T19:12:59.102Z","sell"
"52.31000000","5.20000000","2024-06-13T19:12:59.102Z","sell"
"52.26000000","0.50000000","2024-06-13T19:12:33.142Z","buy"
"52.26000000","5.73600000","2024-06-13T19:12:33.142Z","buy"
"52.32000000","3.96400000","2024-06-13T19:12:31.453Z","sell"
"52.27000000","3.83600000","2024-06-13T19:12:31.453Z","sell"
"52.25000000","2.20000000","2024-06-13T19:12:31.411Z","sell"
"52.24000000","3.00000000","2024-06-13T19:12:31.395Z","sell"
"52.24000000","2.20000000","2024-06-13T19:12:31.392Z","sell"
"52.23000000","1.71500000","2024-06-13T19:12:31.348Z","sell"
"52.23000000","3.48500000","2024-06-13T19:12:31.347Z","sell"
"52.21000000","2.20000000","2024-06-13T19:12:31.313Z","sell"
"52.20000000","5.20000000","2024-06-13T19:12:31.308Z","sell"
"52.22000000","1.83900000","2024-06-13T19:12:31.303Z","sell"
"52.21000000","5.20000000","2024-06-13T19:12:31.303Z","sell"
"52.20000000","2.20000000","2024-06-13T19:12:31.303Z","sell"
"52.20000000","0.50000000","2024-06-13T19:12:31.302Z","sell"
"52.20000000","3.63000000","2024-06-13T19:12:31.302Z","sell"
"52.12000000","0.00600000","2024-06-13T19:11:57.308Z","buy"
"52.19000000","0.02900000","2024-06-13T19:11:28.177Z","buy"
"52.15000000","0.23800000","2024-06-13T19:11:04.314Z","buy"
"52.14000000","0.07500000","2024-06-13T19:10:03.117Z","buy"
"52.10000000","0.09700000","2024-06-13T19:08:42.451Z","buy"
"52.20000000","2.07600000","2024-06-13T18:59:30.095Z","buy"
"52.21000000","0.02300000","2024-06-13T18:58:15.206Z","buy"
"52.21000000","1.03100000","2024-06-13T18:58:11.430Z","buy"
"52.19000000","2.07500000","2024-06-13T18:57:56.609Z","buy"
"52.24000000","1.93400000","2024-06-13T18:56:01.044Z","sell"
"52.18000000","1.48300000","2024-06-13T18:52:29.468Z","buy"
"52.17000000","0.06700000","2024-06-13T18:51:21.782Z","buy"
"52.13000000","1.37600000","2024-06-13T18:50:39.448Z","buy"
"52.15000000","1.27100000","2024-06-13T18:48:50.847Z","buy"
"52.15000000","1.27100000","2024-06-13T18:45:50.244Z","sell"
"52.10000000","0.02900000","2024-06-13T18:45:15.415Z","buy"
"52.09000000","0.01900000","2024-06-13T18:44:10.179Z","buy"
"52.11000000","0.81000000","2024-06-13T18:43:18.282Z","sell"
"52.06000000","0.81700000","2024-06-13T18:41:33.480Z","buy"
"52.06000000","1.94800000","2024-06-13T18:40:20.245Z","buy"
"52.06000000","0.03000000","2024-06-13T18:39:44.094Z","buy"
"52.10000000","1.00000000","2024-06-13T18:39:09.705Z","sell"
"52.09000000","1.03000000","2024-06-13T18:37:55.161Z","buy"
"52.13000000","0.61300000","2024-06-13T18:37:25.268Z","buy"
"52.13000000","7.36900000","2024-06-13T18:37:25.230Z","buy"
"52.13000000","0.01800000","2024-06-13T18:37:13.287Z","buy"
"52.19000000","1.45500000","2024-06-13T18:35:57.185Z","sell"
"52.18000000","0.37100000","2024-06-13T18:35:57.185Z","sell"
"52.15000000","0.23400000","2024-06-13T18:35:48.724Z","buy"
"52.19000000","0.01100000","2024-06-13T18:34:17.633Z","buy"
"52.24000000","0.93700000","2024-06-13T18:33:07.805Z","sell"
"52.23000000","0.40600000","2024-06-13T18:33:07.805Z","sell"
"52.23000000","1.93400000","2024-06-13T18:33:04.434Z","sell"
"52.23000000","0.10000000","2024-06-13T18:33:04.434Z","sell"
"52.24000000","0.06400000","2024-06-13T18:31:40.469Z","buy"
"52.23000000","0.01800000","2024-06-13T18:31:20.351Z","buy"
"52.23000000","0.93700000","2024-06-13T18:31:02.409Z","sell"
"52.21000000","0.85400000","2024-06-13T18:30:28.079Z","sell"
"52.19000000","0.44000000","2024-06-13T18:30:28.063Z","sell"
"52.19000000","0.10000000","2024-06-13T18:28:19.303Z","sell"
"52.16000000","0.02300000","2024-06-13T18:27:54.542Z","buy"
"52.19000000","0.10000000","2024-06-13T18:27:31.559Z","sell"
"52.19000000","0.52800000","2024-06-13T18:27:31.154Z","sell"
"52.19000000","0.44000000","2024-06-13T18:27:30.513Z","sell"
"52.19000000","2.20000000","2024-06-13T18:27:30.513Z","sell"
"52.18000000","0.01900000","2024-06-13T18:27:04.278Z","buy"
"52.25000000","9.56900000","2024-06-13T18:25:55.147Z","buy"
"52.26000000","0.77300000","2024-06-13T18:25:48.430Z","sell"
"52.24000000","0.50400000","2024-06-13T18:25:11.241Z","buy"
"52.23000000","0.05900000","2024-06-13T18:24:51.774Z","sell"
"52.23000000","0.29600000","2024-06-13T18:24:50.955Z","sell"
"52.21000000","0.44000000","2024-06-13T18:24:40.181Z","sell"
"52.18000000","0.19000000","2024-06-13T18:24:39.352Z","sell"
"52.18000000","0.79300000","2024-06-13T18:23:41.276Z","sell"
"52.17000000","0.79900000","2024-06-13T18:23:23.849Z","buy"
"52.16000000","0.08800000","2024-06-13T18:23:21.682Z","sell"
"52.16000000","0.44000000","2024-06-13T18:23:19.757Z","sell"
"52.14000000","0.44000000","2024-06-13T18:23:00.804Z","sell"
"52.15000000","0.01900000","2024-06-13T18:21:44.972Z","buy"
"52.17000000","0.29600000","2024-06-13T18:20:33.379Z","sell"
"52.17000000","0.79900000","2024-06-13T18:20:32.938Z","sell"
"52.17000000","0.68100000","2024-06-13T18:20:32.938Z","sell"
"52.14000000","3.00200000","2024-06-13T18:19:01.718Z","buy"
"52.13000000","0.32000000","2024-06-13T18:18:33.843Z","sell"
"52.13000000","0.10000000","2024-06-13T18:18:33.843Z","sell"
"52.17000000","1.00900000","2024-06-13T18:17:41.645Z","sell"
"52.17000000","0.09500000","2024-06-13T18:17:39.797Z","sell"
"52.16000000","1.00500000","2024-06-13T18:16:07.259Z","buy"
"52.14000000","0.01400000","2024-06-13T18:15:35.978Z","buy"
"52.14000000","0.13600000","2024-06-13T18:14:32.119Z","sell"
"52.11000000","0.27000000","2024-06-13T18:13:56.599Z","buy"
"52.19000000","0.99300000","2024-06-13T18:11:53.683Z","sell"
"52.16000000","0.93000000","2024-06-13T18:10:20.683Z","sell"
"52.17000000","0.86000000","2024-06-13T18:07:44.531Z","sell"
"52.14000000","0.02100000","2024-06-13T18:07:37.831Z","buy"
"52.13000000","2.20000000","2024-06-13T18:06:34.127Z","buy"
"52.14000000","2.00000000","2024-06-13T18:06:34.125Z","buy"
"52.14000000","0.86700000","2024-06-13T18:06:02.240Z","sell"
"52.11000000","1.04400000","2024-06-13T18:05:14.338Z","buy"
"52.12000000","9.59300000","2024-06-13T18:04:50.778Z","buy"
"52.13000000","0.50000000","2024-06-13T18:04:50.777Z","buy"
"52.21000000","4.02200000","2024-06-13T18:01:03.455Z","buy"
"52.23000000","2.10900000","2024-06-13T18:00:47.562Z","buy"
"52.24000000","2.00000000","2024-06-13T18:00:47.562Z","buy"
"52.26000000","1.10000000","2024-06-13T18:00:43.500Z","sell"
"52.19000000","4.16800000","2024-06-13T18:00:32.923Z","buy"
"52.19000000","2.00000000","2024-06-13T18:00:32.923Z","buy"
"52.19000000","6.17000000","2024-06-13T18:00:11.321Z","buy"
"52.18000000","0.64800000","2024-06-13T17:56:09.298Z","buy"
"52.18000000","1.83300000","2024-06-13T17:56:09.298Z","buy"
"52.19000000","4.19000000","2024-06-13T17:56:09.298Z","buy"
"52.19000000","2.12000000","2024-06-13T17:56:09.298Z","buy"
"52.20000000","0.50000000","2024-06-13T17:56:09.298Z","buy"
"52.20000000","9.57700000","2024-06-13T17:56:09.298Z","buy"
"52.20000000","22.25200000","2024-06-13T17:56:09.298Z","buy"
"52.20000000","0.02200000","2024-06-13T17:56:03.491Z","buy"
"52.20000000","0.83100000","2024-06-13T17:54:08.536Z","buy"
"52.20000000","2.20000000","2024-06-13T17:54:08.536Z","buy"
"52.18000000","0.00100000","2024-06-13T17:51:42.869Z","buy"
"52.26000000","0.17600000","2024-06-13T17:50:19.388Z","buy"
"52.22000000","0.42900000","2024-06-13T17:50:04.472Z","buy"
"52.23000000","9.57100000","2024-06-13T17:50:04.472Z","buy"
"52.25000000","0.09500000","2024-06-13T17:49:48.032Z","sell"
"52.24000000","0.23700000","2024-06-13T17:49:35.129Z","sell"
"52.26000000","0.28400000","2024-06-13T17:49:21.171Z","sell"
"52.11000000","1.90800000","2024-06-13T17:47:03.198Z","buy"
"52.17000000","0.00600000","2024-06-13T17:43:54.632Z","buy"
"52.20000000","0.98000000","2024-06-13T17:43:15.061Z","sell"
"52.16000000","0.02100000","2024-06-13T17:42:44.377Z","buy"
"52.21000000","0.34200000","2024-06-13T17:42:41.588Z","sell"
"52.21000000","0.03800000","2024-06-13T17:42:41.588Z","sell"
"52.19000000","0.00100000","2024-06-13T17:40:44.250Z","buy"
"52.15000000","2.00000000","2024-06-13T17:35:49.392Z","buy"
"52.02000000","0.01600000","2024-06-13T17:28:49.617Z","buy"
"52.00000000","0.02900000","2024-06-13T17:27:55.509Z","buy"
"52.13000000","2.20000000","2024-06-13T17:23:45.498Z","buy"
"52.14000000","9.58900000","2024-06-13T17:23:45.412Z","buy"
"52.14000000","0.50000000","2024-06-13T17:23:45.412Z","buy"
"52.06000000","1.25800000","2024-06-13T17:23:38.520Z","sell"
"52.06000000","2.65700000","2024-06-13T17:23:38.505Z","sell"
"52.06000000","8.87900000","2024-06-13T17:23:38.505Z","sell"
"52.06000000","0.20000000","2024-06-13T17:23:38.363Z","sell"
"52.06000000","2.20000000","2024-06-13T17:23:38.363Z","sell"
"52.05000000","7.79500000","2024-06-13T17:23:37.327Z","buy"
"52.21000000","0.01100000","2024-06-13T17:20:09.204Z","buy"
"52.17000000","0.01400000","2024-06-13T17:14:08.835Z","buy"
"52.16000000","0.01300000","2024-06-13T17:12:11.168Z","buy"
"52.12000000","0.03000000","2024-06-13T17:11:47.720Z","buy"
"52.14000000","0.00300000","2024-06-13T17:03:11.331Z","buy"
"52.14000000","1.00000000","2024-06-13T17:01:31.198Z","sell"
"52.14000000","2.00000000","2024-06-13T17:01:31.198Z","sell"
"52.09000000","0.02300000","2024-06-13T16:58:56.873Z","buy"
"51.96000000","0.01900000","2024-06-13T16:52:46.515Z","buy"
"51.87000000","0.01400000","2024-06-13T16:49:14.098Z","buy"
"51.96000000","0.02100000","2024-06-13T16:46:50.126Z","buy"
"51.99000000","2.00000000","2024-06-13T16:46:01.645Z","buy"
"51.96000000","0.01900000","2024-06-13T16:45:24.547Z","buy"
"51.97000000","2.32000000","2024-06-13T16:40:32.634Z","buy"
"51.96000000","2.00000000","2024-06-13T16:40:02.206Z","sell"
"51.94000000","0.00200000","2024-06-13T16:39:48.666Z","buy"
"52.03000000","2.08300000","2024-06-13T16:35:29.291Z","buy"
"52.14000000","0.95000000","2024-06-13T16:33:54.357Z","sell"
"52.12000000","0.02600000","2024-06-13T16:33:27.174Z","buy"
"52.12000000","0.77600000","2024-06-13T16:33:10.399Z","buy"
"52.13000000","0.01300000","2024-06-13T16:30:44.200Z","buy"
"52.05000000","0.02500000","2024-06-13T16:30:03.879Z","buy"
"52.08000000","0.01500000","2024-06-13T16:29:32.761Z","buy"
"52.02000000","0.19200000","2024-06-13T16:24:02.939Z","buy"
"52.14000000","0.03700000","2024-06-13T16:19:14.912Z","sell"
"52.03000000","0.01700000","2024-06-13T16:17:29.777Z","buy"
"52.02000000","4.00000000","2024-06-13T16:11:52.744Z","buy"
"52.09000000","2.20000000","2024-06-13T16:11:48.889Z","sell"
"52.09000000","1.85800000","2024-06-13T16:11:48.855Z","sell"
"52.08000000","0.34200000","2024-06-13T16:11:48.855Z","sell"
"52.08000000","2.20000000","2024-06-13T16:11:48.853Z","sell"
"52.02000000","4.36200000","2024-06-13T16:11:48.420Z","sell"
"51.97000000","0.20000000","2024-06-13T16:11:06.823Z","buy"
"51.96000000","5.20000000","2024-06-13T16:11:01.802Z","sell"
"51.95000000","0.21100000","2024-06-13T16:11:01.799Z","sell"
"51.95000000","0.28900000","2024-06-13T16:11:01.798Z","sell"
"51.95000000","5.14400000","2024-06-13T16:11:01.798Z","sell"
"51.84000000","0.27200000","2024-06-13T16:09:36.709Z","buy"
"51.82000000","4.05100000","2024-06-13T16:08:41.843Z","buy"
"51.82000000","9.64700000","2024-06-13T16:08:41.843Z","buy"
"51.85000000","2.20000000","2024-06-13T16:08:41.843Z","buy"
"51.85000000","2.00000000","2024-06-13T16:08:41.843Z","buy"
"51.95000000","0.02900000","2024-06-13T16:08:18.087Z","sell"
"51.98000000","0.04400000","2024-06-13T16:06:26.223Z","sell"
"51.95000000","4.28300000","2024-06-13T16:06:24.818Z","buy"
"51.97000000","2.24700000","2024-06-13T16:06:24.527Z","buy"
"52.01000000","0.05700000","2024-06-13T16:06:21.353Z","sell"
"51.99000000","4.91300000","2024-06-13T16:06:20.436Z","buy"
"51.99000000","0.02900000","2024-06-13T16:06:19.778Z","buy"
"51.90000000","4.50200000","2024-06-13T16:06:09.069Z","buy"
"51.92000000","5.20000000","2024-06-13T16:06:04.136Z","buy"
"51.86000000","13.85200000","2024-06-13T16:05:55.413Z","sell"
"51.86000000","5.00000000","2024-06-13T16:05:55.411Z","sell"
"51.86000000","10.00000000","2024-06-13T16:05:55.411Z","sell"
"51.86000000","5.00000000","2024-06-13T16:05:55.408Z","sell"
"51.86000000","10.00000000","2024-06-13T16:05:55.406Z","sell"
"51.86000000","6.14800000","2024-06-13T16:05:55.320Z","sell"
"51.73000000","0.02000000","2024-06-13T16:05:37.231Z","buy"
"51.71000000","1.00000000","2024-06-13T16:05:04.481Z","sell"
"51.55000000","3.58300000","2024-06-13T16:04:02.225Z","buy"
"51.56000000","0.48300000","2024-06-13T16:03:57.785Z","sell"
"51.55000000","1.00000000","2024-06-13T16:03:54.618Z","sell"
"51.50000000","3.86200000","2024-06-13T16:03:52.553Z","buy"
"51.63000000","3.57100000","2024-06-13T16:03:07.390Z","sell"
"51.59000000","0.06500000","2024-06-13T16:02:32.392Z","buy"
"51.76000000","2.99800000","2024-06-13T15:59:56.687Z","sell"
"51.76000000","3.87400000","2024-06-13T15:59:00.257Z","sell"
"51.67000000","3.86700000","2024-06-13T15:56:46.332Z","buy"
"51.76000000","0.48300000","2024-06-13T15:55:12.623Z","sell"
"51.76000000","0.03900000","2024-06-13T15:54:17.753Z","buy"
"51.75000000","0.08900000","2024-06-13T15:50:12.623Z","buy"
"51.70000000","1.31300000","2024-06-13T15:49:20.164Z","buy"
"51.74000000","0.67400000","2024-06-13T15:48:12.754Z","sell"
"51.72000000","1.77500000","2024-06-13T15:47:43.307Z","buy"
"51.77000000","0.20000000","2024-06-13T15:47:36.939Z","sell"
"51.47000000","1.23900000","2024-06-13T15:43:34.830Z","buy"
"51.47000000","0.00100000","2024-06-13T15:43:34.468Z","buy"
"51.51000000","2.20000000","2024-06-13T15:43:03.473Z","buy"
"51.56000000","0.02900000","2024-06-13T15:43:02.961Z","sell"
"51.52000000","0.00100000","2024-06-13T15:42:56.943Z","buy"
"51.67000000","0.29900000","2024-06-13T15:42:04.981Z","buy"
"51.69000000","2.00000000","2024-06-13T15:41:59.032Z","sell"
"51.69000000","0.03000000","2024-06-13T15:41:51.923Z","sell"
"51.77000000","0.23200000","2024-06-13T15:40:36.881Z","sell"
"51.78000000","0.20000000","2024-06-13T15:39:31.976Z","buy"
"51.78000000","2.20000000","2024-06-13T15:39:31.976Z","buy"
"51.78000000","3.21000000","2024-06-13T15:39:31.976Z","buy"
"51.85000000","0.29800000","2024-06-13T15:39:15.521Z","sell"
"51.85000000","0.20000000","2024-06-13T15:39:15.521Z","sell"
"51.85000000","2.00000000","2024-06-13T15:39:15.521Z","sell"
"51.84000000","0.50000000","2024-06-13T15:39:15.521Z","sell"
"51.82000000","0.20000000","2024-06-13T15:39:13.840Z","buy"
"51.82000000","2.20000000","2024-06-13T15:39:13.840Z","buy"
"51.86000000","2.20000000","2024-06-13T15:38:27.419Z","buy"
"51.80000000","0.01400000","2024-06-13T15:38:10.946Z","buy"
"51.93000000","2.59800000","2024-06-13T15:37:14.987Z","sell"
"51.93000000","2.20000000","2024-06-13T15:37:14.987Z","sell"
"51.92000000","0.20000000","2024-06-13T15:37:14.987Z","sell"
"51.91000000","0.05800000","2024-06-13T15:36:41.746Z","sell"
"51.86000000","0.20000000","2024-06-13T15:36:38.909Z","sell"
"51.86000000","2.20000000","2024-06-13T15:36:38.909Z","sell"
"51.83000000","0.55200000","2024-06-13T15:36:37.331Z","buy"
"51.91000000","0.10000000","2024-06-13T15:36:32.036Z","buy"
"51.94000000","0.65400000","2024-06-13T15:36:27.735Z","sell"
"51.96000000","0.20000000","2024-06-13T15:35:27.365Z","buy"
"52.01000000","2.20000000","2024-06-13T15:35:26.605Z","sell"
"52.00000000","0.02000000","2024-06-13T15:35:22.701Z","buy"
"52.16000000","2.20000000","2024-06-13T15:31:12.042Z","sell"
"52.13000000","1.98400000","2024-06-13T15:30:02.451Z","buy"
"52.14000000","2.79800000","2024-06-13T15:29:28.594Z","sell"
"52.13000000","2.20000000","2024-06-13T15:29:28.594Z","sell"
"52.02000000","0.03000000","2024-06-13T15:28:44.460Z","sell"
"52.06000000","0.03800000","2024-06-13T15:28:41.459Z","sell"
"52.10000000","0.46500000","2024-06-13T15:28:34.950Z","sell"
"52.12000000","0.04000000","2024-06-13T15:28:32.482Z","buy"
"52.19000000","2.00000000","2024-06-13T15:26:58.019Z","sell"
"52.16000000","0.19500000","2024-06-13T15:25:46.359Z","sell"
"52.23000000","2.20000000","2024-06-13T15:24:28.961Z","buy"
"52.24000000","9.57000000","2024-06-13T15:24:28.960Z","buy"
"52.24000000","2.20000000","2024-06-13T15:24:28.960Z","buy"
"52.25000000","0.02900000","2024-06-13T15:23:41.284Z","sell"
"52.21000000","2.00500000","2024-06-13T15:23:39.278Z","buy"
"52.23000000","3.31000000","2024-06-13T15:23:39.278Z","buy"
"52.23000000","9.57200000","2024-06-13T15:23:39.278Z","buy"
"52.24000000","2.00000000","2024-06-13T15:23:39.278Z","buy"
"52.36000000","0.06700000","2024-06-13T15:21:02.186Z","sell"
"52.34000000","1.82100000","2024-06-13T15:21:00.775Z","buy"
"52.35000000","0.09500000","2024-06-13T15:21:00.775Z","buy"
"52.39000000","2.00000000","2024-06-13T15:18:39.334Z","buy"
"52.43000000","2.00000000","2024-06-13T15:18:10.065Z","buy"
"52.44000000","1.88600000","2024-06-13T15:16:18.740Z","buy"
"52.44000000","2.20000000","2024-06-13T15:16:18.740Z","buy"
"52.45000000","2.00000000","2024-06-13T15:16:18.740Z","buy"
"52.59000000","0.01900000","2024-06-13T15:08:28.615Z","buy"
"52.42000000","0.10300000","2024-06-13T15:05:15.600Z","buy"
"52.43000000","0.10000000","2024-06-13T15:02:49.405Z","buy"
"52.56000000","0.01800000","2024-06-13T15:01:59.477Z","buy"
"52.55000000","0.19500000","2024-06-13T15:00:37.462Z","sell"
"52.59000000","4.44900000","2024-06-13T14:58:45.300Z","buy"
"52.59000000","2.20000000","2024-06-13T14:58:45.300Z","buy"
"52.60000000","2.25000000","2024-06-13T14:58:44.961Z","buy"
"52.61000000","2.20000000","2024-06-13T14:58:44.961Z","buy"
"52.69000000","1.68900000","2024-06-13T14:58:44.874Z","buy"
"52.69000000","7.80000000","2024-06-13T14:58:44.872Z","buy"
"52.69000000","2.20000000","2024-06-13T14:58:44.872Z","buy"
"52.89000000","5.65900000","2024-06-13T14:55:08.446Z","sell"
"52.95000000","1.95600000","2024-06-13T14:50:47.830Z","buy"
"52.90000000","0.07800000","2024-06-13T14:49:43.537Z","buy"
"53.02000000","2.20000000","2024-06-13T14:46:37.199Z","buy"
"53.02000000","9.43000000","2024-06-13T14:46:37.199Z","buy"
"53.02000000","2.31200000","2024-06-13T14:46:23.035Z","buy"
"53.02000000","3.34200000","2024-06-13T14:46:23.031Z","buy"
"53.02000000","0.20000000","2024-06-13T14:46:23.031Z","buy"
"53.03000000","2.20000000","2024-06-13T14:46:23.031Z","buy"
"53.03000000","0.50000000","2024-06-13T14:46:23.031Z","buy"
"53.03000000","9.42800000","2024-06-13T14:46:23.031Z","buy"
"53.03000000","0.19500000","2024-06-13T14:46:17.945Z","buy"
"53.06000000","3.77200000","2024-06-13T14:46:13.929Z","sell"
"53.05000000","0.45000000","2024-06-13T14:46:13.919Z","sell"
"53.02000000","0.45100000","2024-06-13T14:46:13.919Z","sell"
"53.01000000","2.20000000","2024-06-13T14:46:13.834Z","sell"
"53.01000000","3.90000000","2024-06-13T14:46:13.828Z","sell"
"52.99000000","6.62100000","2024-06-13T14:46:13.824Z","sell"
"52.99000000","2.61400000","2024-06-13T14:46:13.824Z","sell"
"52.98000000","0.50000000","2024-06-13T14:46:13.824Z","sell"
"52.98000000","4.02000000","2024-06-13T14:46:13.824Z","sell"
"52.98000000","0.20000000","2024-06-13T14:46:13.824Z","sell"
"52.98000000","2.20000000","2024-06-13T14:46:13.824Z","sell"
"52.83000000","3.79800000","2024-06-13T14:43:05.448Z","sell"
"52.83000000","1.26400000","2024-06-13T14:43:05.448Z","sell"
"52.83000000","3.93600000","2024-06-13T14:43:05.444Z","sell"
"52.76000000","0.02300000","2024-06-13T14:42:59.381Z","buy"
"52.94000000","0.10000000","2024-06-13T14:39:31.059Z","sell"
"52.89000000","2.20000000","2024-06-13T14:39:02.108Z","sell"
"52.90000000","9.88000000","2024-06-13T14:39:02.108Z","sell"
"52.89000000","5.20000000","2024-06-13T14:39:02.106Z","sell"
"52.88000000","2.20000000","2024-06-13T14:39:02.106Z","sell"
"52.86000000","2.00000000","2024-06-13T14:39:01.278Z","sell"
"52.74000000","1.11700000","2024-06-13T14:38:26.925Z","buy"
"52.75000000","5.00000000","2024-06-13T14:38:26.925Z","buy"
"52.77000000","0.02700000","2024-06-13T14:37:43.635Z","sell"
"52.74000000","0.06700000","2024-06-13T14:35:20.528Z","buy"
"52.80000000","3.70100000","2024-06-13T14:35:13.182Z","buy"
"52.80000000","0.10000000","2024-06-13T14:35:13.182Z","buy"
"52.75000000","2.20000000","2024-06-13T14:35:09.586Z","sell"
"52.77000000","2.20000000","2024-06-13T14:35:07.636Z","buy"
"52.57000000","3.80100000","2024-06-13T14:34:51.298Z","sell"
"52.47000000","5.20000000","2024-06-13T14:34:39.644Z","buy"
"52.45000000","5.20000000","2024-06-13T14:34:36.503Z","sell"
"52.29000000","2.79600000","2024-06-13T14:28:12.209Z","sell"
"52.29000000","2.20000000","2024-06-13T14:28:12.209Z","sell"
"52.29000000","0.08500000","2024-06-13T14:27:02.545Z","buy"
"52.35000000","0.64800000","2024-06-13T14:26:31.095Z","sell"
"52.28000000","0.37000000","2024-06-13T14:25:24.912Z","sell"
"52.30000000","1.92100000","2024-06-13T14:25:16.256Z","buy"
"52.38000000","0.06700000","2024-06-13T14:24:53.162Z","sell"
"52.38000000","2.53100000","2024-06-13T14:24:49.481Z","buy"
"52.38000000","7.12900000","2024-06-13T14:24:49.472Z","buy"
"52.38000000","0.28600000","2024-06-13T14:24:45.598Z","buy"
"52.43000000","0.10000000","2024-06-13T14:23:42.331Z","buy"
"52.71000000","0.03800000","2024-06-13T14:21:38.731Z","sell"
"52.63000000","0.10200000","2024-06-13T14:21:23.406Z","buy"
"52.63000000","4.57400000","2024-06-13T14:20:30.202Z","buy"
"52.63000000","2.00000000","2024-06-13T14:20:30.202Z","buy"
"52.48000000","0.20000000","2024-06-13T14:14:12.116Z","buy"
"52.48000000","9.52600000","2024-06-13T14:14:12.116Z","buy"
"52.48000000","2.20000000","2024-06-13T14:14:12.116Z","buy"
"52.45000000","2.20000000","2024-06-13T14:13:07.062Z","buy"
"52.55000000","3.79900000","2024-06-13T14:12:24.120Z","buy"
"52.63000000","2.00000000","2024-06-13T14:12:06.430Z","buy"
"52.79000000","9.89900000","2024-06-13T14:10:43.777Z","sell"
"52.78000000","2.78400000","2024-06-13T14:07:56.235Z","sell"
"52.59000000","0.01800000","2024-06-13T14:03:54.278Z","sell"
"52.60000000","0.01000000","2024-06-13T14:03:22.008Z","buy"
"52.49000000","0.02300000","2024-06-13T13:58:20.094Z","buy"
"52.54000000","0.19500000","2024-06-13T13:58:11.243Z","sell"
"52.57000000","2.94700000","2024-06-13T13:57:26.346Z","sell"
"52.57000000","2.00000000","2024-06-13T13:57:26.346Z","sell"
"52.57000000","0.05000000","2024-06-13T13:57:26.346Z","sell"
"52.67000000","4.96900000","2024-06-13T13:53:24.106Z","sell"
"52.67000000","0.03100000","2024-06-13T13:53:24.106Z","sell"
"52.64000000","2.20000000","2024-06-13T13:52:22.185Z","buy"
"52.65000000","0.50000000","2024-06-13T13:52:22.181Z","buy"
"52.74000000","9.81100000","2024-06-13T13:51:28.908Z","buy"
"52.76000000","0.11300000","2024-06-13T13:51:24.980Z","sell"
"52.77000000","0.01100000","2024-06-13T13:48:49.325Z","buy"
"52.74000000","0.06800000","2024-06-13T13:47:20.807Z","buy"
"52.96000000","2.06400000","2024-06-13T13:41:17.236Z","buy"
"53.03000000","0.19500000","2024-06-13T13:38:18.546Z","buy"
"53.01000000","0.07300000","2024-06-13T13:38:13.919Z","buy"
"52.95000000","0.50000000","2024-06-13T13:37:01.719Z","sell"
"52.95000000","1.78600000","2024-06-13T13:37:01.719Z","sell"
"52.95000000","3.92000000","2024-06-13T13:37:01.719Z","sell"
"52.94000000","0.10000000","2024-06-13T13:37:01.719Z","sell"
"52.83000000","2.36600000","2024-06-13T13:36:30.175Z","buy"
"52.89000000","2.00000000","2024-06-13T13:32:12.615Z","sell"
"52.79000000","0.06700000","2024-06-13T13:31:48.311Z","buy"
"52.73000000","0.02900000","2024-06-13T13:24:48.061Z","buy"
"52.68000000","0.19500000","2024-06-13T13:24:14.044Z","buy"
"52.67000000","1.26000000","2024-06-13T13:23:57.233Z","sell"
"52.66000000","0.21700000","2024-06-13T13:23:57.233Z","sell"
"52.25000000","0.32900000","2024-06-13T13:10:13.700Z","sell"
"52.24000000","2.09600000","2024-06-13T13:10:02.851Z","buy"
"52.22000000","2.20000000","2024-06-13T13:09:26.145Z","sell"
"52.27000000","2.00000000","2024-06-13T13:09:16.093Z","buy"
"52.41000000","1.52000000","2024-06-13T13:02:46.825Z","buy"
"52.41000000","2.29500000","2024-06-13T13:02:46.466Z","buy"
"52.47000000","3.79000000","2024-06-13T13:01:41.430Z","sell"
"52.45000000","0.01400000","2024-06-13T13:01:37.920Z","buy"
"52.45000000","2.00000000","2024-06-13T13:00:26.765Z","sell"
"52.45000000","0.29500000","2024-06-13T13:00:26.765Z","sell"
"52.38000000","0.50000000","2024-06-13T12:58:18.129Z","buy"
"52.38000000","9.54400000","2024-06-13T12:58:18.129Z","buy"
"52.12000000","2.00000000","2024-06-13T12:55:37.327Z","buy"
"52.20000000","0.19500000","2024-06-13T12:54:11.998Z","sell"
"52.19000000","3.57000000","2024-06-13T12:53:18.854Z","buy"
"52.35000000","0.02900000","2024-06-13T12:51:11.898Z","sell"
"52.36000000","2.00000000","2024-06-13T12:50:38.448Z","sell"
"52.41000000","3.81500000","2024-06-13T12:50:26.894Z","buy"
"52.47000000","1.00000000","2024-06-13T12:46:28.923Z","sell"
"52.50000000","3.81000000","2024-06-13T12:45:39.706Z","sell"
"52.29000000","0.20000000","2024-06-13T12:43:57.114Z","buy"
"52.29000000","2.20000000","2024-06-13T12:43:57.114Z","buy"
"52.30000000","0.50000000","2024-06-13T12:43:57.114Z","buy"
"52.38000000","0.03000000","2024-06-13T12:43:50.639Z","sell"
"52.38000000","0.03700000","2024-06-13T12:43:41.634Z","sell"
"52.43000000","0.10000000","2024-06-13T12:43:39.362Z","buy"
"52.53000000","1.99400000","2024-06-13T12:40:26.343Z","sell"
"52.54000000","0.19500000","2024-06-13T12:39:34.493Z","sell"
"52.73000000","2.20000000","2024-06-13T12:37:43.879Z","buy"
"52.73000000","2.20000000","2024-06-13T12:37:43.864Z","buy"
"52.74000000","4.25000000","2024-06-13T12:37:43.813Z","buy"
"52.82000000","0.50000000","2024-06-13T12:37:43.800Z","buy"
"52.82000000","0.20000000","2024-06-13T12:37:43.800Z","buy"
"52.83000000","2.20000000","2024-06-13T12:37:43.797Z","buy"
"52.91000000","3.13000000","2024-06-13T12:36:16.445Z","sell"
"52.89000000","0.00300000","2024-06-13T12:36:14.958Z","sell"
"52.89000000","1.60000000","2024-06-13T12:36:14.143Z","sell"
"52.87000000","3.79000000","2024-06-13T12:36:01.828Z","sell"
"52.82000000","7.10000000","2024-06-13T12:35:21.064Z","sell"
"52.79000000","4.78200000","2024-06-13T12:35:02.328Z","sell"
"52.79000000","0.28900000","2024-06-13T12:35:02.328Z","sell"
"52.83000000","3.80000000","2024-06-13T12:34:30.232Z","sell"
"52.79000000","4.51400000","2024-06-13T12:34:25.256Z","sell"
"52.94000000","0.50000000","2024-06-13T12:33:43.749Z","sell"
"52.89000000","0.20000000","2024-06-13T12:33:38.692Z","sell"
"52.89000000","2.20000000","2024-06-13T12:33:38.692Z","sell"
"52.78000000","2.20000000","2024-06-13T12:33:32.976Z","sell"
"52.76000000","0.43800000","2024-06-13T12:33:30.995Z","buy"
"52.87000000","13.84600000","2024-06-13T12:33:27.872Z","sell"
"52.87000000","0.20000000","2024-06-13T12:33:27.872Z","sell"
"52.87000000","0.50000000","2024-06-13T12:33:27.872Z","sell"
"52.78000000","0.44900000","2024-06-13T12:33:25.635Z","buy"
"52.80000000","2.90300000","2024-06-13T12:33:25.635Z","buy"
"52.82000000","4.38000000","2024-06-13T12:33:25.635Z","buy"
"52.83000000","0.20000000","2024-06-13T12:33:25.635Z","buy"
"52.86000000","7.02300000","2024-06-13T12:33:25.635Z","buy"
"52.84000000","11.89500000","2024-06-13T12:33:25.426Z","buy"
"52.84000000","4.52200000","2024-06-13T12:33:25.426Z","buy"
"52.85000000","9.45900000","2024-06-13T12:33:25.426Z","buy"
"52.85000000","2.95000000","2024-06-13T12:33:25.426Z","buy"
"52.86000000","5.67000000","2024-06-13T12:33:25.426Z","buy"
"52.86000000","22.27400000","2024-06-13T12:33:25.426Z","buy"
"52.94000000","1.99400000","2024-06-13T12:33:19.631Z","buy"
"52.94000000","0.70600000","2024-06-13T12:33:19.631Z","buy"
"53.02000000","2.00000000","2024-06-13T12:32:18.479Z","buy"
"53.02000000","0.50000000","2024-06-13T12:32:18.475Z","buy"
"53.03000000","0.02200000","2024-06-13T12:31:22.675Z","buy"
"53.08000000","0.19500000","2024-06-13T12:31:02.182Z","buy"
"52.95000000","1.99200000","2024-06-13T12:30:32.412Z","buy"
"52.95000000","3.77600000","2024-06-13T12:30:29.197Z","buy"
"53.01000000","0.02200000","2024-06-13T12:30:22.894Z","buy"
"53.02000000","1.63000000","2024-06-13T12:30:18.094Z","sell"
"53.02000000","0.55200000","2024-06-13T12:30:18.094Z","sell"
"53.01000000","1.85800000","2024-06-13T12:30:17.845Z","sell"
"52.98000000","2.11800000","2024-06-13T12:30:17.515Z","sell"
"52.97000000","1.92600000","2024-06-13T12:30:17.417Z","sell"
"52.94000000","2.38600000","2024-06-13T12:30:16.666Z","sell"
"52.94000000","0.10000000","2024-06-13T12:30:11.585Z","sell"
"52.93000000","0.04000000","2024-06-13T12:30:11.585Z","sell"
"52.92000000","0.06700000","2024-06-13T12:30:11.154Z","buy"
"52.87000000","2.00000000","2024-06-13T12:30:10.031Z","buy"
"52.91000000","0.00100000","2024-06-13T12:30:07.801Z","sell"
"52.91000000","0.45900000","2024-06-13T12:30:07.717Z","sell"
"52.91000000","9.45100000","2024-06-13T12:30:07.717Z","sell"
"52.89000000","0.91100000","2024-06-13T12:30:07.617Z","sell"
"52.88000000","0.00900000","2024-06-13T12:30:07.617Z","sell"
"52.88000000","5.93000000","2024-06-13T12:30:07.430Z","sell"
"52.84000000","1.89000000","2024-06-13T12:30:05.872Z","sell"
"52.60000000","0.02800000","2024-06-13T12:29:58.554Z","buy"
"52.51000000","3.57700000","2024-06-13T12:26:23.008Z","buy"
"52.52000000","9.52000000","2024-06-13T12:26:23.008Z","buy"
"52.52000000","2.00000000","2024-06-13T12:26:23.008Z","buy"
"52.53000000","2.20000000","2024-06-13T12:26:23.008Z","buy"
"52.46000000","0.09500000","2024-06-13T12:21:48.502Z","sell"
"52.46000000","0.09500000","2024-06-13T12:21:24.927Z","sell"
"52.50000000","0.01900000","2024-06-13T12:13:40.193Z","sell"
"52.34000000","0.02300000","2024-06-13T12:09:26.225Z","buy"
"52.43000000","0.09400000","2024-06-13T12:08:12.807Z","buy"
"52.43000000","2.00000000","2024-06-13T12:08:12.767Z","buy"
"52.48000000","7.49900000","2024-06-13T12:07:51.594Z","sell"
"52.48000000","2.00000000","2024-06-13T12:07:51.594Z","sell"
"52.42000000","0.20600000","2024-06-13T12:06:54.724Z","buy"
"52.43000000","0.10300000","2024-06-13T12:04:22.692Z","buy"
"52.47000000","0.40000000","2024-06-13T12:02:40.447Z","sell"
"52.39000000","0.07600000","2024-06-13T12:01:37.383Z","buy"
"52.29000000","0.01900000","2024-06-13T11:56:52.578Z","buy"
"52.32000000","1.06000000","2024-06-13T11:56:38.116Z","sell"
"52.31000000","1.67600000","2024-06-13T11:56:28.788Z","buy"
"52.33000000","2.20000000","2024-06-13T11:55:11.936Z","sell"
"52.33000000","2.20000000","2024-06-13T11:55:11.524Z","sell"
"52.38000000","0.02000000","2024-06-13T11:51:03.883Z","buy"
"52.41000000","7.82800000","2024-06-13T11:50:38.971Z","sell"
"52.40000000","1.80100000","2024-06-13T11:48:24.539Z","buy"
"52.40000000","0.09900000","2024-06-13T11:48:24.539Z","buy"
"52.40000000","0.10000000","2024-06-13T11:48:24.539Z","buy"
"52.44000000","0.08100000","2024-06-13T11:46:50.035Z","buy"
"52.48000000","0.49500000","2024-06-13T11:45:17.603Z","buy"
"52.56000000","0.01900000","2024-06-13T11:35:52.436Z","sell"
"52.57000000","1.92900000","2024-06-13T11:33:11.627Z","buy"
"52.48000000","0.18900000","2024-06-13T11:24:40.375Z","sell"
"52.49000000","0.53600000","2024-06-13T11:24:08.140Z","sell"
"52.49000000","9.52500000","2024-06-13T11:24:06.189Z","sell"
"52.47000000","0.19500000","2024-06-13T11:19:26.485Z","sell"
"52.48000000","0.50000000","2024-06-13T11:19:26.073Z","sell"
"52.48000000","9.52700000","2024-06-13T11:19:25.655Z","sell"
"52.46000000","0.01300000","2024-06-13T11:19:10.030Z","buy"
"52.37000000","0.03000000","2024-06-13T11:11:07.377Z","sell"
"52.39000000","0.03700000","2024-06-13T11:10:34.363Z","sell"
"52.44000000","0.02000000","2024-06-13T11:10:10.295Z","buy"
"52.44000000","0.09900000","2024-06-13T11:10:10.295Z","buy"
"52.44000000","0.08100000","2024-06-13T11:10:10.295Z","buy"
"52.49000000","0.20000000","2024-06-13T11:06:13.910Z","buy"
"52.54000000","0.76200000","2024-06-13T11:04:58.737Z","buy"
"52.63000000","0.02200000","2024-06-13T11:01:12.528Z","buy"
"52.77000000","0.92200000","2024-06-13T10:56:54.543Z","buy"
"52.77000000","1.65900000","2024-06-13T10:56:54.539Z","buy"
"52.78000000","0.06700000","2024-06-13T10:55:32.854Z","buy"
"52.78000000","0.50000000","2024-06-13T10:55:29.524Z","buy"
"52.80000000","2.20000000","2024-06-13T10:55:28.805Z","buy"
"52.80000000","2.20000000","2024-06-13T10:55:28.794Z","buy"
"52.75000000","0.02900000","2024-06-13T10:55:23.849Z","buy"
"52.74000000","9.48000000","2024-06-13T10:55:21.598Z","sell"
"52.74000000","2.20000000","2024-06-13T10:55:21.598Z","sell"
"52.64000000","0.19500000","2024-06-13T10:54:53.830Z","buy"
"52.61000000","2.20000000","2024-06-13T10:53:57.671Z","sell"
"52.60000000","0.20000000","2024-06-13T10:53:57.671Z","sell"
"52.60000000","0.50000000","2024-06-13T10:53:57.671Z","sell"
"52.49000000","6.23600000","2024-06-13T10:49:35.364Z","buy"
"52.49000000","2.20000000","2024-06-13T10:49:35.364Z","buy"
"52.52000000","0.50000000","2024-06-13T10:42:04.042Z","buy"
"52.50000000","0.01500000","2024-06-13T10:41:30.936Z","buy"
"52.50000000","2.00000000","2024-06-13T10:40:35.603Z","buy"
"52.52000000","4.00000000","2024-06-13T10:38:51.043Z","sell"
"52.51000000","4.00000000","2024-06-13T10:38:50.989Z","sell"
"52.51000000","9.52200000","2024-06-13T10:38:50.978Z","sell"
"52.51000000","2.20000000","2024-06-13T10:38:50.978Z","sell"
"52.50000000","0.50000000","2024-06-13T10:38:50.977Z","sell"
"52.45000000","2.08900000","2024-06-13T10:38:32.798Z","buy"
"52.43000000","5.20000000","2024-06-13T10:38:32.688Z","sell"
"52.43000000","2.20000000","2024-06-13T10:38:32.688Z","sell"
"52.42000000","0.50000000","2024-06-13T10:38:32.688Z","sell"
"52.42000000","1.00000000","2024-06-13T10:34:07.465Z","sell"
"52.41000000","2.00000000","2024-06-13T10:33:01.051Z","sell"
"52.29000000","5.16100000","2024-06-13T10:26:52.842Z","buy"
"52.29000000","2.20000000","2024-06-13T10:26:52.842Z","buy"
"52.31000000","2.24100000","2024-06-13T10:26:52.842Z","buy"
"52.33000000","0.00100000","2024-06-13T10:15:39.160Z","buy"
"52.39000000","0.01900000","2024-06-13T10:12:00.099Z","sell"
"52.35000000","0.04300000","2024-06-13T10:09:12.056Z","buy"
"52.44000000","3.73600000","2024-06-13T10:00:12.536Z","buy"
"52.38000000","2.13600000","2024-06-13T09:58:30.310Z","sell"
"52.36000000","2.16200000","2024-06-13T09:57:12.105Z","sell"
"52.32000000","1.80200000","2024-06-13T09:55:29.858Z","sell"
"52.27000000","0.02800000","2024-06-13T09:52:15.975Z","buy"
"52.17000000","0.05800000","2024-06-13T09:45:15.554Z","buy"
"52.13000000","0.02300000","2024-06-13T09:42:20.942Z","buy"
"52.13000000","0.52700000","2024-06-13T09:26:39.242Z","buy"
"52.13000000","2.00000000","2024-06-13T09:26:39.219Z","buy"
"52.11000000","0.00700000","2024-06-13T09:19:47.863Z","buy"
"52.16000000","0.19500000","2024-06-13T09:19:05.480Z","sell"
"52.15000000","0.06100000","2024-06-13T09:18:17.230Z","buy"
"52.22000000","1.00000000","2024-06-13T09:14:35.463Z","sell"
"52.33000000","1.94700000","2024-06-13T08:52:04.922Z","buy"
"52.27000000","0.02300000","2024-06-13T08:50:26.728Z","buy"
"52.29000000","0.02100000","2024-06-13T08:38:56.395Z","buy"
"52.39000000","2.20000000","2024-06-13T08:34:54.519Z","buy"
"52.36000000","1.70300000","2024-06-13T08:31:31.340Z","buy"
"52.36000000","9.54800000","2024-06-13T08:31:31.340Z","buy"
"52.36000000","2.20000000","2024-06-13T08:31:31.340Z","buy"
"52.37000000","2.00000000","2024-06-13T08:31:31.340Z","buy"
"52.39000000","0.08700000","2024-06-13T08:29:25.039Z","sell"
"52.54000000","0.00300000","2024-06-13T08:12:37.445Z","buy"
"52.57000000","2.29600000","2024-06-13T08:11:23.542Z","buy"
"52.50000000","0.02300000","2024-06-13T08:06:00.763Z","buy"
"52.43000000","0.08400000","2024-06-13T08:04:58.773Z","buy"
"52.43000000","0.04300000","2024-06-13T08:00:56.747Z","buy"
"52.47000000","0.02600000","2024-06-13T07:55:24.668Z","buy"
"52.47000000","0.02300000","2024-06-13T07:35:38.644Z","buy"
"52.47000000","0.02800000","2024-06-13T07:35:04.343Z","buy"
"52.55000000","2.20000000","2024-06-13T07:26:53.160Z","buy"
"52.62000000","0.73800000","2024-06-13T07:25:18.381Z","buy"
"52.62000000","2.00000000","2024-06-13T07:25:18.376Z","buy"
"52.62000000","0.19500000","2024-06-13T07:22:54.280Z","buy"
"52.60000000","3.52400000","2024-06-13T07:21:49.555Z","sell"
"52.60000000","2.00000000","2024-06-13T07:21:49.555Z","sell"
"52.57000000","0.01900000","2024-06-13T07:21:31.421Z","sell"
"52.51000000","5.20000000","2024-06-13T07:21:08.073Z","sell"
"52.51000000","0.09400000","2024-06-13T07:19:29.999Z","sell"
"52.45000000","0.01800000","2024-06-13T07:17:04.505Z","buy"
"52.26000000","5.10300000","2024-06-13T07:07:45.955Z","sell"
"52.16000000","0.19500000","2024-06-13T07:02:48.568Z","sell"
"52.32000000","0.00300000","2024-06-13T06:56:14.813Z","buy"
"52.40000000","8.00000000","2024-06-13T06:54:25.376Z","buy"
"52.40000000","2.00000000","2024-06-13T06:54:25.376Z","buy"
"52.36000000","0.01900000","2024-06-13T06:50:08.890Z","sell"
"52.31000000","0.02300000","2024-06-13T06:49:48.313Z","buy"
"52.25000000","0.02900000","2024-06-13T06:48:11.043Z","sell"
"52.26000000","1.94200000","2024-06-13T06:48:07.506Z","buy"
"52.29000000","5.95700000","2024-06-13T06:44:52.358Z","buy"
"52.32000000","0.09200000","2024-06-13T06:42:09.271Z","buy"
"52.45000000","1.15900000","2024-06-13T06:34:29.191Z","buy"
"52.45000000","0.50000000","2024-06-13T06:34:29.191Z","buy"
"52.52000000","0.00800000","2024-06-13T06:31:29.553Z","buy"
"52.64000000","0.18600000","2024-06-13T06:30:01.882Z","sell"
"52.62000000","3.05700000","2024-06-13T06:22:33.361Z","sell"
"52.62000000","0.20000000","2024-06-13T06:22:33.361Z","sell"
"52.61000000","0.50000000","2024-06-13T06:22:33.361Z","sell"
"52.61000000","2.20000000","2024-06-13T06:22:33.361Z","sell"
"52.56000000","0.02900000","2024-06-13T06:21:26.465Z","buy"
"52.50000000","0.06800000","2024-06-13T06:16:23.873Z","sell"
"52.41000000","0.01900000","2024-06-13T06:13:48.790Z","buy"
"52.38000000","0.10000000","2024-06-13T06:10:34.298Z","sell"
"52.38000000","0.00800000","2024-06-13T06:05:54.875Z","buy"
"52.29000000","0.92300000","2024-06-13T06:03:10.799Z","buy"
"52.35000000","0.03000000","2024-06-13T06:02:17.454Z","sell"
"52.36000000","0.03700000","2024-06-13T06:02:14.454Z","sell"
"52.44000000","0.44400000","2024-06-13T06:01:36.591Z","sell"
"52.44000000","2.20000000","2024-06-13T06:01:36.591Z","sell"
"52.46000000","2.03400000","2024-06-13T06:01:27.778Z","buy"
"52.56000000","9.51300000","2024-06-13T05:55:42.383Z","sell"
"52.56000000","5.20000000","2024-06-13T05:55:42.383Z","sell"
"52.48000000","0.28400000","2024-06-13T05:45:36.680Z","buy"
"52.52000000","0.07600000","2024-06-13T05:40:56.745Z","buy"
"52.63000000","0.01900000","2024-06-13T05:39:51.385Z","sell"
"52.59000000","0.08800000","2024-06-13T05:39:33.295Z","buy"
"52.61000000","4.00000000","2024-06-13T05:37:04.617Z","buy"
"52.61000000","2.20000000","2024-06-13T05:37:04.617Z","buy"
"52.62000000","9.50100000","2024-06-13T05:37:04.617Z","buy"
"52.78000000","0.09400000","2024-06-13T05:27:56.501Z","sell"
"52.78000000","0.94600000","2024-06-13T05:19:31.013Z","buy"
"52.82000000","0.46900000","2024-06-13T05:17:34.095Z","buy"
"52.77000000","2.20000000","2024-06-13T05:11:04.384Z","buy"
"52.81000000","1.76000000","2024-06-13T05:03:55.005Z","buy"
"52.80000000","0.02800000","2024-06-13T05:03:37.526Z","buy"
"52.71000000","0.01900000","2024-06-13T05:01:47.304Z","buy"
"52.76000000","0.45300000","2024-06-13T04:51:50.032Z","sell"
"52.72000000","9.87900000","2024-06-13T04:47:36.991Z","buy"
"52.84000000","0.02700000","2024-06-13T04:37:10.791Z","buy"
"52.85000000","0.69900000","2024-06-13T04:34:54.100Z","buy"
"52.87000000","2.13200000","2024-06-13T04:30:16.393Z","buy"
"52.79000000","0.09400000","2024-06-13T04:21:06.540Z","sell"
"52.79000000","0.09400000","2024-06-13T04:21:04.256Z","sell"
"52.80000000","0.06800000","2024-06-13T04:19:52.936Z","buy"
"52.77000000","1.89300000","2024-06-13T04:18:04.863Z","buy"
"52.74000000","0.02900000","2024-06-13T04:16:06.810Z","buy"
"52.77000000","5.59700000","2024-06-13T04:16:05.449Z","sell"
"52.77000000","2.20000000","2024-06-13T04:16:05.449Z","sell"
"52.77000000","1.80300000","2024-06-13T04:16:05.449Z","sell"
"52.68000000","0.01900000","2024-06-13T04:14:04.720Z","sell"
"52.67000000","0.02600000","2024-06-13T04:13:38.346Z","buy"
"52.63000000","1.63000000","2024-06-13T04:12:54.582Z","buy"
"52.68000000","4.00000000","2024-06-13T04:12:27.763Z","buy"
"52.68000000","9.49000000","2024-06-13T04:12:27.763Z","buy"
"52.74000000","0.09400000","2024-06-13T04:05:17.776Z","sell"
"52.65000000","0.02800000","2024-06-13T04:04:52.416Z","buy"
"52.65000000","0.19400000","2024-06-13T04:04:48.417Z","buy"
"52.48000000","1.26100000","2024-06-13T03:58:12.896Z","buy"
"52.57000000","0.65500000","2024-06-13T03:53:02.010Z","buy"
"52.47000000","0.02000000","2024-06-13T03:51:19.023Z","buy"
"52.51000000","2.49500000","2024-06-13T03:45:10.822Z","buy"
"52.47000000","0.06800000","2024-06-13T03:43:28.661Z","buy"
"52.45000000","1.11600000","2024-06-13T03:43:25.460Z","buy"
"52.50000000","0.64500000","2024-06-13T03:43:20.679Z","sell"
"52.43000000","0.10000000","2024-06-13T03:43:01.337Z","sell"
"52.42000000","0.50000000","2024-06-13T03:42:47.551Z","buy"
"52.36000000","0.02900000","2024-06-13T03:42:13.616Z","buy"
"52.30000000","0.03000000","2024-06-13T03:41:47.645Z","buy"
"52.19000000","0.02200000","2024-06-13T03:38:46.114Z","buy"
"52.20000000","0.02200000","2024-06-13T03:37:00.343Z","buy"
"52.20000000","2.00000000","2024-06-13T03:35:30.060Z","buy"
"52.20000000","2.00000000","2024-06-13T03:35:27.344Z","buy"
"52.25000000","1.91200000","2024-06-13T03:33:34.266Z","buy"
"52.26000000","0.00100000","2024-06-13T03:33:28.255Z","buy"
"52.27000000","0.00900000","2024-06-13T03:31:42.419Z","sell"
"52.21000000","0.98800000","2024-06-13T03:31:42.219Z","buy"
"52.22000000","0.50000000","2024-06-13T03:31:42.219Z","buy"
"52.23000000","0.19400000","2024-06-13T03:31:41.259Z","buy"
"52.24000000","4.00000000","2024-06-13T03:31:31.063Z","sell"
"52.18000000","0.03800000","2024-06-13T03:30:16.203Z","buy"
"52.17000000","0.03100000","2024-06-13T03:30:10.201Z","buy"
"51.97000000","0.03100000","2024-06-13T03:28:39.002Z","buy"
"52.01000000","0.05400000","2024-06-13T03:28:37.264Z","sell"
"52.01000000","2.00000000","2024-06-13T03:28:37.264Z","sell"
"52.01000000","0.50000000","2024-06-13T03:27:52.627Z","sell"
"52.01000000","2.20000000","2024-06-13T03:27:52.627Z","sell"
"51.93000000","0.37300000","2024-06-13T03:27:36.056Z","buy"
"51.96000000","0.89000000","2024-06-13T03:27:14.506Z","buy"
"51.96000000","2.00000000","2024-06-13T03:27:14.506Z","buy"
"52.01000000","0.02400000","2024-06-13T03:25:17.255Z","buy"
"51.93000000","0.02100000","2024-06-13T03:25:00.924Z","buy"
"51.80000000","1.31300000","2024-06-13T03:23:32.057Z","sell"
"51.79000000","0.20000000","2024-06-13T03:23:32.057Z","sell"
"51.79000000","0.50000000","2024-06-13T03:23:32.057Z","sell"
"51.79000000","2.20000000","2024-06-13T03:23:32.057Z","sell"
"51.74000000","0.97700000","2024-06-13T03:23:18.376Z","buy"
"51.75000000","9.66100000","2024-06-13T03:23:18.376Z","buy"
"51.93000000","1.68300000","2024-06-13T03:21:27.199Z","sell"
"51.93000000","2.20000000","2024-06-13T03:21:27.193Z","sell"
"51.82000000","0.02200000","2024-06-13T03:21:23.801Z","buy"
"51.58000000","0.24800000","2024-06-13T03:21:04.232Z","buy"
"51.63000000","0.97200000","2024-06-13T03:21:02.986Z","buy"
"51.63000000","0.02800000","2024-06-13T03:20:59.067Z","buy"
"51.68000000","0.02800000","2024-06-13T03:20:18.273Z","buy"
"51.74000000","0.03100000","2024-06-13T03:19:43.825Z","sell"
"51.74000000","0.23200000","2024-06-13T03:19:32.818Z","sell"
"51.71000000","1.14700000","2024-06-13T03:19:25.874Z","buy"
"51.71000000","0.85300000","2024-06-13T03:19:25.874Z","buy"
"51.77000000","7.40000000","2024-06-13T03:19:12.760Z","buy"
"51.78000000","2.20000000","2024-06-13T03:19:12.760Z","buy"
"51.83000000","0.55200000","2024-06-13T03:19:08.173Z","buy"
"51.86000000","0.02900000","2024-06-13T03:18:52.792Z","sell"
"51.89000000","0.02900000","2024-06-13T03:18:49.790Z","sell"
"51.90000000","1.32200000","2024-06-13T03:18:47.716Z","sell"
"51.89000000","2.00000000","2024-06-13T03:18:47.716Z","sell"
"51.92000000","0.65400000","2024-06-13T03:18:43.789Z","sell"
"51.91000000","0.10000000","2024-06-13T03:18:42.520Z","buy"
"52.24000000","0.64800000","2024-06-13T03:15:16.611Z","sell"
"52.18000000","1.98300000","2024-06-13T03:14:21.151Z","buy"
"52.22000000","0.64900000","2024-06-13T03:14:12.176Z","sell"
"52.20000000","0.04400000","2024-06-13T03:14:04.576Z","buy"
"52.21000000","2.20000000","2024-06-13T03:14:04.576Z","buy"
"52.18000000","0.64900000","2024-06-13T03:13:55.156Z","sell"
"52.14000000","0.00500000","2024-06-13T03:13:34.315Z","buy"
"51.94000000","9.62400000","2024-06-13T03:12:10.867Z","buy"
"51.95000000","2.00000000","2024-06-13T03:12:09.207Z","sell"
"51.98000000","2.20000000","2024-06-13T03:11:39.124Z","buy"
"51.93000000","7.66800000","2024-06-13T03:11:31.977Z","sell"
"51.93000000","2.20000000","2024-06-13T03:11:31.977Z","sell"
"52.13000000","1.18100000","2024-06-13T03:09:51.110Z","buy"
"52.13000000","2.81900000","2024-06-13T03:09:51.075Z","buy"
"52.06000000","1.90900000","2024-06-13T03:08:34.062Z","sell"
"52.01000000","1.16900000","2024-06-13T03:07:18.289Z","buy"
"52.11000000","1.00000000","2024-06-13T03:06:43.035Z","sell"
"52.09000000","1.86100000","2024-06-13T03:05:41.671Z","buy"
"52.04000000","2.81900000","2024-06-13T03:05:37.869Z","sell"
"52.05000000","0.03000000","2024-06-13T03:05:34.312Z","sell"
"52.19000000","0.07400000","2024-06-13T03:04:33.283Z","buy"
"52.08000000","2.01800000","2024-06-13T03:03:28.114Z","sell"
"52.09000000","0.03800000","2024-06-13T03:02:52.211Z","sell"
"52.12000000","0.23300000","2024-06-13T03:02:41.045Z","buy"
"52.12000000","0.04000000","2024-06-13T03:02:41.045Z","buy"
"52.14000000","0.19400000","2024-06-13T03:02:40.205Z","sell"
"52.23000000","0.00100000","2024-06-13T03:02:28.919Z","sell"
"52.20000000","0.01100000","2024-06-13T03:01:56.695Z","buy"
"52.21000000","0.01200000","2024-06-13T03:01:35.149Z","buy"
"52.22000000","2.83900000","2024-06-13T03:00:59.165Z","sell"
"52.22000000","0.02900000","2024-06-13T03:00:58.146Z","sell"
"52.35000000","0.02800000","2024-06-13T02:58:36.231Z","buy"
"52.26000000","0.56400000","2024-06-13T02:57:59.263Z","buy"
"52.35000000","0.74200000","2024-06-13T02:57:30.793Z","buy"
"52.37000000","0.03100000","2024-06-13T02:57:27.028Z","sell"
"52.39000000","0.03700000","2024-06-13T02:57:15.022Z","sell"
"52.42000000","9.53800000","2024-06-13T02:55:43.901Z","buy"
"52.43000000","0.10000000","2024-06-13T02:55:43.901Z","buy"
"52.46000000","0.65500000","2024-06-13T02:54:52.935Z","sell"
"52.55000000","0.02000000","2024-06-13T02:53:55.899Z","buy"
"52.55000000","0.01900000","2024-06-13T02:53:52.283Z","buy"
"52.56000000","17.08800000","2024-06-13T02:53:45.121Z","buy"
"52.56000000","9.51100000","2024-06-13T02:53:45.121Z","buy"
"52.56000000","2.20000000","2024-06-13T02:53:45.121Z","buy"
"52.50000000","7.26900000","2024-06-13T02:52:45.107Z","buy"
"52.50000000","9.60000000","2024-06-13T02:52:45.104Z","buy"
"52.50000000","3.07300000","2024-06-13T02:52:45.103Z","buy"
"52.53000000","0.19400000","2024-06-13T02:52:43.858Z","sell"
"52.56000000","3.07300000","2024-06-13T02:50:10.941Z","sell"
"52.56000000","0.02900000","2024-06-13T02:49:52.746Z","sell"
"52.56000000","1.10200000","2024-06-13T02:49:46.533Z","buy"
"52.59000000","0.03200000","2024-06-13T02:49:36.737Z","sell"
"52.60000000","1.00000000","2024-06-13T02:49:35.151Z","sell"
"52.60000000","1.97000000","2024-06-13T02:49:33.167Z","buy"
"52.61000000","0.02900000","2024-06-13T02:49:31.737Z","sell"
"52.61000000","0.54400000","2024-06-13T02:49:28.183Z","buy"
"52.65000000","0.22000000","2024-06-13T02:49:21.462Z","buy"
"52.70000000","0.06700000","2024-06-13T02:45:19.589Z","sell"
"52.81000000","0.01800000","2024-06-13T02:44:02.549Z","sell"
"52.77000000","1.00000000","2024-06-13T02:44:00.812Z","buy"
"52.86000000","2.00000000","2024-06-13T02:42:45.264Z","sell"
"53.00000000","2.42000000","2024-06-13T02:41:31.887Z","buy"
"53.00000000","5.58000000","2024-06-13T02:41:31.872Z","buy"
"53.00000000","1.39900000","2024-06-13T02:41:31.797Z","buy"
"53.00000000","2.00000000","2024-06-13T02:41:28.489Z","buy"
"53.00000000","0.60100000","2024-06-13T02:41:28.418Z","buy"
"53.01000000","2.00000000","2024-06-13T02:41:08.815Z","sell"
"53.01000000","2.20000000","2024-06-13T02:40:47.156Z","buy"
"53.13000000","0.03800000","2024-06-13T02:37:05.084Z","buy"
"53.21000000","2.20000000","2024-06-13T02:35:45.035Z","buy"
"53.11000000","2.20000000","2024-06-13T02:35:37.795Z","sell"
"53.09000000","1.50000000","2024-06-13T02:35:36.345Z","buy"
"53.10000000","0.50000000","2024-06-13T02:35:36.345Z","buy"
"53.27000000","1.97700000","2024-06-13T02:33:27.503Z","buy"
"53.35000000","0.50000000","2024-06-13T02:32:57.930Z","sell"
"53.35000000","0.50000000","2024-06-13T02:32:57.930Z","sell"
"53.27000000","6.05900000","2024-06-13T02:31:14.989Z","buy"
"53.27000000","1.11400000","2024-06-13T02:31:03.664Z","sell"
"53.04000000","0.02200000","2024-06-13T02:23:38.545Z","buy"
"53.01000000","0.01200000","2024-06-13T02:22:48.644Z","buy"
"53.06000000","0.01100000","2024-06-13T02:21:54.440Z","sell"
"53.06000000","2.00000000","2024-06-13T02:21:54.440Z","sell"
"52.92000000","0.19500000","2024-06-13T02:17:57.632Z","sell"
"52.93000000","0.04000000","2024-06-13T02:17:47.021Z","buy"
"52.95000000","0.03800000","2024-06-13T02:17:42.855Z","sell"
"52.96000000","0.50000000","2024-06-13T02:16:08.356Z","buy"
"53.02000000","2.20000000","2024-06-13T02:15:49.990Z","buy"
"53.02000000","0.50000000","2024-06-13T02:15:49.990Z","buy"
"52.95000000","2.20000000","2024-06-13T02:15:42.032Z","sell"
"52.95000000","2.00000000","2024-06-13T02:15:42.032Z","sell"
"52.94000000","2.85900000","2024-06-13T02:15:41.803Z","sell"
"52.94000000","2.20000000","2024-06-13T02:15:41.803Z","sell"
"52.94000000","0.10000000","2024-06-13T02:15:40.789Z","buy"
"53.06000000","15.30700000","2024-06-13T02:12:52.556Z","buy"
"52.99000000","2.00800000","2024-06-13T02:12:31.910Z","sell"
"52.99000000","0.10000000","2024-06-13T02:12:31.788Z","sell"
"52.99000000","1.63200000","2024-06-13T02:12:31.784Z","sell"
"52.97000000","0.97900000","2024-06-13T02:12:27.018Z","sell"
"52.97000000","0.68300000","2024-06-13T02:12:24.440Z","sell"
"52.98000000","0.50000000","2024-06-13T02:11:44.174Z","buy"
"52.99000000","5.65800000","2024-06-13T02:11:44.174Z","buy"
"52.99000000","2.20000000","2024-06-13T02:11:44.174Z","buy"
"53.01000000","0.03700000","2024-06-13T02:11:39.415Z","sell"
"53.03000000","0.03000000","2024-06-13T02:11:18.402Z","sell"
"53.04000000","2.20000000","2024-06-13T02:11:01.192Z","buy"
"53.07000000","2.11800000","2024-06-13T02:10:43.334Z","sell"
"53.04000000","0.31400000","2024-06-13T02:10:41.209Z","sell"
"53.04000000","1.62400000","2024-06-13T02:10:40.055Z","sell"
"53.05000000","2.03000000","2024-06-13T02:09:38.581Z","sell"
"53.09000000","0.02400000","2024-06-13T02:08:32.927Z","buy"
"53.30000000","0.02900000","2024-06-13T02:01:54.067Z","sell"
"53.19000000","0.05600000","2024-06-13T02:01:42.449Z","buy"
"53.25000000","6.63300000","2024-06-13T02:00:51.140Z","sell"
"53.31000000","0.06900000","2024-06-13T01:56:20.902Z","buy"
"53.35000000","0.02100000","2024-06-13T01:52:27.031Z","buy"
"53.31000000","7.38500000","2024-06-13T01:50:50.558Z","sell"
"53.31000000","2.20000000","2024-06-13T01:50:50.558Z","sell"
"53.32000000","0.30000000","2024-06-13T01:50:49.464Z","sell"
"53.31000000","2.20000000","2024-06-13T01:50:49.464Z","sell"
"53.31000000","6.88000000","2024-06-13T01:50:49.147Z","sell"
"53.31000000","2.00000000","2024-06-13T01:50:49.147Z","sell"
"53.30000000","0.50000000","2024-06-13T01:50:49.147Z","sell"
"53.30000000","5.58400000","2024-06-13T01:50:49.147Z","sell"
"53.30000000","2.20000000","2024-06-13T01:50:49.147Z","sell"
"53.31000000","0.19400000","2024-06-13T01:50:35.681Z","sell"
"53.33000000","0.03700000","2024-06-13T01:50:20.671Z","sell"
"53.35000000","0.03000000","2024-06-13T01:50:17.669Z","sell"
"53.35000000","0.02900000","2024-06-13T01:50:11.667Z","sell"
"53.39000000","3.70900000","2024-06-13T01:50:05.592Z","buy"
"53.40000000","2.00000000","2024-06-13T01:49:58.730Z","sell"
"53.40000000","2.20000000","2024-06-13T01:49:58.730Z","sell"
"53.42000000","2.00000000","2024-06-13T01:49:54.972Z","buy"