"price","volume","time","side","orderType"
"0.11268000","144.00000000","2024-06-11T18:40:56.935Z","buy","taker"
"0.11225000","587.00000000","2024-06-11T18:33:38.033Z","buy","taker"
"0.10871000","117.00000000","2024-06-11T17:26:43.759Z","sell","maker"
"0.11150000","452.00000000","2024-06-11T16:05:48.153Z","buy","taker"
"0.10945000","91.00000000","2024-06-11T15:40:57.577Z","sell","maker"
"0.10993000","136.00000000","2024-06-11T15:40:52.488Z","sell","maker"
"0.10994000","117.00000000","2024-06-11T15:40:52.414Z","sell","maker"
"0.11048000","144.00000000","2024-06-11T15:38:17.128Z","sell","maker"
"0.11093000","347.00000000","2024-06-11T15:35:01.341Z","buy","taker"
"0.11049000","922.00000000","2024-06-11T15:34:08.234Z","sell","maker"
"0.11093000","3079.00000000","2024-06-11T15:33:53.343Z","sell","maker"
"0.11252000","133.00000000","2024-06-11T13:46:55.417Z","sell","maker"
"0.11268000","141.00000000","2024-06-11T13:43:31.579Z","sell","maker"
"0.11269000","73.00000000","2024-06-11T13:21:41.972Z","sell","maker"
"0.11269000","1155.00000000","2024-06-11T12:24:54.139Z","sell","maker"
"0.11721000","39.00000000","2024-06-11T10:42:25.293Z","buy","taker"
"0.11721000","23.00000000","2024-06-11T10:35:21.835Z","buy","taker"
"0.11721000","12.00000000","2024-06-11T05:25:02.772Z","buy","taker"
"0.11607000","133.00000000","2024-06-11T02:45:13.736Z","buy","taker"
"0.11493000","141.00000000","2024-06-11T02:02:06.763Z","buy","taker"
"0.11481000","752.00000000","2024-06-11T02:02:06.177Z","buy","taker"
"0.11382000","578.00000000","2024-06-11T01:54:08.810Z","buy","taker"
"0.11307000","444.00000000","2024-06-11T01:54:08.035Z","buy","taker"
"0.11248000","342.00000000","2024-06-11T01:54:07.716Z","buy","taker"
"0.11200000","862.00000000","2024-06-11T01:53:35.648Z","buy","taker"
"0.11200000","45.00000000","2024-06-11T01:53:35.640Z","sell","maker"
"0.11252000","133.00000000","2024-06-11T01:53:00.666Z","sell","maker"
"0.11268000","141.00000000","2024-06-11T01:53:00.321Z","sell","maker"
"0.11337000","882.00000000","2024-06-11T01:52:54.900Z","sell","maker"
"0.11518000","130.00000000","2024-06-11T01:52:53.403Z","sell","maker"
"0.11493000","139.00000000","2024-06-11T01:52:53.403Z","sell","maker"
"0.11617000","3030.00000000","2024-06-11T01:52:52.098Z","sell","maker"
"0.11722000","131.00000000","2024-06-11T01:52:46.216Z","sell","maker"
"0.11790000","127.00000000","2024-06-10T23:30:05.803Z","sell","maker"
"0.11791000","389.00000000","2024-06-10T22:13:38.087Z","sell","maker"
"0.11791000","354.00000000","2024-06-10T20:31:45.576Z","sell","maker"
"0.11955000","133.00000000","2024-06-10T19:56:29.631Z","sell","maker"
"0.11956000","770.00000000","2024-06-10T19:39:29.843Z","sell","maker"
"0.12193000","133.00000000","2024-06-10T15:45:24.249Z","buy","taker"
"0.12162000","828.00000000","2024-06-10T15:21:53.255Z","sell","maker"
"0.12162000","126.00000000","2024-06-10T15:18:31.591Z","buy","taker"
"0.11848000","517.00000000","2024-06-10T14:57:40.199Z","sell","maker"
"0.12161000","302.00000000","2024-06-10T14:32:36.028Z","buy","taker"
"0.11723000","22.00000000","2024-06-10T13:08:16.660Z","sell","maker"
"0.12161000","1287.00000000","2024-06-10T11:37:35.082Z","buy","taker"
"0.11723000","17.00000000","2024-06-10T09:21:51.995Z","sell","maker"
"0.11790000","127.00000000","2024-06-10T08:00:03.790Z","sell","maker"
"0.11880000","42.00000000","2024-06-10T07:05:54.426Z","sell","maker"
"0.11924000","134.00000000","2024-06-10T07:04:48.180Z","sell","maker"
"0.11955000","133.00000000","2024-06-10T06:51:58.352Z","sell","maker"
"0.12019000","83.00000000","2024-06-10T05:47:46.579Z","sell","maker"
"0.12018000","134.00000000","2024-06-10T05:47:46.579Z","sell","maker"
"0.12069000","124.00000000","2024-06-10T05:47:22.126Z","sell","maker"
"0.12193000","131.00000000","2024-06-10T03:48:45.150Z","sell","maker"
"0.12683000","249.00000000","2024-06-09T19:51:53.487Z","buy","taker"
"0.12436000","131.00000000","2024-06-09T19:12:30.420Z","buy","taker"
"0.12299000","293.00000000","2024-06-09T16:40:45.380Z","buy","taker"
"0.12194000","3576.00000000","2024-06-09T16:40:45.128Z","sell","maker"
"0.12193000","131.00000000","2024-06-09T16:40:45.128Z","sell","maker"
"0.12117000","293.00000000","2024-06-09T16:40:45.128Z","sell","maker"
"0.12436000","131.00000000","2024-06-09T12:53:56.233Z","buy","taker"
"0.12435000","12.00000000","2024-06-09T09:36:18.557Z","buy","taker"
"0.12070000","97.00000000","2024-06-09T09:21:50.387Z","sell","maker"
"0.12193000","131.00000000","2024-06-09T02:54:31.461Z","sell","maker"
"0.12436000","131.00000000","2024-06-09T01:29:15.391Z","buy","taker"
"0.12193000","131.00000000","2024-06-08T22:22:00.665Z","sell","maker"
"0.12436000","131.00000000","2024-06-08T19:08:33.703Z","buy","taker"
"0.12194000","3613.00000000","2024-06-08T19:08:31.437Z","sell","maker"
"0.12193000","131.00000000","2024-06-08T19:08:31.437Z","sell","maker"
"0.12100000","1637.00000000","2024-06-08T19:08:31.437Z","sell","maker"
"0.12248000","112.00000000","2024-06-08T15:25:05.634Z","sell","maker"
"0.12436000","770.00000000","2024-06-08T14:01:16.997Z","sell","maker"
"0.12436000","131.00000000","2024-06-08T13:49:49.251Z","buy","taker"
"0.12193000","131.00000000","2024-06-08T13:29:39.566Z","sell","maker"
"0.12284000","128.00000000","2024-06-08T13:19:05.711Z","sell","maker"
"0.12330000","41.00000000","2024-06-08T13:09:44.394Z","sell","maker"
"0.12354000","121.00000000","2024-06-08T12:42:01.845Z","sell","maker"
"0.12357000","78.00000000","2024-06-08T12:21:42.157Z","sell","maker"
"0.12436000","128.00000000","2024-06-08T12:05:06.010Z","sell","maker"
"0.12646000","118.00000000","2024-06-08T11:33:01.136Z","sell","maker"
"0.12684000","126.00000000","2024-06-08T11:32:36.807Z","sell","maker"
"0.12936000","123.00000000","2024-06-08T08:27:21.631Z","sell","maker"
"0.12945000","116.00000000","2024-06-08T08:27:00.110Z","sell","maker"
"0.13194000","121.00000000","2024-06-08T04:48:52.954Z","sell","maker"
"0.13456000","121.00000000","2024-06-08T03:14:06.484Z","buy","taker"
"0.13354000","116.00000000","2024-06-08T03:08:05.504Z","buy","taker"
"0.13194000","123.00000000","2024-06-08T01:37:12.113Z","buy","taker"
"0.13193000","746.00000000","2024-06-08T01:17:35.220Z","buy","taker"
"0.13193000","38.00000000","2024-06-08T01:03:26.169Z","buy","taker"
"0.12936000","123.00000000","2024-06-08T00:25:10.681Z","sell","maker"
"0.12945000","116.00000000","2024-06-08T00:23:48.208Z","sell","maker"
"0.13398000","1619.00000000","2024-06-07T22:03:47.939Z","sell","maker"
"0.13398000","3629.00000000","2024-06-07T22:03:47.838Z","sell","maker"
"0.13398000","757.00000000","2024-06-07T21:33:06.292Z","buy","taker"
"0.13376000","160.00000000","2024-06-07T21:32:40.137Z","buy","taker"
"0.13351000","212.00000000","2024-06-07T21:29:19.049Z","buy","taker"
"0.13352000","123.00000000","2024-06-07T21:29:19.049Z","buy","taker"
"0.13354000","116.00000000","2024-06-07T21:29:19.049Z","buy","taker"
"0.13350000","759.00000000","2024-06-07T21:29:18.938Z","buy","taker"
"0.13350000","96.00000000","2024-06-07T21:29:18.938Z","buy","taker"
"0.13194000","123.00000000","2024-06-07T20:57:04.063Z","buy","taker"
"0.12936000","123.00000000","2024-06-07T20:07:23.383Z","sell","maker"
"0.13194000","123.00000000","2024-06-07T19:42:16.739Z","buy","taker"
"0.13193000","945.00000000","2024-06-07T19:25:10.682Z","buy","taker"
"0.13063000","127.00000000","2024-06-07T19:25:01.923Z","buy","taker"
"0.13045000","117.00000000","2024-06-07T19:24:37.898Z","buy","taker"
"0.12961000","127.00000000","2024-06-07T19:14:37.236Z","buy","taker"
"0.12732000","873.00000000","2024-06-07T18:25:53.417Z","sell","maker"
"0.12936000","126.00000000","2024-06-07T18:23:13.564Z","buy","taker"
"0.12867000","487.00000000","2024-06-07T18:21:54.513Z","buy","taker"
"0.12866000","660.00000000","2024-06-07T18:19:17.332Z","sell","maker"
"0.12866000","3243.00000000","2024-06-07T18:19:17.175Z","buy","taker"
"0.12744000","120.00000000","2024-06-07T18:18:49.709Z","buy","taker"
"0.12684000","128.00000000","2024-06-07T18:17:50.661Z","buy","taker"
"0.12436000","131.00000000","2024-06-07T18:16:21.846Z","buy","taker"
"0.12435000","80.00000000","2024-06-07T18:15:20.833Z","buy","taker"
"0.12234000","3081.00000000","2024-06-07T18:15:10.434Z","buy","taker"
"0.12193000","131.00000000","2024-06-07T18:15:00.141Z","sell","maker"
"0.12337000","3081.00000000","2024-06-07T18:14:55.081Z","sell","maker"
"0.12354000","121.00000000","2024-06-07T18:14:54.644Z","sell","maker"
"0.12436000","128.00000000","2024-06-07T18:14:40.950Z","sell","maker"
"0.12744000","121.00000000","2024-06-07T18:06:55.762Z","buy","taker"
"0.12684000","128.00000000","2024-06-07T18:06:24.749Z","buy","taker"
"0.12436000","131.00000000","2024-06-07T18:06:14.756Z","buy","taker"
"0.12450000","123.00000000","2024-06-07T18:06:14.756Z","buy","taker"
"0.12193000","133.00000000","2024-06-07T18:05:40.015Z","buy","taker"
"0.12162000","127.00000000","2024-06-07T18:05:31.953Z","buy","taker"
"0.12013000","740.00000000","2024-06-07T18:05:20.610Z","buy","taker"
"0.11910000","569.00000000","2024-06-07T18:05:20.012Z","buy","taker"
"0.11830000","438.00000000","2024-06-07T18:05:19.878Z","buy","taker"
"0.11769000","204.00000000","2024-06-07T18:05:17.836Z","buy","taker"
"0.11955000","133.00000000","2024-06-07T18:05:16.936Z","sell","maker"
"0.12193000","133.00000000","2024-06-07T18:05:00.186Z","buy","taker"
"0.11723000","893.00000000","2024-06-07T18:04:56.970Z","sell","maker"
"0.11800000","753.00000000","2024-06-07T18:04:50.039Z","buy","taker"
"0.12808000","95.00000000","2024-06-07T18:04:48.742Z","sell","maker"
"0.12808000","75.00000000","2024-06-07T18:04:48.742Z","sell","maker"
"0.12748000","106.00000000","2024-06-07T18:04:48.742Z","sell","maker"
"0.12685000","525.00000000","2024-06-07T18:04:48.742Z","sell","maker"
"0.12684000","126.00000000","2024-06-07T18:04:48.742Z","sell","maker"
"0.12646000","118.00000000","2024-06-07T18:04:48.742Z","sell","maker"
"0.12436000","128.00000000","2024-06-07T18:04:48.742Z","sell","maker"
"0.12390000","135.00000000","2024-06-07T18:04:48.742Z","sell","maker"
"0.12354000","121.00000000","2024-06-07T18:04:48.742Z","sell","maker"
"0.12193000","131.00000000","2024-06-07T18:04:48.742Z","sell","maker"
"0.12069000","124.00000000","2024-06-07T18:04:48.742Z","sell","maker"
"0.11955000","133.00000000","2024-06-07T18:04:48.742Z","sell","maker"
"0.11790000","127.00000000","2024-06-07T18:04:48.742Z","sell","maker"
"0.11722000","5.00000000","2024-06-07T18:04:48.742Z","sell","maker"
"0.12868000","250.00000000","2024-06-07T18:04:43.837Z","sell","maker"
"0.12868000","213.00000000","2024-06-07T18:04:41.771Z","sell","maker"
"0.12945000","31.00000000","2024-06-07T18:04:40.151Z","sell","maker"
"0.12936000","123.00000000","2024-06-07T18:04:40.151Z","sell","maker"
"0.12968000","160.00000000","2024-06-07T18:04:40.121Z","sell","maker"
"0.12967000","2985.00000000","2024-06-07T18:04:40.121Z","sell","maker"
"0.12945000","85.00000000","2024-06-07T18:04:40.121Z","sell","maker"
"0.13094000","99.00000000","2024-06-07T18:04:34.279Z","sell","maker"
"0.13093000","67.00000000","2024-06-07T18:04:34.279Z","sell","maker"
"0.13104000","96.00000000","2024-06-07T18:04:34.202Z","sell","maker"
"0.13102000","762.00000000","2024-06-07T18:04:34.202Z","sell","maker"
"0.13455000","96.00000000","2024-06-07T18:03:27.141Z","buy","taker"
"0.13194000","121.00000000","2024-06-07T18:02:53.414Z","sell","maker"
"0.13198000","758.00000000","2024-06-07T18:02:53.105Z","sell","maker"
"0.13197000","758.00000000","2024-06-07T18:02:53.105Z","sell","maker"
"0.13419000","729.00000000","2024-06-07T18:02:10.008Z","buy","taker"
"0.13303000","561.00000000","2024-06-07T18:02:07.521Z","buy","taker"
"0.13215000","431.00000000","2024-06-07T18:02:05.505Z","buy","taker"
"0.13147000","331.00000000","2024-06-07T18:02:04.051Z","buy","taker"
"0.13456000","121.00000000","2024-06-07T18:02:01.791Z","buy","taker"
"0.13095000","880.00000000","2024-06-07T18:01:47.230Z","sell","maker"
"0.13195000","99.00000000","2024-06-07T18:01:40.050Z","sell","maker"
"0.13194000","121.00000000","2024-06-07T18:01:40.050Z","sell","maker"
"0.13251000","113.00000000","2024-06-07T18:01:32.437Z","sell","maker"
"0.13512000","101.00000000","2024-06-07T18:01:20.025Z","sell","maker"
"0.13456000","118.00000000","2024-06-07T18:01:20.025Z","sell","maker"
"0.13446000","118.00000000","2024-06-07T18:01:20.025Z","sell","maker"
"0.13407000","72.00000000","2024-06-07T18:01:20.025Z","sell","maker"
"0.13564000","110.00000000","2024-06-07T18:01:11.183Z","sell","maker"
"0.13724000","116.00000000","2024-06-07T18:01:02.899Z","sell","maker"
"0.13902000","71.00000000","2024-06-07T18:01:00.044Z","sell","maker"
"0.13900000","110.00000000","2024-06-07T18:01:00.044Z","sell","maker"
"0.13885000","108.00000000","2024-06-07T18:01:00.044Z","sell","maker"
"0.13872000","94.00000000","2024-06-07T18:01:00.044Z","sell","maker"
"0.13801000","1272.00000000","2024-06-07T18:01:00.044Z","sell","maker"
"0.13999000","268.00000000","2024-06-07T18:00:50.058Z","sell","maker"
"0.13998000","114.00000000","2024-06-07T18:00:50.058Z","sell","maker"
"0.14084000","1657.00000000","2024-06-07T18:00:40.238Z","sell","maker"
"0.14095000","99.00000000","2024-06-07T18:00:40.111Z","sell","maker"
"0.14220000","35.00000000","2024-06-07T17:59:52.573Z","sell","maker"
"0.14213000","105.00000000","2024-06-07T17:59:52.573Z","sell","maker"
"0.14276000","112.00000000","2024-06-07T17:58:40.218Z","sell","maker"
"0.14465000","427.00000000","2024-06-07T17:32:01.648Z","buy","taker"
"0.14391000","328.00000000","2024-06-07T17:21:18.896Z","buy","taker"
"0.14333000","769.00000000","2024-06-07T17:16:53.906Z","buy","taker"
"0.14333000","103.00000000","2024-06-07T17:16:50.966Z","sell","maker"
"0.14384000","1645.00000000","2024-06-07T17:16:32.151Z","sell","maker"
"0.14414000","506.00000000","2024-06-07T17:15:58.577Z","sell","maker"
"0.14453000","505.00000000","2024-06-07T17:15:36.896Z","sell","maker"
"0.14549000","103.00000000","2024-06-07T17:05:52.092Z","sell","maker"
"0.14561000","109.00000000","2024-06-07T17:04:59.961Z","sell","maker"
"0.14609000","112.00000000","2024-06-07T16:57:12.089Z","sell","maker"
"0.14612000","193.00000000","2024-06-07T16:21:41.360Z","sell","maker"
"0.14640000","342.00000000","2024-06-07T16:06:07.433Z","sell","maker"
"0.14638000","19.00000000","2024-06-07T16:06:07.433Z","sell","maker"
"0.14772000","7.00000000","2024-06-07T15:59:40.715Z","buy","taker"
"0.14871000","3.00000000","2024-06-07T15:59:40.715Z","buy","taker"
"0.14772000","417.00000000","2024-06-07T15:59:19.787Z","buy","taker"
"0.14638000","82.00000000","2024-06-07T15:46:45.040Z","sell","maker"
"0.14696000","326.00000000","2024-06-07T15:34:42.291Z","buy","taker"
"0.14639000","864.00000000","2024-06-07T15:34:18.199Z","sell","maker"
"0.15140000","528.00000000","2024-06-07T15:34:02.618Z","buy","taker"
"0.15140000","283.00000000","2024-06-07T15:34:02.618Z","buy","taker"
"0.15145000","1899.00000000","2024-06-07T15:34:02.618Z","buy","taker"
"0.15140000","133.00000000","2024-06-07T15:33:55.280Z","buy","taker"
"0.14639000","1614.00000000","2024-06-07T15:26:31.198Z","buy","taker"
"0.14639000","3405.00000000","2024-06-07T15:26:31.034Z","buy","taker"
"0.14639000","4043.00000000","2024-06-07T15:26:30.403Z","buy","taker"
"0.14639000","3102.00000000","2024-06-07T15:26:30.348Z","buy","taker"
"0.14639000","3064.00000000","2024-06-07T15:26:30.292Z","buy","taker"
"0.14639000","2793.00000000","2024-06-07T15:26:30.115Z","sell","maker"
"0.14851000","107.00000000","2024-06-07T14:56:34.854Z","sell","maker"
"0.14893000","100.00000000","2024-06-07T14:56:09.407Z","sell","maker"
"0.15447000","17.00000000","2024-06-07T14:28:18.205Z","buy","taker"
"0.15050000","6.00000000","2024-06-07T14:27:19.185Z","sell","maker"
"0.14904000","24.00000000","2024-06-07T14:27:19.185Z","sell","maker"
"0.15447000","84.00000000","2024-06-07T14:06:13.032Z","buy","taker"
"0.15445000","17.00000000","2024-06-07T14:02:59.927Z","buy","taker"
"0.15050000","13.00000000","2024-06-07T14:02:49.088Z","sell","maker"
"0.15050000","98.00000000","2024-06-07T14:02:26.764Z","sell","maker"
"0.15447000","102.00000000","2024-06-07T14:02:06.537Z","buy","taker"
"0.15447000","194.00000000","2024-06-07T14:02:06.537Z","buy","taker"
"0.15448000","68.00000000","2024-06-07T14:02:06.537Z","buy","taker"
"0.15146000","107.00000000","2024-06-07T14:01:56.175Z","buy","taker"
"0.15218000","52.00000000","2024-06-07T14:01:56.175Z","buy","taker"
"0.15299000","19.00000000","2024-06-07T14:01:56.175Z","buy","taker"
"0.15364000","99.00000000","2024-06-07T14:01:56.175Z","buy","taker"
"0.15380000","10.00000000","2024-06-07T14:01:56.175Z","buy","taker"
"0.15447000","14.00000000","2024-06-07T14:01:56.175Z","buy","taker"
"0.14942000","726.00000000","2024-06-07T14:00:13.178Z","buy","taker"
"0.14851000","107.00000000","2024-06-07T14:00:11.431Z","sell","maker"
"0.14783000","726.00000000","2024-06-07T14:00:11.431Z","sell","maker"
"0.15086000","64.00000000","2024-06-07T13:55:18.945Z","buy","taker"
"0.15087000","276.00000000","2024-06-07T13:55:09.360Z","buy","taker"
"0.14946000","340.00000000","2024-06-07T13:55:07.913Z","sell","maker"
"0.15145000","18.00000000","2024-06-07T13:52:30.523Z","buy","taker"
"0.15146000","107.00000000","2024-06-07T13:52:30.523Z","buy","taker"
"0.15218000","20.00000000","2024-06-07T13:52:30.523Z","buy","taker"
"0.15100000","3112.00000000","2024-06-07T13:51:31.131Z","buy","taker"
"0.14746000","252.00000000","2024-06-07T13:48:40.392Z","sell","maker"
"0.14745000","33.00000000","2024-06-07T13:48:40.392Z","sell","maker"
"0.15100000","227.00000000","2024-06-07T13:48:28.308Z","buy","taker"
"0.15009000","102.00000000","2024-06-07T13:44:35.840Z","buy","taker"
"0.14952000","102.00000000","2024-06-07T13:43:35.442Z","buy","taker"
"0.14907000","111.00000000","2024-06-07T13:42:38.348Z","buy","taker"
"0.14794000","289.00000000","2024-06-07T13:41:37.340Z","buy","taker"
"0.14851000","109.00000000","2024-06-07T13:41:37.340Z","buy","taker"
"0.14597000","289.00000000","2024-06-07T13:41:36.834Z","sell","maker"
"0.14848000","74.00000000","2024-06-07T13:40:36.660Z","buy","taker"
"0.14848000","74.00000000","2024-06-07T13:40:36.660Z","buy","taker"
"0.14845000","8.00000000","2024-06-07T13:39:36.689Z","buy","taker"
"0.14760000","248.00000000","2024-06-07T13:38:39.476Z","sell","maker"
"0.14760000","28.00000000","2024-06-07T13:38:00.507Z","buy","taker"
"0.14805000","47.00000000","2024-06-07T13:38:00.507Z","buy","taker"
"0.14845000","134.00000000","2024-06-07T13:38:00.507Z","buy","taker"
"0.14423000","40.00000000","2024-06-07T13:37:57.637Z","sell","maker"
"0.14423000","94.00000000","2024-06-07T13:37:48.162Z","sell","maker"
"0.14423000","208.00000000","2024-06-07T13:37:48.162Z","sell","maker"
"0.14617000","47.00000000","2024-06-07T13:37:44.825Z","sell","maker"
"0.14760000","268.00000000","2024-06-07T13:34:38.138Z","buy","taker"
"0.14760000","289.00000000","2024-06-07T13:34:36.534Z","buy","taker"
"0.14760000","383.00000000","2024-06-07T13:33:16.787Z","buy","taker"
"0.14760000","970.00000000","2024-06-07T13:32:48.756Z","buy","taker"
"0.14760000","738.00000000","2024-06-07T13:32:47.517Z","buy","taker"
"0.14760000","999.00000000","2024-06-07T13:32:46.235Z","buy","taker"
"0.14760000","415.00000000","2024-06-07T13:32:44.972Z","buy","taker"
"0.14760000","180.00000000","2024-06-07T13:32:43.696Z","buy","taker"
"0.14760000","499.00000000","2024-06-07T13:32:41.779Z","buy","taker"
"0.14760000","3156.00000000","2024-06-07T13:26:00.688Z","buy","taker"
"0.14717000","93.00000000","2024-06-07T13:24:31.936Z","buy","taker"
"0.14718000","461.00000000","2024-06-07T13:24:31.936Z","buy","taker"
"0.14662000","105.00000000","2024-06-07T13:23:12.445Z","buy","taker"
"0.14626000","102.00000000","2024-06-07T13:21:23.255Z","buy","taker"
"0.14561000","112.00000000","2024-06-07T13:18:27.625Z","buy","taker"
"0.14560000","103.00000000","2024-06-07T12:58:33.305Z","buy","taker"
"0.14276000","112.00000000","2024-06-07T12:38:02.374Z","sell","maker"
"0.14342000","128.00000000","2024-06-07T12:34:02.803Z","sell","maker"
"0.14661000","341.00000000","2024-06-07T12:31:32.339Z","buy","taker"
"0.14627000","127.00000000","2024-06-07T12:30:00.572Z","buy","taker"
"0.14561000","112.00000000","2024-06-07T12:17:15.737Z","buy","taker"
"0.14493000","18.00000000","2024-06-07T12:06:54.879Z","buy","taker"
"0.14523000","35.00000000","2024-06-07T12:06:54.879Z","buy","taker"
"0.14383000","98.00000000","2024-06-07T11:39:36.725Z","buy","taker"
"0.14324000","108.00000000","2024-06-07T11:26:53.641Z","buy","taker"
"0.14271000","19.00000000","2024-06-07T11:19:25.701Z","buy","taker"
"0.14276000","114.00000000","2024-06-07T11:19:25.701Z","buy","taker"
"0.14255000","2615.00000000","2024-06-07T10:13:16.207Z","buy","taker"
"0.14255000","13.00000000","2024-06-07T10:13:16.207Z","buy","taker"
"0.14255000","3635.00000000","2024-06-07T10:13:10.691Z","buy","taker"
"0.14255000","10.00000000","2024-06-07T09:04:55.369Z","buy","taker"
"0.14228000","93.00000000","2024-06-07T08:50:25.820Z","buy","taker"
"0.14209000","1035.00000000","2024-06-07T08:48:44.994Z","buy","taker"
"0.14209000","3639.00000000","2024-06-07T08:48:43.385Z","buy","taker"
"0.14209000","4184.00000000","2024-06-07T08:48:43.327Z","buy","taker"
"0.14209000","3466.00000000","2024-06-07T08:48:43.272Z","buy","taker"
"0.13998000","116.00000000","2024-06-07T07:18:11.231Z","buy","taker"
"0.13997000","10.00000000","2024-06-07T06:27:09.352Z","buy","taker"
"0.13632000","122.00000000","2024-06-07T04:42:12.642Z","sell","maker"
"0.13576000","107.00000000","2024-06-07T02:31:20.141Z","sell","maker"
"0.13991000","19.00000000","2024-06-06T20:02:36.517Z","buy","taker"
"0.13724000","116.00000000","2024-06-06T20:01:34.617Z","sell","maker"
"0.14209000","18.00000000","2024-06-06T16:42:37.889Z","buy","taker"
"0.13725000","1273.00000000","2024-06-06T16:41:38.740Z","sell","maker"
"0.14215000","500.00000000","2024-06-06T13:47:21.158Z","buy","taker"
"0.13998000","116.00000000","2024-06-06T11:39:41.517Z","buy","taker"
"0.13997000","302.00000000","2024-06-06T09:27:55.079Z","buy","taker"
"0.13583000","139.00000000","2024-06-06T09:21:49.145Z","sell","maker"
"0.13576000","23.00000000","2024-06-06T08:20:15.520Z","sell","maker"
"0.13977000","21.00000000","2024-06-06T08:19:54.843Z","buy","taker"
"0.13715000","756.00000000","2024-06-06T06:34:16.472Z","sell","maker"
"0.13724000","116.00000000","2024-06-06T06:32:50.209Z","sell","maker"
"0.13725000","536.00000000","2024-06-06T04:47:40.330Z","sell","maker"
"0.14208000","36.00000000","2024-06-06T04:03:26.104Z","buy","taker"
"0.13831000","115.00000000","2024-06-06T03:54:27.195Z","sell","maker"
"0.13880000","36.00000000","2024-06-06T03:54:27.175Z","sell","maker"
"0.13842000","681.00000000","2024-06-06T03:54:27.175Z","sell","maker"
"0.13885000","108.00000000","2024-06-06T03:48:54.476Z","sell","maker"
"0.14240000","1422.00000000","2024-06-06T03:07:05.183Z","buy","taker"
"0.13886000","228.00000000","2024-06-06T01:00:13.935Z","sell","maker"
"0.13886000","302.00000000","2024-06-05T21:26:57.582Z","sell","maker"
"0.14000000","3162.00000000","2024-06-05T19:12:54.949Z","sell","maker"
"0.14000000","3502.00000000","2024-06-05T19:12:54.887Z","sell","maker"
"0.14000000","3766.00000000","2024-06-05T19:12:54.831Z","sell","maker"
"0.14000000","3346.00000000","2024-06-05T19:12:50.458Z","sell","maker"
"0.14000000","36.00000000","2024-06-05T17:40:07.541Z","sell","maker"
"0.14000000","1500.00000000","2024-06-05T16:28:27.473Z","buy","taker"
"0.14275000","210.00000000","2024-06-05T15:14:22.532Z","buy","taker"
"0.14275000","701.00000000","2024-06-05T15:14:22.532Z","buy","taker"
"0.14275000","1332.00000000","2024-06-05T15:14:22.532Z","buy","taker"
"0.13958000","492.00000000","2024-06-05T13:50:04.163Z","sell","maker"
"0.13958000","122.00000000","2024-06-05T12:36:46.984Z","sell","maker"
"0.13998000","114.00000000","2024-06-05T10:21:43.675Z","sell","maker"
"0.13959000","157.00000000","2024-06-05T10:21:43.675Z","sell","maker"
"0.14063000","554.00000000","2024-06-05T09:36:04.045Z","sell","maker"
"0.14359000","289.00000000","2024-06-05T08:47:20.147Z","buy","taker"
"0.14159000","500.00000000","2024-06-05T07:49:20.100Z","sell","maker"
"0.14163000","134.00000000","2024-06-05T07:48:14.464Z","sell","maker"
"0.14196000","235.00000000","2024-06-05T07:44:31.013Z","sell","maker"
"0.14558000","229.00000000","2024-06-05T04:04:26.606Z","buy","taker"
"0.14213000","105.00000000","2024-06-05T02:47:31.455Z","sell","maker"
"0.14246000","452.00000000","2024-06-05T02:47:28.180Z","sell","maker"
"0.14276000","112.00000000","2024-06-05T02:47:27.963Z","sell","maker"
"0.14325000","409.00000000","2024-06-05T02:47:27.909Z","sell","maker"
"0.14336000","134.00000000","2024-06-05T02:47:26.423Z","sell","maker"
"0.14337000","113.00000000","2024-06-05T02:27:23.140Z","sell","maker"
"0.14337000","35.00000000","2024-06-05T00:20:18.388Z","sell","maker"
"0.14351000","10.00000000","2024-06-04T23:51:52.120Z","buy","taker"
"0.14337000","881.00000000","2024-06-04T22:55:05.631Z","buy","taker"
"0.14425000","100.00000000","2024-06-04T20:39:15.080Z","sell","maker"
"0.14397000","370.00000000","2024-06-04T20:39:15.080Z","sell","maker"
"0.14337000","1343.00000000","2024-06-04T20:39:15.080Z","sell","maker"
"0.14438000","12.00000000","2024-06-04T20:01:26.848Z","buy","taker"
"0.14440000","10.00000000","2024-06-04T19:05:25.625Z","buy","taker"
"0.14481000","12.00000000","2024-06-04T18:45:56.345Z","sell","maker"
"0.14462000","335.00000000","2024-06-04T18:45:56.345Z","sell","maker"
"0.14521000","303.00000000","2024-06-04T18:37:41.159Z","sell","maker"
"0.14522000","1379.00000000","2024-06-04T17:56:04.585Z","sell","maker"
"0.14575000","274.00000000","2024-06-04T17:39:20.139Z","sell","maker"
"0.14624000","249.00000000","2024-06-04T17:34:07.736Z","sell","maker"
"0.14669000","225.00000000","2024-06-04T17:30:22.033Z","sell","maker"
"0.14719000","99.00000000","2024-06-04T17:24:33.643Z","buy","taker"
"0.14709000","204.00000000","2024-06-04T17:20:12.952Z","sell","maker"
"0.14718000","12.00000000","2024-06-04T17:20:11.538Z","buy","taker"
"0.14697000","11.00000000","2024-06-04T17:20:08.438Z","buy","taker"
"0.14718000","330.00000000","2024-06-04T17:20:08.438Z","buy","taker"
"0.14662000","104.00000000","2024-06-04T17:18:07.941Z","buy","taker"
"0.14611000","1324.00000000","2024-06-04T17:14:37.383Z","buy","taker"
"0.14611000","285.00000000","2024-06-04T17:07:06.684Z","buy","taker"
"0.14394000","8.00000000","2024-06-04T17:05:41.134Z","buy","taker"
"0.14603000","133.00000000","2024-06-04T17:05:41.134Z","buy","taker"
"0.14394000","2358.00000000","2024-06-04T16:07:39.896Z","buy","taker"
"0.14394000","3902.00000000","2024-06-04T16:07:37.896Z","buy","taker"
"0.14394000","3478.00000000","2024-06-04T16:07:37.846Z","buy","taker"
"0.14394000","3521.00000000","2024-06-04T16:07:37.738Z","buy","taker"
"0.14394000","306.00000000","2024-06-04T16:07:19.659Z","sell","maker"