"price","volume","timestamp","type"
"0.1205","27357.9","2024-05-25T21:43:33.555Z","ask"
"0.1206","32753.8","2024-05-25T21:43:33.555Z","ask"
"0.1207","53837.4","2024-05-25T21:43:33.555Z","ask"
"0.1208","30411.9","2024-05-25T21:43:33.555Z","ask"
"0.1209","45000","2024-05-25T21:43:33.555Z","ask"
"0.121","43798.7","2024-05-25T21:43:33.555Z","ask"
"0.1217","47452.4","2024-05-25T21:43:33.555Z","ask"
"0.1218","30","2024-05-25T21:43:33.555Z","ask"
"0.122","17330.5","2024-05-25T21:43:33.555Z","ask"
"0.1221","32166.8","2024-05-25T21:43:33.555Z","ask"
"0.1222","2513.4","2024-05-25T21:43:33.555Z","ask"
"0.1226","265.6","2024-05-25T21:43:33.555Z","ask"
"0.1227","80971.6","2024-05-25T21:43:33.555Z","ask"
"0.1228","126.4","2024-05-25T21:43:33.555Z","ask"
"0.1229","59357.5","2024-05-25T21:43:33.555Z","ask"
"0.123","932.2","2024-05-25T21:43:33.555Z","ask"
"0.1231","46134.7","2024-05-25T21:43:33.555Z","ask"
"0.1233","140.6","2024-05-25T21:43:33.555Z","ask"
"0.1234","91869.8","2024-05-25T21:43:33.555Z","ask"
"0.1235","926.3","2024-05-25T21:43:33.555Z","ask"
"0.1236","0.1","2024-05-25T21:43:33.555Z","ask"
"0.1237","1662.9","2024-05-25T21:43:33.555Z","ask"
"0.1238","182.1","2024-05-25T21:43:33.555Z","ask"
"0.1239","1035.5","2024-05-25T21:43:33.555Z","ask"
"0.1241","34966.4","2024-05-25T21:43:33.555Z","ask"
"0.1242","30","2024-05-25T21:43:33.555Z","ask"
"0.1243","1745.3","2024-05-25T21:43:33.555Z","ask"
"0.1244","41.6","2024-05-25T21:43:33.555Z","ask"
"0.1246","72919.4","2024-05-25T21:43:33.555Z","ask"
"0.1247","139.1","2024-05-25T21:43:33.555Z","ask"
"0.1248","1978.5","2024-05-25T21:43:33.555Z","ask"
"0.1249","97576.1","2024-05-25T21:43:33.555Z","ask"
"0.125","95685.3","2024-05-25T21:43:33.555Z","ask"
"0.1252","94.3","2024-05-25T21:43:33.555Z","ask"
"0.1253","262.4","2024-05-25T21:43:33.555Z","ask"
"0.1255","30","2024-05-25T21:43:33.555Z","ask"
"0.1256","259.1","2024-05-25T21:43:33.555Z","ask"
"0.1258","882.6","2024-05-25T21:43:33.555Z","ask"
"0.1259","219.8","2024-05-25T21:43:33.555Z","ask"
"0.126","18280","2024-05-25T21:43:33.555Z","ask"
"0.1263","301.9","2024-05-25T21:43:33.555Z","ask"
"0.1265","137.1","2024-05-25T21:43:33.555Z","ask"
"0.1266","1902.6","2024-05-25T21:43:33.555Z","ask"
"0.1267","30","2024-05-25T21:43:33.555Z","ask"
"0.127","85.6","2024-05-25T21:43:33.555Z","ask"
"0.1271","137.2","2024-05-25T21:43:33.555Z","ask"
"0.1273","305.3","2024-05-25T21:43:33.555Z","ask"
"0.1274","4648.1","2024-05-25T21:43:33.555Z","ask"
"0.1275","468058.9","2024-05-25T21:43:33.555Z","ask"
"0.1277","403.6","2024-05-25T21:43:33.555Z","ask"
"0.1278","555.5","2024-05-25T21:43:33.555Z","ask"
"0.1282","865.8","2024-05-25T21:43:33.555Z","ask"
"0.1283","932.5","2024-05-25T21:43:33.555Z","ask"
"0.1284","7656.1","2024-05-25T21:43:33.555Z","ask"
"0.1285","15000","2024-05-25T21:43:33.555Z","ask"
"0.1288","487.7","2024-05-25T21:43:33.555Z","ask"
"0.1289","1479.9","2024-05-25T21:43:33.555Z","ask"
"0.129","4607.6","2024-05-25T21:43:33.555Z","ask"
"0.1291","120.2","2024-05-25T21:43:33.555Z","ask"
"0.1293","404.7","2024-05-25T21:43:33.555Z","ask"
"0.1294","1146.5","2024-05-25T21:43:33.555Z","ask"
"0.1295","15.9","2024-05-25T21:43:33.555Z","ask"
"0.1296","1007.1","2024-05-25T21:43:33.555Z","ask"
"0.1297","133.7","2024-05-25T21:43:33.555Z","ask"
"0.1298","40.4","2024-05-25T21:43:33.555Z","ask"
"0.1299","20921.6","2024-05-25T21:43:33.555Z","ask"
"0.13","10062.4","2024-05-25T21:43:33.555Z","ask"
"0.1301","40.4","2024-05-25T21:43:33.555Z","ask"
"0.1303","172.6","2024-05-25T21:43:33.555Z","ask"
"0.1305","408","2024-05-25T21:43:33.555Z","ask"
"0.1307","83.2","2024-05-25T21:43:33.555Z","ask"
"0.1308","471","2024-05-25T21:43:33.555Z","ask"
"0.1309","0.1","2024-05-25T21:43:33.555Z","ask"
"0.131","2656","2024-05-25T21:43:33.555Z","ask"
"0.1311","544.5","2024-05-25T21:43:33.555Z","ask"
"0.1312","35.6","2024-05-25T21:43:33.555Z","ask"
"0.1313","300","2024-05-25T21:43:33.555Z","ask"
"0.1315","4012.3","2024-05-25T21:43:33.555Z","ask"
"0.1316","4715.3","2024-05-25T21:43:33.555Z","ask"
"0.1317","212715.6","2024-05-25T21:43:33.555Z","ask"
"0.1318","533.5","2024-05-25T21:43:33.555Z","ask"
"0.1321","39.1","2024-05-25T21:43:33.555Z","ask"
"0.1322","646.3","2024-05-25T21:43:33.555Z","ask"
"0.1323","1566.5","2024-05-25T21:43:33.555Z","ask"
"0.1324","288","2024-05-25T21:43:33.555Z","ask"
"0.1325","0.8","2024-05-25T21:43:33.555Z","ask"
"0.1326","40.3","2024-05-25T21:43:33.555Z","ask"
"0.1327","5333.8","2024-05-25T21:43:33.555Z","ask"
"0.1328","427.6","2024-05-25T21:43:33.555Z","ask"
"0.133","150.5","2024-05-25T21:43:33.555Z","ask"
"0.1331","116.6","2024-05-25T21:43:33.555Z","ask"
"0.1333","858.2","2024-05-25T21:43:33.555Z","ask"
"0.1334","11342.8","2024-05-25T21:43:33.555Z","ask"
"0.1336","1078","2024-05-25T21:43:33.555Z","ask"
"0.1337","168.4","2024-05-25T21:43:33.555Z","ask"
"0.1338","243.3","2024-05-25T21:43:33.555Z","ask"
"0.1339","26103.6","2024-05-25T21:43:33.555Z","ask"
"0.134","10542.2","2024-05-25T21:43:33.555Z","ask"
"0.1342","4242.2","2024-05-25T21:43:33.555Z","ask"
"0.1343","129.2","2024-05-25T21:43:33.555Z","ask"
"0.1344","579.9","2024-05-25T21:43:33.555Z","ask"
"0.1345","2824.2","2024-05-25T21:43:33.555Z","ask"
"0.1349","847.8","2024-05-25T21:43:33.555Z","ask"
"0.135","14261.3","2024-05-25T21:43:33.555Z","ask"
"0.1354","77.7","2024-05-25T21:43:33.555Z","ask"
"0.1355","521.7","2024-05-25T21:43:33.555Z","ask"
"0.1357","127.8","2024-05-25T21:43:33.555Z","ask"
"0.1358","114.4","2024-05-25T21:43:33.555Z","ask"
"0.1362","9831.2","2024-05-25T21:43:33.555Z","ask"
"0.1363","505.5","2024-05-25T21:43:33.555Z","ask"
"0.1364","2703.4","2024-05-25T21:43:33.555Z","ask"
"0.1365","943.5","2024-05-25T21:43:33.555Z","ask"
"0.1368","14700.3","2024-05-25T21:43:33.555Z","ask"
"0.1369","38.3","2024-05-25T21:43:33.555Z","ask"
"0.137","247.4","2024-05-25T21:43:33.555Z","ask"
"0.1371","3525.2","2024-05-25T21:43:33.555Z","ask"
"0.1372","113.2","2024-05-25T21:43:33.555Z","ask"
"0.1373","1876.5","2024-05-25T21:43:33.555Z","ask"
"0.1374","220","2024-05-25T21:43:33.555Z","ask"
"0.1375","0.8","2024-05-25T21:43:33.555Z","ask"
"0.1377","125.9","2024-05-25T21:43:33.555Z","ask"
"0.138","78.8","2024-05-25T21:43:33.555Z","ask"
"0.1381","374.6","2024-05-25T21:43:33.556Z","ask"
"0.1384","125.3","2024-05-25T21:43:33.556Z","ask"
"0.1385","1208.5","2024-05-25T21:43:33.556Z","ask"
"0.1386","37.3","2024-05-25T21:43:33.556Z","ask"
"0.1387","274.8","2024-05-25T21:43:33.556Z","ask"
"0.1388","396.2","2024-05-25T21:43:33.556Z","ask"
"0.139","8000.8","2024-05-25T21:43:33.556Z","ask"
"0.1393","858.8","2024-05-25T21:43:33.556Z","ask"
"0.1396","38.3","2024-05-25T21:43:33.556Z","ask"
"0.1397","320.1","2024-05-25T21:43:33.556Z","ask"
"0.1398","52.3","2024-05-25T21:43:33.556Z","ask"
"0.1399","382.7","2024-05-25T21:43:33.556Z","ask"
"0.14","86074.1","2024-05-25T21:43:33.556Z","ask"
"0.1401","0.1","2024-05-25T21:43:33.556Z","ask"
"0.1402","71.8","2024-05-25T21:43:33.556Z","ask"
"0.1404","457","2024-05-25T21:43:33.556Z","ask"
"0.1405","834.1","2024-05-25T21:43:33.556Z","ask"
"0.1406","750","2024-05-25T21:43:33.556Z","ask"
"0.1407","231.3","2024-05-25T21:43:33.556Z","ask"
"0.1408","4365.4","2024-05-25T21:43:33.556Z","ask"
"0.1409","0.1","2024-05-25T21:43:33.556Z","ask"
"0.141","66.6","2024-05-25T21:43:33.556Z","ask"
"0.1412","122.9","2024-05-25T21:43:33.556Z","ask"
"0.1413","811.4","2024-05-25T21:43:33.556Z","ask"
"0.1414","109.8","2024-05-25T21:43:33.556Z","ask"
"0.1415","24938.3","2024-05-25T21:43:33.556Z","ask"
"0.1417","76.8","2024-05-25T21:43:33.556Z","ask"
"0.1418","363.5","2024-05-25T21:43:33.556Z","ask"
"0.1419","24231.8","2024-05-25T21:43:33.556Z","ask"
"0.142","1782.3","2024-05-25T21:43:33.556Z","ask"
"0.1421","93.3","2024-05-25T21:43:33.556Z","ask"
"0.1422","7933.2","2024-05-25T21:43:33.556Z","ask"
"0.1426","121.7","2024-05-25T21:43:33.556Z","ask"
"0.1429","2533.7","2024-05-25T21:43:33.556Z","ask"
"0.143","1750","2024-05-25T21:43:33.556Z","ask"
"0.1433","121","2024-05-25T21:43:33.556Z","ask"
"0.1435","150","2024-05-25T21:43:33.556Z","ask"
"0.1436","265.5","2024-05-25T21:43:33.556Z","ask"
"0.1437","866.6","2024-05-25T21:43:33.556Z","ask"
"0.1438","35.9","2024-05-25T21:43:33.556Z","ask"
"0.144","120.5","2024-05-25T21:43:33.556Z","ask"
"0.1442","107.7","2024-05-25T21:43:33.556Z","ask"
"0.1443","225.6","2024-05-25T21:43:33.556Z","ask"
"0.1447","119.9","2024-05-25T21:43:33.556Z","ask"
"0.145","5345.1","2024-05-25T21:43:33.556Z","ask"
"0.1454","1001.9","2024-05-25T21:43:33.556Z","ask"
"0.146","106.4","2024-05-25T21:43:33.556Z","ask"
"0.1462","385.4","2024-05-25T21:43:33.556Z","ask"
"0.1463","3739.4","2024-05-25T21:43:33.556Z","ask"
"0.1469","118","2024-05-25T21:43:33.556Z","ask"
"0.147","1146.8","2024-05-25T21:43:33.556Z","ask"
"0.1476","117.5","2024-05-25T21:43:33.556Z","ask"
"0.1478","161.5","2024-05-25T21:43:33.556Z","ask"
"0.148","3259.2","2024-05-25T21:43:33.556Z","ask"
"0.1484","116.9","2024-05-25T21:43:33.556Z","ask"
"0.1486","104.5","2024-05-25T21:43:33.556Z","ask"
"0.1487","276.7","2024-05-25T21:43:33.556Z","ask"
"0.149","2441.1","2024-05-25T21:43:33.556Z","ask"
"0.1491","34.6","2024-05-25T21:43:33.556Z","ask"
"0.1492","116.3","2024-05-25T21:43:33.556Z","ask"
"0.1494","1037682","2024-05-25T21:43:33.556Z","ask"
"0.1498","217.3","2024-05-25T21:43:33.556Z","ask"
"0.1499","115.7","2024-05-25T21:43:33.556Z","ask"
"0.15","494165","2024-05-25T21:43:33.556Z","ask"
"0.1501","103.4","2024-05-25T21:43:33.556Z","ask"
"0.1506","368.5","2024-05-25T21:43:33.556Z","ask"
"0.151","34.2","2024-05-25T21:43:33.556Z","ask"
"0.1514","121.2","2024-05-25T21:43:33.556Z","ask"
"0.1516","238.2","2024-05-25T21:43:33.556Z","ask"
"0.1517","364.4","2024-05-25T21:43:33.556Z","ask"
"0.1521","212829.5","2024-05-25T21:43:33.556Z","ask"
"0.1522","55.9","2024-05-25T21:43:33.556Z","ask"
"0.1523","250.4","2024-05-25T21:43:33.556Z","ask"
"0.1528","33.8","2024-05-25T21:43:33.556Z","ask"
"0.1529","113.4","2024-05-25T21:43:33.556Z","ask"
"0.1532","101.4","2024-05-25T21:43:33.556Z","ask"
"0.1534","56.9","2024-05-25T21:43:33.556Z","ask"
"0.1536","338.1","2024-05-25T21:43:33.556Z","ask"
"0.1538","2563.2","2024-05-25T21:43:33.556Z","ask"
"0.154","282.6","2024-05-25T21:43:33.556Z","ask"
"0.1544","112.3","2024-05-25T21:43:33.556Z","ask"
"0.1547","33.4","2024-05-25T21:43:33.556Z","ask"
"0.1549","305","2024-05-25T21:43:33.556Z","ask"
"0.155","4036.2","2024-05-25T21:43:33.556Z","ask"
"0.1551","104.6","2024-05-25T21:43:33.556Z","ask"
"0.1552","111.7","2024-05-25T21:43:33.556Z","ask"
"0.1554","3216.5","2024-05-25T21:43:33.556Z","ask"
"0.1555","209.3","2024-05-25T21:43:33.556Z","ask"
"0.1559","259.6","2024-05-25T21:43:33.556Z","ask"
"0.156","576.6","2024-05-25T21:43:33.556Z","ask"
"0.1565","33","2024-05-25T21:43:33.556Z","ask"
"0.1567","170","2024-05-25T21:43:33.556Z","ask"
"0.1568","70415.2","2024-05-25T21:43:33.556Z","ask"
"0.1569","15","2024-05-25T21:43:33.556Z","ask"
"0.157","150","2024-05-25T21:43:33.556Z","ask"
"0.1575","206.7","2024-05-25T21:43:33.556Z","ask"
"0.1576","6400.3","2024-05-25T21:43:33.556Z","ask"
"0.1577","241.8","2024-05-25T21:43:33.556Z","ask"
"0.1579","98.4","2024-05-25T21:43:33.556Z","ask"
"0.158","1111.2","2024-05-25T21:43:33.556Z","ask"
"0.1584","14282.7","2024-05-25T21:43:33.556Z","ask"
"0.1586","641.9","2024-05-25T21:43:33.556Z","ask"
"0.159","3663.4","2024-05-25T21:43:33.556Z","ask"
"0.1591","178.9","2024-05-25T21:43:33.556Z","ask"
"0.1593","500","2024-05-25T21:43:33.556Z","ask"
"0.1594","301.6","2024-05-25T21:43:33.556Z","ask"
"0.1595","239","2024-05-25T21:43:33.556Z","ask"
"0.1597","37217.9","2024-05-25T21:43:33.556Z","ask"
"0.1599","123.5","2024-05-25T21:43:33.556Z","ask"
"0.16","130225.4","2024-05-25T21:43:33.556Z","ask"
"0.1601","1100.5","2024-05-25T21:43:33.556Z","ask"
"0.1603","148.5","2024-05-25T21:43:33.556Z","ask"
"0.1604","32.2","2024-05-25T21:43:33.556Z","ask"
"0.1607","107.9","2024-05-25T21:43:33.556Z","ask"
"0.161","19316","2024-05-25T21:43:33.556Z","ask"
"0.1612","40","2024-05-25T21:43:33.556Z","ask"
"0.1615","12952.4","2024-05-25T21:43:33.556Z","ask"
"0.1619","68.2","2024-05-25T21:43:33.556Z","ask"
"0.162","22195.8","2024-05-25T21:43:33.556Z","ask"
"0.1621","1349.9","2024-05-25T21:43:33.556Z","ask"
"0.1623","5106.8","2024-05-25T21:43:33.556Z","ask"
"0.1624","30","2024-05-25T21:43:33.556Z","ask"
"0.1625","75.8","2024-05-25T21:43:33.556Z","ask"
"0.1626","95.5","2024-05-25T21:43:33.556Z","ask"
"0.163","15","2024-05-25T21:43:33.556Z","ask"
"0.1631","106.3","2024-05-25T21:43:33.556Z","ask"
"0.1632","1941.1","2024-05-25T21:43:33.556Z","ask"
"0.1633","233.5","2024-05-25T21:43:33.556Z","ask"
"0.1635","8212.9","2024-05-25T21:43:33.556Z","ask"
"0.1637","306.6","2024-05-25T21:43:33.556Z","ask"
"0.164","105.8","2024-05-25T21:43:33.556Z","ask"
"0.1641","150","2024-05-25T21:43:33.556Z","ask"
"0.1642","31.5","2024-05-25T21:43:33.556Z","ask"
"0.1643","94.5","2024-05-25T21:43:33.556Z","ask"
"0.1646","15","2024-05-25T21:43:33.556Z","ask"
"0.1647","56.9","2024-05-25T21:43:33.556Z","ask"
"0.1648","105.3","2024-05-25T21:43:33.556Z","ask"
"0.1649","290","2024-05-25T21:43:33.556Z","ask"
"0.165","58500.9","2024-05-25T21:43:33.556Z","ask"
"0.1653","230.8","2024-05-25T21:43:33.556Z","ask"
"0.1654","26074.8","2024-05-25T21:43:33.556Z","ask"
"0.1655","196.7","2024-05-25T21:43:33.556Z","ask"
"0.1656","104.8","2024-05-25T21:43:33.556Z","ask"
"0.1658","45","2024-05-25T21:43:33.556Z","ask"
"0.166","153.5","2024-05-25T21:43:33.556Z","ask"
"0.1662","31.1","2024-05-25T21:43:33.556Z","ask"
"0.1663","138.6","2024-05-25T21:43:33.556Z","ask"
"0.1665","104.2","2024-05-25T21:43:33.556Z","ask"
"0.1669","22.3","2024-05-25T21:43:33.556Z","ask"
"0.167","4293.1","2024-05-25T21:43:33.556Z","ask"
"0.1672","253.7","2024-05-25T21:43:33.556Z","ask"
"0.1673","103.7","2024-05-25T21:43:33.556Z","ask"
"0.1675","9670.2","2024-05-25T21:43:33.556Z","ask"
"0.1676","286.9","2024-05-25T21:43:33.556Z","ask"
"0.168","150","2024-05-25T21:43:33.556Z","ask"
"0.1681","103.2","2024-05-25T21:43:33.556Z","ask"
"0.1682","430.7","2024-05-25T21:43:33.556Z","ask"
"0.1687","2971.3","2024-05-25T21:43:33.556Z","ask"
"0.1688","994.1","2024-05-25T21:43:33.556Z","ask"
"0.1689","102.7","2024-05-25T21:43:33.556Z","ask"
"0.169","52.3","2024-05-25T21:43:33.556Z","ask"
"0.1691","225.5","2024-05-25T21:43:33.556Z","ask"
"0.1694","91.7","2024-05-25T21:43:33.556Z","ask"
"0.1697","6284.7","2024-05-25T21:43:33.556Z","ask"
"0.1698","102.1","2024-05-25T21:43:33.556Z","ask"
"0.1699","595598","2024-05-25T21:43:33.556Z","ask"
"0.17","371365","2024-05-25T21:43:33.556Z","ask"
"0.1701","0.1","2024-05-25T21:43:33.556Z","ask"
"0.1702","6219.9","2024-05-25T21:43:33.556Z","ask"
"0.1703","30.3","2024-05-25T21:43:33.556Z","ask"
"0.1705","6866.7","2024-05-25T21:43:33.556Z","ask"
"0.1706","101.6","2024-05-25T21:43:33.556Z","ask"
"0.171","106.2","2024-05-25T21:43:33.556Z","ask"
"0.1711","192.6","2024-05-25T21:43:33.556Z","ask"
"0.1712","222.8","2024-05-25T21:43:33.556Z","ask"
"0.1716","101.1","2024-05-25T21:43:33.556Z","ask"
"0.1719","189.4","2024-05-25T21:43:33.556Z","ask"
"0.172","234369.9","2024-05-25T21:43:33.556Z","ask"
"0.1721","1535.9","2024-05-25T21:43:33.556Z","ask"
"0.1723","30","2024-05-25T21:43:33.556Z","ask"
"0.1724","100.6","2024-05-25T21:43:33.556Z","ask"
"0.1725","2874.3","2024-05-25T21:43:33.556Z","ask"
"0.1727","89.9","2024-05-25T21:43:33.556Z","ask"
"0.1732","320.4","2024-05-25T21:43:33.556Z","ask"
"0.174","1319.3","2024-05-25T21:43:33.556Z","ask"
"0.1743","29.6","2024-05-25T21:43:33.556Z","ask"
"0.1744","89","2024-05-25T21:43:33.556Z","ask"
"0.1747","2206.9","2024-05-25T21:43:33.556Z","ask"
"0.1748","368.4","2024-05-25T21:43:33.556Z","ask"
"0.175","5951.5","2024-05-25T21:43:33.556Z","ask"
"0.1752","217.6","2024-05-25T21:43:33.556Z","ask"
"0.1759","9621.5","2024-05-25T21:43:33.556Z","ask"
"0.176","3228.6","2024-05-25T21:43:33.556Z","ask"
"0.1761","184.8","2024-05-25T21:43:33.556Z","ask"
"0.1763","88.1","2024-05-25T21:43:33.556Z","ask"
"0.1764","3733","2024-05-25T21:43:33.556Z","ask"
"0.1765","29.3","2024-05-25T21:43:33.556Z","ask"
"0.177","318.7","2024-05-25T21:43:33.556Z","ask"
"0.1771","104.6","2024-05-25T21:43:33.556Z","ask"
"0.1773","215.1","2024-05-25T21:43:33.556Z","ask"
"0.1774","52.3","2024-05-25T21:43:33.556Z","ask"
"0.1777","5000","2024-05-25T21:43:33.556Z","ask"
"0.1778","500","2024-05-25T21:43:33.556Z","ask"
"0.178","2517.9","2024-05-25T21:43:33.556Z","ask"
"0.1784","8025.4","2024-05-25T21:43:33.556Z","ask"
"0.1786","296.1","2024-05-25T21:43:33.556Z","ask"
"0.1788","20","2024-05-25T21:43:33.556Z","ask"
"0.1793","212.6","2024-05-25T21:43:33.556Z","ask"
"0.1795","12705.5","2024-05-25T21:43:33.556Z","ask"
"0.1798","86.3","2024-05-25T21:43:33.556Z","ask"
"0.1799","44.8","2024-05-25T21:43:33.556Z","ask"
"0.18","254555.3","2024-05-25T21:43:33.556Z","ask"
"0.1801","2396.3","2024-05-25T21:43:33.556Z","ask"
"0.1806","180.2","2024-05-25T21:43:33.556Z","ask"
"0.1808","28.6","2024-05-25T21:43:33.556Z","ask"
"0.181","27.8","2024-05-25T21:43:33.556Z","ask"
"0.1813","319.8","2024-05-25T21:43:33.556Z","ask"
"0.1815","210.1","2024-05-25T21:43:33.556Z","ask"
"0.1817","85.5","2024-05-25T21:43:33.556Z","ask"
"0.1819","1768155.8","2024-05-25T21:43:33.556Z","ask"
"0.182","1169.9","2024-05-25T21:43:33.556Z","ask"
"0.1821","2515.5","2024-05-25T21:43:33.556Z","ask"
"0.1825","38923.8","2024-05-25T21:43:33.556Z","ask"
"0.1826","1100","2024-05-25T21:43:33.556Z","ask"
"0.1829","206.2","2024-05-25T21:43:33.556Z","ask"
"0.1834","280.6","2024-05-25T21:43:33.556Z","ask"
"0.1835","84.6","2024-05-25T21:43:33.556Z","ask"
"0.1836","207.7","2024-05-25T21:43:33.556Z","ask"
"0.1839","1000","2024-05-25T21:43:33.556Z","ask"
"0.184","85","2024-05-25T21:43:33.556Z","ask"
"0.1849","4641","2024-05-25T21:43:33.556Z","ask"
"0.185","2004.9","2024-05-25T21:43:33.556Z","ask"
"0.1851","28521.3","2024-05-25T21:43:33.556Z","ask"
"0.1853","83.8","2024-05-25T21:43:33.556Z","ask"
"0.1857","3664.4","2024-05-25T21:43:33.556Z","ask"
"0.1858","5222.9","2024-05-25T21:43:33.556Z","ask"
"0.1859","27.2","2024-05-25T21:43:33.556Z","ask"
"0.186","86.9","2024-05-25T21:43:33.556Z","ask"
"0.1865","900","2024-05-25T21:43:33.556Z","ask"
"0.1868","204.9","2024-05-25T21:43:33.556Z","ask"
"0.1869","1811.6","2024-05-25T21:43:33.556Z","ask"
"0.187","10489.9","2024-05-25T21:43:33.556Z","ask"
"0.1872","82.9","2024-05-25T21:43:33.556Z","ask"
"0.1874","27.5","2024-05-25T21:43:33.556Z","ask"
"0.1875","4873.6","2024-05-25T21:43:33.556Z","ask"
"0.1879","203","2024-05-25T21:43:33.556Z","ask"
"0.188","300","2024-05-25T21:43:33.556Z","ask"
"0.189","9139.9","2024-05-25T21:43:33.556Z","ask"
"0.1891","82.1","2024-05-25T21:43:33.556Z","ask"
"0.1893","26.6","2024-05-25T21:43:33.556Z","ask"
"0.1894","425","2024-05-25T21:43:33.556Z","ask"
"0.1895","310.5","2024-05-25T21:43:33.556Z","ask"
"0.1899","15","2024-05-25T21:43:33.556Z","ask"
"0.19","367144.5","2024-05-25T21:43:33.556Z","ask"
"0.1901","200.6","2024-05-25T21:43:33.556Z","ask"
"0.1909","81.3","2024-05-25T21:43:33.556Z","ask"
"0.191","15","2024-05-25T21:43:33.556Z","ask"
"0.1919","100","2024-05-25T21:43:33.556Z","ask"
"0.192","759.2","2024-05-25T21:43:33.556Z","ask"
"0.1924","198.2","2024-05-25T21:43:33.556Z","ask"
"0.1927","2691.8","2024-05-25T21:43:33.556Z","ask"
"0.1929","80.5","2024-05-25T21:43:33.556Z","ask"
"0.193","2282","2024-05-25T21:43:33.556Z","ask"
"0.1933","60.5","2024-05-25T21:43:33.556Z","ask"
"0.194","68.2","2024-05-25T21:43:33.556Z","ask"
"0.1944","750","2024-05-25T21:43:33.556Z","ask"
"0.1946","195.9","2024-05-25T21:43:33.556Z","ask"
"0.1948","593","2024-05-25T21:43:33.556Z","ask"
"0.195","11249.7","2024-05-25T21:43:33.556Z","ask"
"0.1963","160.7","2024-05-25T21:43:33.556Z","ask"
"0.1968","23733.6","2024-05-25T21:43:33.556Z","ask"
"0.1969","6638.5","2024-05-25T21:43:33.556Z","ask"
"0.197","125","2024-05-25T21:43:33.556Z","ask"
"0.1977","125","2024-05-25T21:43:33.556Z","ask"
"0.198","5241.4","2024-05-25T21:43:33.556Z","ask"
"0.1984","250","2024-05-25T21:43:33.556Z","ask"
"0.1985","33","2024-05-25T21:43:33.556Z","ask"
"0.1987","15.2","2024-05-25T21:43:33.556Z","ask"
"0.1992","191.4","2024-05-25T21:43:33.556Z","ask"
"0.1995","20","2024-05-25T21:43:33.556Z","ask"
"0.1998","5197.3","2024-05-25T21:43:33.556Z","ask"
"0.1999","64","2024-05-25T21:43:33.556Z","ask"
"0.2","1753722","2024-05-25T21:43:33.556Z","ask"
"0.2001","148.5","2024-05-25T21:43:33.556Z","ask"
"0.2016","189.2","2024-05-25T21:43:33.556Z","ask"
"0.2017","97.3","2024-05-25T21:43:33.556Z","ask"
"0.202","500","2024-05-25T21:43:33.556Z","ask"
"0.2025","52.3","2024-05-25T21:43:33.556Z","ask"
"0.2035","50","2024-05-25T21:43:33.556Z","ask"
"0.2039","187","2024-05-25T21:43:33.556Z","ask"
"0.205","34947.4","2024-05-25T21:43:33.556Z","ask"
"0.2063","184.8","2024-05-25T21:43:33.556Z","ask"
"0.207","20","2024-05-25T21:43:33.556Z","ask"
"0.2075","19277.1","2024-05-25T21:43:33.556Z","ask"
"0.2078","100000","2024-05-25T21:43:33.556Z","ask"
"0.208","212","2024-05-25T21:43:33.556Z","ask"
"0.2088","182.6","2024-05-25T21:43:33.556Z","ask"
"0.2099","57.4","2024-05-25T21:43:33.556Z","ask"
"0.21","271642.5","2024-05-25T21:43:33.556Z","ask"
"0.2112","180.5","2024-05-25T21:43:33.556Z","ask"
"0.213","24900","2024-05-25T21:43:33.556Z","ask"
"0.2137","178.5","2024-05-25T21:43:33.556Z","ask"
"0.215","145","2024-05-25T21:43:33.556Z","ask"
"0.2154","5400","2024-05-25T21:43:33.556Z","ask"
"0.216","477.9","2024-05-25T21:43:33.556Z","ask"
"0.2162","176.3","2024-05-25T21:43:33.556Z","ask"
"0.2175","301582.9","2024-05-25T21:43:33.556Z","ask"
"0.2177","10058","2024-05-25T21:43:33.556Z","ask"
"0.2187","174.4","2024-05-25T21:43:33.556Z","ask"
"0.2199","22500","2024-05-25T21:43:33.556Z","ask"
"0.22","97180","2024-05-25T21:43:33.556Z","ask"
"0.2206","270.9","2024-05-25T21:43:33.556Z","ask"
"0.221","104.6","2024-05-25T21:43:33.556Z","ask"
"0.2213","172.3","2024-05-25T21:43:33.556Z","ask"
"0.2218","67.9","2024-05-25T21:43:33.556Z","ask"
"0.2239","170.3","2024-05-25T21:43:33.556Z","ask"
"0.2242","1811.6","2024-05-25T21:43:33.556Z","ask"
"0.2245","102.6","2024-05-25T21:43:33.556Z","ask"
"0.225","522.4","2024-05-25T21:43:33.556Z","ask"
"0.2265","168.3","2024-05-25T21:43:33.556Z","ask"
"0.227","44348.3","2024-05-25T21:43:33.556Z","ask"
"0.228","1318.8","2024-05-25T21:43:33.556Z","ask"
"0.2285","50","2024-05-25T21:43:33.556Z","ask"
"0.2292","166.4","2024-05-25T21:43:33.556Z","ask"
"0.23","32324.4","2024-05-25T21:43:33.556Z","ask"
"0.2318","164.5","2024-05-25T21:43:33.556Z","ask"
"0.234","315","2024-05-25T21:43:33.556Z","ask"
"0.2342","2378.8","2024-05-25T21:43:33.556Z","ask"
"0.2346","162.5","2024-05-25T21:43:33.556Z","ask"
"0.235","15","2024-05-25T21:43:33.556Z","ask"
"0.2353","1130.4","2024-05-25T21:43:33.556Z","ask"
"0.2354","1395.3","2024-05-25T21:43:33.556Z","ask"
"0.2358","85","2024-05-25T21:43:33.556Z","ask"
"0.236","54.6","2024-05-25T21:43:33.556Z","ask"
"0.2367","200.7","2024-05-25T21:43:33.556Z","ask"
"0.237","100","2024-05-25T21:43:33.556Z","ask"
"0.2373","160.7","2024-05-25T21:43:33.556Z","ask"
"0.2393","21.1","2024-05-25T21:43:33.556Z","ask"
"0.2399","9.1","2024-05-25T21:43:33.556Z","ask"
"0.24","75157.7","2024-05-25T21:43:33.556Z","ask"
"0.2402","158.8","2024-05-25T21:43:33.556Z","ask"
"0.2421","68.2","2024-05-25T21:43:33.556Z","ask"
"0.243","157","2024-05-25T21:43:33.556Z","ask"
"0.2444","750","2024-05-25T21:43:33.556Z","ask"
"0.245","19634.4","2024-05-25T21:43:33.556Z","ask"
"0.2458","155.1","2024-05-25T21:43:33.556Z","ask"
"0.2461","7043.8","2024-05-25T21:43:33.556Z","ask"
"0.2463","10616.7","2024-05-25T21:43:33.556Z","ask"
"0.2475","1000","2024-05-25T21:43:33.556Z","ask"
"0.248","18806.8","2024-05-25T21:43:33.556Z","ask"
"0.2487","153.3","2024-05-25T21:43:33.556Z","ask"
"0.249","4553.2","2024-05-25T21:43:33.556Z","ask"
"0.2499","1150","2024-05-25T21:43:33.556Z","ask"
"0.25","372707.9","2024-05-25T21:43:33.556Z","ask"
"0.2516","194.7","2024-05-25T21:43:33.556Z","ask"
"0.2525","358.4","2024-05-25T21:43:33.556Z","ask"
"0.2527","52.3","2024-05-25T21:43:33.556Z","ask"
"0.253","645.6","2024-05-25T21:43:33.556Z","ask"
"0.2546","149.8","2024-05-25T21:43:33.556Z","ask"
"0.2556","25","2024-05-25T21:43:33.556Z","ask"
"0.2575","148.1","2024-05-25T21:43:33.556Z","ask"
"0.258","13000","2024-05-25T21:43:33.556Z","ask"
"0.2585","150","2024-05-25T21:43:33.556Z","ask"
"0.2587","169.9","2024-05-25T21:43:33.556Z","ask"
"0.2588","1006.6","2024-05-25T21:43:33.556Z","ask"
"0.259","25582.9","2024-05-25T21:43:33.556Z","ask"
"0.2592","31.4","2024-05-25T21:43:33.556Z","ask"
"0.2594","211.9","2024-05-25T21:43:33.556Z","ask"
"0.26","27302","2024-05-25T21:43:33.556Z","ask"
"0.2606","146.3","2024-05-25T21:43:33.556Z","ask"
"0.2616","1811.6","2024-05-25T21:43:33.556Z","ask"
"0.2625","268.8","2024-05-25T21:43:33.556Z","ask"
"0.2637","144.6","2024-05-25T21:43:33.556Z","ask"
"0.265","1960.9","2024-05-25T21:43:33.556Z","ask"
"0.2665","989.9","2024-05-25T21:43:33.556Z","ask"
"0.2668","142.9","2024-05-25T21:43:33.556Z","ask"
"0.2677","150","2024-05-25T21:43:33.556Z","ask"
"0.2688","2035.9","2024-05-25T21:43:33.556Z","ask"
"0.2699","44.5","2024-05-25T21:43:33.556Z","ask"
"0.27","35180.9","2024-05-25T21:43:33.556Z","ask"
"0.2736","282.4","2024-05-25T21:43:33.556Z","ask"
"0.275","122400.4","2024-05-25T21:43:33.556Z","ask"
"0.276","15","2024-05-25T21:43:33.556Z","ask"
"0.2768","219.2","2024-05-25T21:43:33.556Z","ask"
"0.2769","1115.6","2024-05-25T21:43:33.556Z","ask"
"0.277","150","2024-05-25T21:43:33.556Z","ask"
"0.278","201.7","2024-05-25T21:43:33.556Z","ask"
"0.279","89.6","2024-05-25T21:43:33.556Z","ask"
"0.2794","31258.7","2024-05-25T21:43:33.556Z","ask"
"0.2796","148.4","2024-05-25T21:43:33.556Z","ask"
"0.2799","7434.3","2024-05-25T21:43:33.556Z","ask"
"0.28","7287.6","2024-05-25T21:43:33.556Z","ask"
"0.2812","42700.4","2024-05-25T21:43:33.556Z","ask"
"0.2819","2877.6","2024-05-25T21:43:33.556Z","ask"
"0.283","109","2024-05-25T21:43:33.556Z","ask"
"0.2842","200.7","2024-05-25T21:43:33.556Z","ask"
"0.2844","1000","2024-05-25T21:43:33.556Z","ask"
"0.2849","743.8","2024-05-25T21:43:33.556Z","ask"
"0.285","100","2024-05-25T21:43:33.556Z","ask"
"0.2858","2500","2024-05-25T21:43:33.556Z","ask"
"0.289","86.8","2024-05-25T21:43:33.556Z","ask"
"0.2893","17.4","2024-05-25T21:43:33.556Z","ask"
"0.2899","49","2024-05-25T21:43:33.556Z","ask"
"0.29","270857.8","2024-05-25T21:43:33.556Z","ask"
"0.2916","2099.6","2024-05-25T21:43:33.556Z","ask"
"0.2935","50","2024-05-25T21:43:33.556Z","ask"
"0.2958","3799.5","2024-05-25T21:43:33.556Z","ask"
"0.296","100","2024-05-25T21:43:33.556Z","ask"
"0.2969","34019","2024-05-25T21:43:33.556Z","ask"
"0.297","100","2024-05-25T21:43:33.556Z","ask"
"0.299","1811.6","2024-05-25T21:43:33.556Z","ask"
"0.2994","10","2024-05-25T21:43:33.556Z","ask"
"0.3","104026.1","2024-05-25T21:43:33.556Z","ask"
"0.3003","2000","2024-05-25T21:43:33.556Z","ask"
"0.3004","1186.6","2024-05-25T21:43:33.556Z","ask"
"0.3031","76","2024-05-25T21:43:33.556Z","ask"
"0.3036","26240.4","2024-05-25T21:43:33.556Z","ask"
"0.305","4653.9","2024-05-25T21:43:33.556Z","ask"
"0.3088","134.3","2024-05-25T21:43:33.556Z","ask"
"0.3097","196.1","2024-05-25T21:43:33.556Z","ask"
"0.31","90700.4","2024-05-25T21:43:33.556Z","ask"
"0.3115","360","2024-05-25T21:43:33.556Z","ask"
"0.3118","15000","2024-05-25T21:43:33.556Z","ask"
"0.312","15","2024-05-25T21:43:33.556Z","ask"
"0.315","10.6","2024-05-25T21:43:33.556Z","ask"
"0.317","35751.4","2024-05-25T21:43:33.556Z","ask"
"0.32","113556.9","2024-05-25T21:43:33.556Z","ask"
"0.3221","20","2024-05-25T21:43:33.556Z","ask"
"0.33","148329.6","2024-05-25T21:43:33.556Z","ask"
"0.333","10100","2024-05-25T21:43:33.556Z","ask"
"0.3352","196.4","2024-05-25T21:43:33.556Z","ask"
"0.3383","68","2024-05-25T21:43:33.556Z","ask"
"0.3385","50","2024-05-25T21:43:33.556Z","ask"
"0.3393","17.8","2024-05-25T21:43:33.556Z","ask"
"0.34","4855.6","2024-05-25T21:43:33.556Z","ask"
"0.3438","3438","2024-05-25T21:43:33.556Z","ask"
"0.3444","500","2024-05-25T21:43:33.556Z","ask"
"0.3445","23.6","2024-05-25T21:43:33.556Z","ask"
"0.345","10","2024-05-25T21:43:33.556Z","ask"
"0.35","66466.9","2024-05-25T21:43:33.556Z","ask"
"0.3532","52","2024-05-25T21:43:33.556Z","ask"
"0.3541","62.3","2024-05-25T21:43:33.556Z","ask"
"0.356","409","2024-05-25T21:43:33.556Z","ask"
"0.3568","100","2024-05-25T21:43:33.556Z","ask"
"0.36","4110.1","2024-05-25T21:43:33.556Z","ask"
"0.3605","200.7","2024-05-25T21:43:33.557Z","ask"
"0.3651","274.6","2024-05-25T21:43:33.557Z","ask"
"0.3677","150","2024-05-25T21:43:33.557Z","ask"
"0.3682","387.1","2024-05-25T21:43:33.557Z","ask"
"0.369","1000","2024-05-25T21:43:33.557Z","ask"
"0.37","4168.1","2024-05-25T21:43:33.557Z","ask"
"0.3703","1403","2024-05-25T21:43:33.557Z","ask"
"0.3723","25000.4","2024-05-25T21:43:33.557Z","ask"
"0.3729","2028.9","2024-05-25T21:43:33.557Z","ask"
"0.375","35704.5","2024-05-25T21:43:33.557Z","ask"
"0.3752","9216.8","2024-05-25T21:43:33.557Z","ask"
"0.3757","32.2","2024-05-25T21:43:33.557Z","ask"
"0.3777","700","2024-05-25T21:43:33.557Z","ask"
"0.38","13213.5","2024-05-25T21:43:33.557Z","ask"
"0.3819","465","2024-05-25T21:43:33.557Z","ask"
"0.385","6272.6","2024-05-25T21:43:33.557Z","ask"
"0.3885","50","2024-05-25T21:43:33.557Z","ask"
"0.389","20","2024-05-25T21:43:33.557Z","ask"
"0.3891","150","2024-05-25T21:43:33.557Z","ask"
"0.3893","20.7","2024-05-25T21:43:33.557Z","ask"
"0.3894","1172","2024-05-25T21:43:33.557Z","ask"
"0.39","30497.3","2024-05-25T21:43:33.557Z","ask"
"0.3901","800.5","2024-05-25T21:43:33.557Z","ask"
"0.3944","500","2024-05-25T21:43:33.557Z","ask"
"0.3985","7500","2024-05-25T21:43:33.557Z","ask"
"0.399","50","2024-05-25T21:43:33.557Z","ask"
"0.3995","61.7","2024-05-25T21:43:33.557Z","ask"
"0.3999","196.2","2024-05-25T21:43:33.557Z","ask"
"0.4","99792.6","2024-05-25T21:43:33.557Z","ask"
"0.4026","269.3","2024-05-25T21:43:33.557Z","ask"
"0.4078","33.9","2024-05-25T21:43:33.557Z","ask"
"0.408","15","2024-05-25T21:43:33.557Z","ask"
"0.4093","12","2024-05-25T21:43:33.557Z","ask"
"0.41","3761.9","2024-05-25T21:43:33.557Z","ask"
"0.415","9","2024-05-25T21:43:33.557Z","ask"
"0.4152","109.6","2024-05-25T21:43:33.557Z","ask"
"0.4153","12","2024-05-25T21:43:33.557Z","ask"
"0.42","19880","2024-05-25T21:43:33.557Z","ask"
"0.427","540","2024-05-25T21:43:33.557Z","ask"
"0.4282","15","2024-05-25T21:43:33.557Z","ask"
"0.4295","12.3","2024-05-25T21:43:33.557Z","ask"
"0.43","1308","2024-05-25T21:43:33.557Z","ask"
"0.4393","15","2024-05-25T21:43:33.557Z","ask"
"0.44","397341.6","2024-05-25T21:43:33.557Z","ask"
"0.444","447","2024-05-25T21:43:33.557Z","ask"
"0.4444","2000","2024-05-25T21:43:33.557Z","ask"
"0.4448","297","2024-05-25T21:43:33.557Z","ask"
"0.445","8","2024-05-25T21:43:33.557Z","ask"
"0.447","29359.5","2024-05-25T21:43:33.557Z","ask"
"0.45","137716","2024-05-25T21:43:33.557Z","ask"
"0.4546","8","2024-05-25T21:43:33.557Z","ask"
"0.4595","17.7","2024-05-25T21:43:33.557Z","ask"
"0.46","6469.9","2024-05-25T21:43:33.557Z","ask"
"0.47","4597","2024-05-25T21:43:33.557Z","ask"
"0.4725","126.9","2024-05-25T21:43:33.557Z","ask"
"0.473","3500","2024-05-25T21:43:33.557Z","ask"
"0.475","8","2024-05-25T21:43:33.557Z","ask"
"0.4798","18","2024-05-25T21:43:33.557Z","ask"
"0.48","324458.8","2024-05-25T21:43:33.557Z","ask"
"0.4833","62.3","2024-05-25T21:43:33.557Z","ask"
"0.4843","200.7","2024-05-25T21:43:33.557Z","ask"
"0.4844","1000","2024-05-25T21:43:33.557Z","ask"
"0.485","13355.5","2024-05-25T21:43:33.557Z","ask"
"0.487","15","2024-05-25T21:43:33.557Z","ask"
"0.4889","298","2024-05-25T21:43:33.557Z","ask"
"0.49","88144.3","2024-05-25T21:43:33.557Z","ask"
"0.4919","100","2024-05-25T21:43:33.557Z","ask"
"0.4946","7","2024-05-25T21:43:33.557Z","ask"
"0.4948","500","2024-05-25T21:43:33.557Z","ask"
"0.495","1053","2024-05-25T21:43:33.557Z","ask"
"0.497","476.5","2024-05-25T21:43:33.557Z","ask"
"0.498","1404","2024-05-25T21:43:33.557Z","ask"
"0.4994","7","2024-05-25T21:43:33.557Z","ask"
"0.5","407671.2","2024-05-25T21:43:33.557Z","ask"
"0.503","2000","2024-05-25T21:43:33.557Z","ask"
"0.5044","734","2024-05-25T21:43:33.557Z","ask"
"0.51","83568.8","2024-05-25T21:43:33.557Z","ask"
"0.5184","1123","2024-05-25T21:43:33.557Z","ask"
"0.52","4393.1","2024-05-25T21:43:33.557Z","ask"
"0.5214","50","2024-05-25T21:43:33.557Z","ask"
"0.525","1327.2","2024-05-25T21:43:33.557Z","ask"
"0.53","12912.6","2024-05-25T21:43:33.557Z","ask"
"0.54","28261.8","2024-05-25T21:43:33.557Z","ask"
"0.55","169111.6","2024-05-25T21:43:33.557Z","ask"
"0.559","31.3","2024-05-25T21:43:33.557Z","ask"
"0.56","5347.3","2024-05-25T21:43:33.557Z","ask"
"0.5625","6212.2","2024-05-25T21:43:33.557Z","ask"
"0.5635","28.6","2024-05-25T21:43:33.557Z","ask"
"0.5664","1042","2024-05-25T21:43:33.557Z","ask"
"0.5697","109.7","2024-05-25T21:43:33.557Z","ask"
"0.57","12500","2024-05-25T21:43:33.557Z","ask"
"0.5702","8935","2024-05-25T21:43:33.557Z","ask"
"0.5738","21862","2024-05-25T21:43:33.557Z","ask"
"0.575","15.7","2024-05-25T21:43:33.557Z","ask"
"0.5778","18","2024-05-25T21:43:33.557Z","ask"
"0.58","50494.1","2024-05-25T21:43:33.557Z","ask"
"0.5844","200.7","2024-05-25T21:43:33.557Z","ask"
"0.585","100","2024-05-25T21:43:33.557Z","ask"
"0.586","15","2024-05-25T21:43:33.557Z","ask"
"0.5889","23092.7","2024-05-25T21:43:33.557Z","ask"
"0.59","8912.7","2024-05-25T21:43:33.557Z","ask"
"0.6","88309.3","2024-05-25T21:43:33.557Z","ask"
"0.6046","284.9","2024-05-25T21:43:33.557Z","ask"
"0.605","5125.3","2024-05-25T21:43:33.557Z","ask"
"0.61","1270.2","2024-05-25T21:43:33.557Z","ask"
"0.6125","62.3","2024-05-25T21:43:33.557Z","ask"
"0.616","15","2024-05-25T21:43:33.557Z","ask"
"0.62","4610","2024-05-25T21:43:33.557Z","ask"
"0.625","1200","2024-05-25T21:43:33.557Z","ask"
"0.63","4720.6","2024-05-25T21:43:33.557Z","ask"
"0.636","8429.6","2024-05-25T21:43:33.557Z","ask"
"0.6362","98.2","2024-05-25T21:43:33.557Z","ask"
"0.64","7247.2","2024-05-25T21:43:33.557Z","ask"
"0.6471","2","2024-05-25T21:43:33.557Z","ask"
"0.6489","250","2024-05-25T21:43:33.557Z","ask"
"0.65","50063.5","2024-05-25T21:43:33.557Z","ask"
"0.6527","5.9","2024-05-25T21:43:33.557Z","ask"
"0.66","44482.4","2024-05-25T21:43:33.557Z","ask"
"0.6666","2630","2024-05-25T21:43:33.557Z","ask"
"0.669","704.4","2024-05-25T21:43:33.557Z","ask"
"0.67","47556.1","2024-05-25T21:43:33.557Z","ask"
"0.6763","720.7","2024-05-25T21:43:33.557Z","ask"
"0.68","21105","2024-05-25T21:43:33.557Z","ask"
"0.6844","200.7","2024-05-25T21:43:33.557Z","ask"
"0.6852","15","2024-05-25T21:43:33.557Z","ask"
"0.6856","4653.9","2024-05-25T21:43:33.557Z","ask"
"0.6879","325","2024-05-25T21:43:33.557Z","ask"
"0.6894","600","2024-05-25T21:43:33.557Z","ask"
"0.6899","9090.5","2024-05-25T21:43:33.557Z","ask"
"0.69","7411.8","2024-05-25T21:43:33.557Z","ask"
"0.698","77","2024-05-25T21:43:33.557Z","ask"
"0.7","209999.5","2024-05-25T21:43:33.557Z","ask"
"0.71","1919","2024-05-25T21:43:33.557Z","ask"
"0.72","29480.2","2024-05-25T21:43:33.557Z","ask"
"0.725","5000","2024-05-25T21:43:33.557Z","ask"
"0.73","16281.9","2024-05-25T21:43:33.557Z","ask"
"0.735","2742.2","2024-05-25T21:43:33.557Z","ask"
"0.74","50175","2024-05-25T21:43:33.557Z","ask"
"0.7417","62.3","2024-05-25T21:43:33.557Z","ask"
"0.742","1550","2024-05-25T21:43:33.557Z","ask"
"0.7441","100","2024-05-25T21:43:33.557Z","ask"
"0.7448","300","2024-05-25T21:43:33.557Z","ask"
"0.7489","400","2024-05-25T21:43:33.557Z","ask"
"0.75","405735.2","2024-05-25T21:43:33.557Z","ask"
"0.7513","13002.2","2024-05-25T21:43:33.557Z","ask"
"0.7516","100","2024-05-25T21:43:33.557Z","ask"
"0.76","6701.9","2024-05-25T21:43:33.557Z","ask"
"0.7608","201.9","2024-05-25T21:43:33.557Z","ask"
"0.77","41248.4","2024-05-25T21:43:33.557Z","ask"
"0.7758","100","2024-05-25T21:43:33.557Z","ask"
"0.7777","500","2024-05-25T21:43:33.557Z","ask"
"0.778","7312.5","2024-05-25T21:43:33.557Z","ask"
"0.78","31029.9","2024-05-25T21:43:33.557Z","ask"
"0.7849","1112.7","2024-05-25T21:43:33.557Z","ask"
"0.789","284.5","2024-05-25T21:43:33.557Z","ask"
"0.79","55227.2","2024-05-25T21:43:33.557Z","ask"
"0.7948","398","2024-05-25T21:43:33.557Z","ask"
"0.798","44.2","2024-05-25T21:43:33.557Z","ask"
"0.8","336104.3","2024-05-25T21:43:33.557Z","ask"
"0.81","72918.1","2024-05-25T21:43:33.557Z","ask"
"0.814","122","2024-05-25T21:43:33.557Z","ask"
"0.82","23606","2024-05-25T21:43:33.557Z","ask"
"0.8286","200.7","2024-05-25T21:43:33.557Z","ask"
"0.83","1000","2024-05-25T21:43:33.557Z","ask"
"0.8313","20000","2024-05-25T21:43:33.557Z","ask"
"0.8364","80","2024-05-25T21:43:33.557Z","ask"
"0.84","9668","2024-05-25T21:43:33.557Z","ask"
"0.842","84.9","2024-05-25T21:43:33.557Z","ask"
"0.8439","148.6","2024-05-25T21:43:33.557Z","ask"
"0.8477","26.2","2024-05-25T21:43:33.557Z","ask"
"0.849","15","2024-05-25T21:43:33.557Z","ask"
"0.85","127129.5","2024-05-25T21:43:33.557Z","ask"
"0.8575","20135.7","2024-05-25T21:43:33.557Z","ask"
"0.86","303405.7","2024-05-25T21:43:33.557Z","ask"
"0.87","5903.8","2024-05-25T21:43:33.557Z","ask"
"0.8708","62.3","2024-05-25T21:43:33.557Z","ask"
"0.8728","190","2024-05-25T21:43:33.557Z","ask"
"0.8759","800469.5","2024-05-25T21:43:33.557Z","ask"
"0.877","2272.1","2024-05-25T21:43:33.557Z","ask"
"0.8776","10247.9","2024-05-25T21:43:33.557Z","ask"
"0.8777","752","2024-05-25T21:43:33.557Z","ask"
"0.88","141234.2","2024-05-25T21:43:33.557Z","ask"
"0.882","23000","2024-05-25T21:43:33.557Z","ask"
"0.8844","10940","2024-05-25T21:43:33.557Z","ask"
"0.8845","2057.3","2024-05-25T21:43:33.557Z","ask"
"0.885","44.2","2024-05-25T21:43:33.557Z","ask"
"0.8889","800","2024-05-25T21:43:33.557Z","ask"
"0.89","557644.9","2024-05-25T21:43:33.557Z","ask"
"0.8999","400","2024-05-25T21:43:33.557Z","ask"
"0.9","703928.1","2024-05-25T21:43:33.557Z","ask"
"0.901","63000","2024-05-25T21:43:33.557Z","ask"
"0.905","11982.4","2024-05-25T21:43:33.557Z","ask"
"0.9092","50","2024-05-25T21:43:33.557Z","ask"
"0.91","51498.2","2024-05-25T21:43:33.557Z","ask"
"0.92","36981.6","2024-05-25T21:43:33.557Z","ask"
"0.9218","214.1","2024-05-25T21:43:33.557Z","ask"
"0.923","286.5","2024-05-25T21:43:33.557Z","ask"
"0.925","25250","2024-05-25T21:43:33.557Z","ask"
"0.93","3438","2024-05-25T21:43:33.557Z","ask"
"0.94","17734","2024-05-25T21:43:33.557Z","ask"
"0.9489","1000","2024-05-25T21:43:33.557Z","ask"
"0.95","523981.6","2024-05-25T21:43:33.557Z","ask"
"0.955","113.8","2024-05-25T21:43:33.557Z","ask"
"0.96","32230.9","2024-05-25T21:43:33.557Z","ask"
"0.963","1000","2024-05-25T21:43:33.557Z","ask"
"0.9632","15","2024-05-25T21:43:33.557Z","ask"
"0.967","490.9","2024-05-25T21:43:33.557Z","ask"
"0.968","13990.7","2024-05-25T21:43:33.557Z","ask"
"0.9698","310","2024-05-25T21:43:33.557Z","ask"
"0.97","82296.2","2024-05-25T21:43:33.557Z","ask"
"0.9727","19","2024-05-25T21:43:33.557Z","ask"
"0.9777","1000","2024-05-25T21:43:33.557Z","ask"
"0.979","27880.1","2024-05-25T21:43:33.557Z","ask"
"0.98","767361.6","2024-05-25T21:43:33.557Z","ask"
"0.9823","720.6","2024-05-25T21:43:33.557Z","ask"
"0.9833","47259.9","2024-05-25T21:43:33.557Z","ask"
"0.9835","2000","2024-05-25T21:43:33.557Z","ask"
"0.985","256.4","2024-05-25T21:43:33.557Z","ask"
"0.9889","18145.1","2024-05-25T21:43:33.557Z","ask"
"0.989","300","2024-05-25T21:43:33.557Z","ask"
"0.9899","916.5","2024-05-25T21:43:33.557Z","ask"
"0.99","385923.6","2024-05-25T21:43:33.557Z","ask"
"0.999","60.3","2024-05-25T21:43:33.557Z","ask"
"0.9999","1002.5","2024-05-25T21:43:33.557Z","ask"
"1","933276.7","2024-05-25T21:43:33.557Z","ask"
"1.0084","201.6","2024-05-25T21:43:33.557Z","ask"
"1.01","10000","2024-05-25T21:43:33.557Z","ask"
"1.02","200538.3","2024-05-25T21:43:33.557Z","ask"
"1.03","250","2024-05-25T21:43:33.557Z","ask"
"1.05","69087.8","2024-05-25T21:43:33.557Z","ask"
"1.0596","1000","2024-05-25T21:43:33.557Z","ask"
"1.06","22669.4","2024-05-25T21:43:33.557Z","ask"
"1.07","1307.4","2024-05-25T21:43:33.557Z","ask"
"1.0777","250","2024-05-25T21:43:33.557Z","ask"
"1.08","875.4","2024-05-25T21:43:33.557Z","ask"
"1.09","107006.4","2024-05-25T21:43:33.557Z","ask"
"1.096","15000","2024-05-25T21:43:33.557Z","ask"
"1.1","27018","2024-05-25T21:43:33.557Z","ask"
"1.11","1552.5","2024-05-25T21:43:33.557Z","ask"
"1.111","79793.9","2024-05-25T21:43:33.557Z","ask"
"1.1299","41068.5","2024-05-25T21:43:33.557Z","ask"
"1.13","4076.1","2024-05-25T21:43:33.557Z","ask"
"1.1399","263.1","2024-05-25T21:43:33.557Z","ask"
"1.1413","49.8","2024-05-25T21:43:33.557Z","ask"
"1.15","135951.1","2024-05-25T21:43:33.557Z","ask"
"1.16","12527.5","2024-05-25T21:43:33.557Z","ask"
"1.18","5221.1","2024-05-25T21:43:33.557Z","ask"
"1.19","285.5","2024-05-25T21:43:33.557Z","ask"
"1.2","211312.2","2024-05-25T21:43:33.557Z","ask"
"1.21","350","2024-05-25T21:43:33.557Z","ask"
"1.22","4826.7","2024-05-25T21:43:33.557Z","ask"
"1.23","674","2024-05-25T21:43:33.557Z","ask"
"1.24","900","2024-05-25T21:43:33.557Z","ask"
"1.248","102.1","2024-05-25T21:43:33.557Z","ask"
"1.25","79796.8","2024-05-25T21:43:33.557Z","ask"
"1.2627","8803.2","2024-05-25T21:43:33.557Z","ask"
"1.285","387","2024-05-25T21:43:33.557Z","ask"
"1.29","903","2024-05-25T21:43:33.557Z","ask"
"1.294","80","2024-05-25T21:43:33.557Z","ask"
"1.3","42133.1","2024-05-25T21:43:33.557Z","ask"
"1.32","3000","2024-05-25T21:43:33.557Z","ask"
"1.33","18.9","2024-05-25T21:43:33.557Z","ask"
"1.341","7874.5","2024-05-25T21:43:33.557Z","ask"
"1.35","90170.3","2024-05-25T21:43:33.557Z","ask"
"1.3586","10.3","2024-05-25T21:43:33.557Z","ask"
"1.37","2000","2024-05-25T21:43:33.557Z","ask"
"1.3799","380","2024-05-25T21:43:33.557Z","ask"
"1.389","161.1","2024-05-25T21:43:33.557Z","ask"
"1.396","1000","2024-05-25T21:43:33.557Z","ask"
"1.4","14045","2024-05-25T21:43:33.557Z","ask"
"1.41","1","2024-05-25T21:43:33.557Z","ask"
"1.42","2499.1","2024-05-25T21:43:33.557Z","ask"
"1.44","6813.2","2024-05-25T21:43:33.557Z","ask"
"1.444","150","2024-05-25T21:43:33.557Z","ask"
"1.445","5000","2024-05-25T21:43:33.557Z","ask"
"1.45","37260.3","2024-05-25T21:43:33.557Z","ask"
"1.46","1275","2024-05-25T21:43:33.557Z","ask"
"1.47","3650","2024-05-25T21:43:33.557Z","ask"
"1.4777","154.8","2024-05-25T21:43:33.557Z","ask"
"1.4814","977.5","2024-05-25T21:43:33.557Z","ask"
"1.489","300","2024-05-25T21:43:33.557Z","ask"
"1.5","95058.5","2024-05-25T21:43:33.557Z","ask"
"1.51","380.2","2024-05-25T21:43:33.557Z","ask"
"1.52","6241.8","2024-05-25T21:43:33.557Z","ask"
"1.54","702.7","2024-05-25T21:43:33.557Z","ask"
"1.55","418228.3","2024-05-25T21:43:33.557Z","ask"
"1.56","11.9","2024-05-25T21:43:33.557Z","ask"
"1.57","1355.8","2024-05-25T21:43:33.557Z","ask"
"1.58","1000","2024-05-25T21:43:33.557Z","ask"
"1.5876","49.8","2024-05-25T21:43:33.557Z","ask"
"1.594","100","2024-05-25T21:43:33.557Z","ask"
"1.6","26109.1","2024-05-25T21:43:33.557Z","ask"
"1.62","12468","2024-05-25T21:43:33.557Z","ask"
"1.6299","21.4","2024-05-25T21:43:33.557Z","ask"
"1.63","9650.9","2024-05-25T21:43:33.557Z","ask"
"1.64","1000","2024-05-25T21:43:33.557Z","ask"
"1.66","9447.1","2024-05-25T21:43:33.557Z","ask"
"1.68","250","2024-05-25T21:43:33.557Z","ask"
"1.689","150","2024-05-25T21:43:33.557Z","ask"
"1.7","2075","2024-05-25T21:43:33.557Z","ask"
"1.72","9444","2024-05-25T21:43:33.557Z","ask"
"1.73","12600","2024-05-25T21:43:33.557Z","ask"
"1.748","100","2024-05-25T21:43:33.557Z","ask"
"1.75","1282.9","2024-05-25T21:43:33.557Z","ask"
"1.758","774.4","2024-05-25T21:43:33.557Z","ask"
"1.76","1000","2024-05-25T21:43:33.557Z","ask"
"1.77","2291","2024-05-25T21:43:33.557Z","ask"
"1.777","400","2024-05-25T21:43:33.557Z","ask"
"1.79","1699.3","2024-05-25T21:43:33.557Z","ask"
"1.794","100","2024-05-25T21:43:33.557Z","ask"
"1.8","6920.4","2024-05-25T21:43:33.557Z","ask"
"1.83","2000","2024-05-25T21:43:33.557Z","ask"
"1.87","706.2","2024-05-25T21:43:33.557Z","ask"
"1.887","3600","2024-05-25T21:43:33.557Z","ask"
"1.889","240","2024-05-25T21:43:33.557Z","ask"
"1.89","1253.4","2024-05-25T21:43:33.557Z","ask"
"1.9","5956.4","2024-05-25T21:43:33.557Z","ask"
"1.93","100","2024-05-25T21:43:33.557Z","ask"
"1.9309","494.5","2024-05-25T21:43:33.557Z","ask"
"1.948","300","2024-05-25T21:43:33.557Z","ask"
"1.95","2266","2024-05-25T21:43:33.557Z","ask"
"1.9777","154.9","2024-05-25T21:43:33.557Z","ask"
"1.98","73780.1","2024-05-25T21:43:33.557Z","ask"
"1.99","75779.6","2024-05-25T21:43:33.557Z","ask"
"2","299262.3","2024-05-25T21:43:33.557Z","ask"
"2.05","5004","2024-05-25T21:43:33.557Z","ask"
"2.06","50000","2024-05-25T21:43:33.557Z","ask"
"2.07","22780.8","2024-05-25T21:43:33.557Z","ask"
"2.1","1000","2024-05-25T21:43:33.557Z","ask"
"2.115","5000","2024-05-25T21:43:33.557Z","ask"
"2.12","2000","2024-05-25T21:43:33.557Z","ask"
"2.125","22500.1","2024-05-25T21:43:33.557Z","ask"
"2.14","1000","2024-05-25T21:43:33.557Z","ask"
"2.18","1.5","2024-05-25T21:43:33.557Z","ask"
"2.2","2200.4","2024-05-25T21:43:33.557Z","ask"
"2.22","10078","2024-05-25T21:43:33.557Z","ask"
"2.23","1176.9","2024-05-25T21:43:33.557Z","ask"
"2.25","9220","2024-05-25T21:43:33.557Z","ask"
"2.27","324.8","2024-05-25T21:43:33.557Z","ask"
"2.278","486","2024-05-25T21:43:33.557Z","ask"
"2.3","1000","2024-05-25T21:43:33.557Z","ask"
"2.35","2151.6","2024-05-25T21:43:33.557Z","ask"
"2.3802","49","2024-05-25T21:43:33.557Z","ask"
"2.4","1181.7","2024-05-25T21:43:33.557Z","ask"
"2.41","1294.4","2024-05-25T21:43:33.557Z","ask"
"2.42","2000","2024-05-25T21:43:33.557Z","ask"
"2.46","100","2024-05-25T21:43:33.557Z","ask"
"2.49","26056.8","2024-05-25T21:43:33.557Z","ask"
"2.5","69924.4","2024-05-25T21:43:33.557Z","ask"
"2.55","1000","2024-05-25T21:43:33.557Z","ask"
"2.56","500008","2024-05-25T21:43:33.557Z","ask"
"2.58","8500","2024-05-25T21:43:33.557Z","ask"
"2.59","555.4","2024-05-25T21:43:33.557Z","ask"
"2.6","5500","2024-05-25T21:43:33.557Z","ask"
"2.61","1.5","2024-05-25T21:43:33.557Z","ask"
"2.63","8000","2024-05-25T21:43:33.557Z","ask"
"2.65","11879.2","2024-05-25T21:43:33.557Z","ask"
"2.7","1000","2024-05-25T21:43:33.557Z","ask"
"2.75","9452","2024-05-25T21:43:33.557Z","ask"
"2.7777","250","2024-05-25T21:43:33.557Z","ask"
"2.79","3331","2024-05-25T21:43:33.557Z","ask"
"2.8","1032","2024-05-25T21:43:33.557Z","ask"
"2.86","2500","2024-05-25T21:43:33.557Z","ask"
"2.87","25000","2024-05-25T21:43:33.557Z","ask"
"2.9","1000","2024-05-25T21:43:33.557Z","ask"
"2.92","100","2024-05-25T21:43:33.557Z","ask"
"2.95","1271.1","2024-05-25T21:43:33.557Z","ask"
"2.9777","183.5","2024-05-25T21:43:33.557Z","ask"
"2.99","12000","2024-05-25T21:43:33.557Z","ask"
"3","149808.6","2024-05-25T21:43:33.557Z","ask"
"3.09","25","2024-05-25T21:43:33.557Z","ask"
"3.1","1000","2024-05-25T21:43:33.557Z","ask"
"3.12","502","2024-05-25T21:43:33.557Z","ask"
"3.14","238212.8","2024-05-25T21:43:33.557Z","ask"
"3.2","4057","2024-05-25T21:43:33.557Z","ask"
"3.2249","26.5","2024-05-25T21:43:33.557Z","ask"
"3.32","74.9","2024-05-25T21:43:33.557Z","ask"
"3.333","50000","2024-05-25T21:43:33.557Z","ask"
"3.35","1075","2024-05-25T21:43:33.557Z","ask"
"3.36","250","2024-05-25T21:43:33.557Z","ask"
"3.394","15","2024-05-25T21:43:33.557Z","ask"
"3.4","3500","2024-05-25T21:43:33.557Z","ask"
"3.42","2326.7","2024-05-25T21:43:33.557Z","ask"
"3.49","87","2024-05-25T21:43:33.557Z","ask"
"3.5","4305","2024-05-25T21:43:33.557Z","ask"
"3.55","6332.9","2024-05-25T21:43:33.557Z","ask"
"3.615","5000","2024-05-25T21:43:33.557Z","ask"
"3.651","75","2024-05-25T21:43:33.557Z","ask"
"3.69","1000","2024-05-25T21:43:33.557Z","ask"
"3.74","250","2024-05-25T21:43:33.557Z","ask"
"3.77","100","2024-05-25T21:43:33.557Z","ask"
"3.8","2000","2024-05-25T21:43:33.557Z","ask"
"3.9","13500","2024-05-25T21:43:33.557Z","ask"
"3.91","2000","2024-05-25T21:43:33.557Z","ask"
"3.95","1000","2024-05-25T21:43:33.557Z","ask"
"3.973","225","2024-05-25T21:43:33.557Z","ask"
"3.9777","137.6","2024-05-25T21:43:33.557Z","ask"
"3.98","100","2024-05-25T21:43:33.557Z","ask"
"3.99","12775.3","2024-05-25T21:43:33.557Z","ask"
"4","30956.5","2024-05-25T21:43:33.557Z","ask"
"4.14","12124.6","2024-05-25T21:43:33.557Z","ask"
"4.25","6000","2024-05-25T21:43:33.557Z","ask"
"4.2585","2596.9","2024-05-25T21:43:33.557Z","ask"
"4.3","32","2024-05-25T21:43:33.557Z","ask"
"4.444","50250","2024-05-25T21:43:33.557Z","ask"
"4.46","100","2024-05-25T21:43:33.557Z","ask"
"4.5","15498.3","2024-05-25T21:43:33.557Z","ask"
"4.87","100","2024-05-25T21:43:33.557Z","ask"
"4.95","1000","2024-05-25T21:43:33.557Z","ask"
"4.9777","103.2","2024-05-25T21:43:33.557Z","ask"
"4.98","500","2024-05-25T21:43:33.557Z","ask"
"4.99","40080","2024-05-25T21:43:33.557Z","ask"
"5","84131.3","2024-05-25T21:43:33.557Z","ask"
"5.01","281.8","2024-05-25T21:43:33.557Z","ask"
"5.1","1477.7","2024-05-25T21:43:33.557Z","ask"
"5.23","50","2024-05-25T21:43:33.557Z","ask"
"5.555","50000","2024-05-25T21:43:33.557Z","ask"
"5.7618","27.9","2024-05-25T21:43:33.557Z","ask"
"5.777","489.3","2024-05-25T21:43:33.557Z","ask"
"5.8","1413.6","2024-05-25T21:43:33.557Z","ask"
"5.91","1996","2024-05-25T21:43:33.557Z","ask"
"5.95","1517.7","2024-05-25T21:43:33.557Z","ask"
"5.98","300","2024-05-25T21:43:33.557Z","ask"
"5.99","5000","2024-05-25T21:43:33.557Z","ask"
"6","150","2024-05-25T21:43:33.557Z","ask"
"6.72","250","2024-05-25T21:43:33.557Z","ask"
"6.9","420","2024-05-25T21:43:33.557Z","ask"
"6.95","1000","2024-05-25T21:43:33.557Z","ask"
"7","150","2024-05-25T21:43:33.557Z","ask"
"7.3","1944.7","2024-05-25T21:43:33.557Z","ask"
"7.5","250","2024-05-25T21:43:33.557Z","ask"
"7.6","667.9","2024-05-25T21:43:33.557Z","ask"
"7.683","747.9","2024-05-25T21:43:33.557Z","ask"
"7.77","7777","2024-05-25T21:43:33.557Z","ask"
"7.777","50000","2024-05-25T21:43:33.557Z","ask"
"7.95","2000","2024-05-25T21:43:33.557Z","ask"
"7.99","5000","2024-05-25T21:43:33.557Z","ask"
"8","3020.5","2024-05-25T21:43:33.557Z","ask"
"8.18","4463.5","2024-05-25T21:43:33.557Z","ask"
"8.95","805.4","2024-05-25T21:43:33.557Z","ask"
"8.99","5000","2024-05-25T21:43:33.557Z","ask"
"9","150","2024-05-25T21:43:33.557Z","ask"
"9.38","3700.8","2024-05-25T21:43:33.557Z","ask"
"9.5","1079.5","2024-05-25T21:43:33.557Z","ask"
"9.7","1944.7","2024-05-25T21:43:33.557Z","ask"
"9.91","1000","2024-05-25T21:43:33.557Z","ask"
"9.99","2000","2024-05-25T21:43:33.557Z","ask"
"10","84438.3","2024-05-25T21:43:33.557Z","ask"
"10.1","100","2024-05-25T21:43:33.557Z","ask"
"10.11","1013.1","2024-05-25T21:43:33.557Z","ask"
"10.25","497","2024-05-25T21:43:33.557Z","ask"
"10.26","10000","2024-05-25T21:43:33.557Z","ask"
"11","433","2024-05-25T21:43:33.557Z","ask"
"11.11","1000","2024-05-25T21:43:33.557Z","ask"
"12.815","5000","2024-05-25T21:43:33.557Z","ask"
"13.44","250","2024-05-25T21:43:33.557Z","ask"
"15","32225.9","2024-05-25T21:43:33.557Z","ask"
"15.5","8000.1","2024-05-25T21:43:33.557Z","ask"
"16","9030.6","2024-05-25T21:43:33.557Z","ask"
"17","3816.4","2024-05-25T21:43:33.557Z","ask"
"18.91","1975.2","2024-05-25T21:43:33.557Z","ask"
"19","962.5","2024-05-25T21:43:33.557Z","ask"
"19.99","5000","2024-05-25T21:43:33.557Z","ask"
"20","62568","2024-05-25T21:43:33.557Z","ask"
"20.98","500","2024-05-25T21:43:33.557Z","ask"
"21","100.7","2024-05-25T21:43:33.557Z","ask"
"25","365.5","2024-05-25T21:43:33.557Z","ask"
"26.88","250","2024-05-25T21:43:33.557Z","ask"
"29","15","2024-05-25T21:43:33.557Z","ask"
"29.99","1000","2024-05-25T21:43:33.557Z","ask"
"30","1399.9","2024-05-25T21:43:33.557Z","ask"
"30.2","184.1","2024-05-25T21:43:33.557Z","ask"
"30.98","500","2024-05-25T21:43:33.557Z","ask"
"35","1793.7","2024-05-25T21:43:33.557Z","ask"
"40.98","500","2024-05-25T21:43:33.557Z","ask"
"45","8000","2024-05-25T21:43:33.557Z","ask"
"49.99","1000","2024-05-25T21:43:33.557Z","ask"
"50","2864.6","2024-05-25T21:43:33.557Z","ask"
"50.98","500","2024-05-25T21:43:33.557Z","ask"
"53.76","244.3","2024-05-25T21:43:33.557Z","ask"
"55","2004.2","2024-05-25T21:43:33.557Z","ask"
"58","1766.1","2024-05-25T21:43:33.558Z","ask"
"60","2000","2024-05-25T21:43:33.558Z","ask"
"60.98","1000","2024-05-25T21:43:33.558Z","ask"
"69.95","1000","2024-05-25T21:43:33.558Z","ask"
"70.98","500","2024-05-25T21:43:33.558Z","ask"
"75","2806.1","2024-05-25T21:43:33.558Z","ask"
"79.99","1000","2024-05-25T21:43:33.558Z","ask"
"80.98","500","2024-05-25T21:43:33.558Z","ask"
"89.95","1000","2024-05-25T21:43:33.558Z","ask"
"90.98","100","2024-05-25T21:43:33.558Z","ask"
"97","300","2024-05-25T21:43:33.558Z","ask"
"99.99","1000","2024-05-25T21:43:33.558Z","ask"
"100","37761.7","2024-05-25T21:43:33.558Z","ask"
"110","1000","2024-05-25T21:43:33.558Z","ask"
"118.5","2135","2024-05-25T21:43:33.558Z","ask"
"150","3004.2","2024-05-25T21:43:33.558Z","ask"
"199.99","1000","2024-05-25T21:43:33.558Z","ask"
"200","9499","2024-05-25T21:43:33.558Z","ask"
"250","24.5","2024-05-25T21:43:33.558Z","ask"
"299.99","1000","2024-05-25T21:43:33.558Z","ask"
"300","103","2024-05-25T21:43:33.558Z","ask"
"399.95","1000","2024-05-25T21:43:33.558Z","ask"
"399.99","1000","2024-05-25T21:43:33.558Z","ask"
"499.99","1000","2024-05-25T21:43:33.558Z","ask"
"500","1607","2024-05-25T21:43:33.558Z","ask"
"520","969.7","2024-05-25T21:43:33.558Z","ask"
"525","426.7","2024-05-25T21:43:33.558Z","ask"
"599.95","1000","2024-05-25T21:43:33.558Z","ask"
"599.99","1000","2024-05-25T21:43:33.558Z","ask"
"600","171.5","2024-05-25T21:43:33.558Z","ask"
"659","682","2024-05-25T21:43:33.558Z","ask"
"699.89","1000","2024-05-25T21:43:33.558Z","ask"
"699.95","1000","2024-05-25T21:43:33.558Z","ask"
"799.9","1000","2024-05-25T21:43:33.558Z","ask"
"899.95","2000","2024-05-25T21:43:33.558Z","ask"
"900","1492","2024-05-25T21:43:33.558Z","ask"
"999.99","1000","2024-05-25T21:43:33.558Z","ask"
"1000","4424.3","2024-05-25T21:43:33.558Z","ask"
"1000.0001","2357.8","2024-05-25T21:43:33.558Z","ask"
"2999.95","330","2024-05-25T21:43:33.558Z","ask"
"4999.95","200","2024-05-25T21:43:33.558Z","ask"
"10000","750","2024-05-25T21:43:33.558Z","ask"
"0.1204","197.2","2024-05-25T21:43:33.558Z","bid"
"0.1203","1216.4","2024-05-25T21:43:33.558Z","bid"
"0.1202","38298.3","2024-05-25T21:43:33.558Z","bid"
"0.1201","69771.8","2024-05-25T21:43:33.558Z","bid"
"0.12","141360.7","2024-05-25T21:43:33.558Z","bid"
"0.1199","57353.8","2024-05-25T21:43:33.558Z","bid"
"0.1198","10740.5","2024-05-25T21:43:33.558Z","bid"
"0.1197","18556.4","2024-05-25T21:43:33.558Z","bid"
"0.1196","89392.2","2024-05-25T21:43:33.558Z","bid"
"0.1195","29216.7","2024-05-25T21:43:33.558Z","bid"
"0.1194","3397.6","2024-05-25T21:43:33.558Z","bid"
"0.1193","83.9","2024-05-25T21:43:33.558Z","bid"
"0.1192","210.3","2024-05-25T21:43:33.558Z","bid"
"0.1191","2099.6","2024-05-25T21:43:33.558Z","bid"
"0.119","17468.2","2024-05-25T21:43:33.558Z","bid"
"0.1189","41327.6","2024-05-25T21:43:33.558Z","bid"
"0.1188","1644.2","2024-05-25T21:43:33.558Z","bid"
"0.1187","268.9","2024-05-25T21:43:33.558Z","bid"
"0.1186","37303.8","2024-05-25T21:43:33.558Z","bid"
"0.1185","177980.6","2024-05-25T21:43:33.558Z","bid"
"0.1184","128391.1","2024-05-25T21:43:33.558Z","bid"
"0.1183","3251.3","2024-05-25T21:43:33.558Z","bid"
"0.1182","174.9","2024-05-25T21:43:33.558Z","bid"
"0.1181","27302.4","2024-05-25T21:43:33.558Z","bid"
"0.118","8871.9","2024-05-25T21:43:33.558Z","bid"
"0.1179","13624.8","2024-05-25T21:43:33.558Z","bid"
"0.1178","51854.4","2024-05-25T21:43:33.558Z","bid"
"0.1177","2657.2","2024-05-25T21:43:33.558Z","bid"
"0.1176","255","2024-05-25T21:43:33.558Z","bid"
"0.1175","9886.1","2024-05-25T21:43:33.558Z","bid"
"0.1174","208.7","2024-05-25T21:43:33.558Z","bid"
"0.1171","964.3","2024-05-25T21:43:33.558Z","bid"
"0.117","18543.5","2024-05-25T21:43:33.558Z","bid"
"0.1169","320","2024-05-25T21:43:33.558Z","bid"
"0.1168","19643.5","2024-05-25T21:43:33.558Z","bid"
"0.1167","6839.5","2024-05-25T21:43:33.558Z","bid"
"0.1166","35058.4","2024-05-25T21:43:33.558Z","bid"
"0.1165","190.5","2024-05-25T21:43:33.558Z","bid"
"0.1164","257.8","2024-05-25T21:43:33.558Z","bid"
"0.1163","66507.9","2024-05-25T21:43:33.558Z","bid"
"0.1161","997.9","2024-05-25T21:43:33.558Z","bid"
"0.116","2395.1","2024-05-25T21:43:33.558Z","bid"
"0.1159","349.4","2024-05-25T21:43:33.558Z","bid"
"0.1158","30","2024-05-25T21:43:33.558Z","bid"
"0.1157","194.6","2024-05-25T21:43:33.558Z","bid"
"0.1156","2772.8","2024-05-25T21:43:33.558Z","bid"
"0.1155","1334.8","2024-05-25T21:43:33.558Z","bid"
"0.1154","0.4","2024-05-25T21:43:33.558Z","bid"
"0.1153","148.6","2024-05-25T21:43:33.558Z","bid"
"0.1152","215.7","2024-05-25T21:43:33.558Z","bid"
"0.1151","44","2024-05-25T21:43:33.558Z","bid"
"0.115","11957.2","2024-05-25T21:43:33.558Z","bid"
"0.1148","282.1","2024-05-25T21:43:33.558Z","bid"
"0.1147","2882.9","2024-05-25T21:43:33.558Z","bid"
"0.1146","2784.8","2024-05-25T21:43:33.558Z","bid"
"0.1145","30","2024-05-25T21:43:33.558Z","bid"
"0.1143","91.2","2024-05-25T21:43:33.558Z","bid"
"0.1142","631.1","2024-05-25T21:43:33.558Z","bid"
"0.1141","877.6","2024-05-25T21:43:33.558Z","bid"
"0.1139","2239.7","2024-05-25T21:43:33.558Z","bid"
"0.1138","1971","2024-05-25T21:43:33.558Z","bid"
"0.1136","285.1","2024-05-25T21:43:33.558Z","bid"
"0.1135","1087.7","2024-05-25T21:43:33.558Z","bid"
"0.1134","170.5","2024-05-25T21:43:33.558Z","bid"
"0.1133","3530.5","2024-05-25T21:43:33.558Z","bid"
"0.1131","151.5","2024-05-25T21:43:33.558Z","bid"
"0.113","1217.1","2024-05-25T21:43:33.558Z","bid"
"0.1129","1668.7","2024-05-25T21:43:33.558Z","bid"
"0.1128","628.1","2024-05-25T21:43:33.558Z","bid"
"0.1126","13880.8","2024-05-25T21:43:33.558Z","bid"
"0.1125","687.9","2024-05-25T21:43:33.558Z","bid"
"0.1124","45.1","2024-05-25T21:43:33.558Z","bid"
"0.1122","902.9","2024-05-25T21:43:33.558Z","bid"
"0.1121","1778.3","2024-05-25T21:43:33.558Z","bid"
"0.112","3890.1","2024-05-25T21:43:33.558Z","bid"
"0.1119","1381.1","2024-05-25T21:43:33.558Z","bid"
"0.1116","893.3","2024-05-25T21:43:33.558Z","bid"
"0.1115","336.3","2024-05-25T21:43:33.558Z","bid"
"0.1114","290.8","2024-05-25T21:43:33.558Z","bid"
"0.1111","165.6","2024-05-25T21:43:33.558Z","bid"
"0.111","14589.1","2024-05-25T21:43:33.558Z","bid"
"0.1109","2889.3","2024-05-25T21:43:33.558Z","bid"
"0.1108","154.6","2024-05-25T21:43:33.558Z","bid"
"0.1106","180.7","2024-05-25T21:43:33.558Z","bid"
"0.1105","108.8","2024-05-25T21:43:33.558Z","bid"
"0.1103","494.5","2024-05-25T21:43:33.558Z","bid"
"0.1102","138.4","2024-05-25T21:43:33.558Z","bid"
"0.1101","400.5","2024-05-25T21:43:33.558Z","bid"
"0.11","167936.3","2024-05-25T21:43:33.558Z","bid"
"0.1098","46.2","2024-05-25T21:43:33.558Z","bid"
"0.1097","156.2","2024-05-25T21:43:33.558Z","bid"
"0.1095","454.1","2024-05-25T21:43:33.558Z","bid"
"0.1092","164.4","2024-05-25T21:43:33.558Z","bid"
"0.1091","139.8","2024-05-25T21:43:33.558Z","bid"
"0.109","1256.9","2024-05-25T21:43:33.558Z","bid"
"0.1089","183.5","2024-05-25T21:43:33.558Z","bid"
"0.1086","204.4","2024-05-25T21:43:33.558Z","bid"
"0.1085","30","2024-05-25T21:43:33.558Z","bid"
"0.1084","27581.7","2024-05-25T21:43:33.558Z","bid"
"0.1082","290.2","2024-05-25T21:43:33.558Z","bid"
"0.1081","299.6","2024-05-25T21:43:33.558Z","bid"
"0.108","1571.6","2024-05-25T21:43:33.558Z","bid"
"0.1077","347.3","2024-05-25T21:43:33.558Z","bid"
"0.1075","2849","2024-05-25T21:43:33.558Z","bid"
"0.1073","47.3","2024-05-25T21:43:33.558Z","bid"
"0.1072","523.7","2024-05-25T21:43:33.558Z","bid"
"0.107","302.7","2024-05-25T21:43:33.558Z","bid"
"0.1069","94.5","2024-05-25T21:43:33.558Z","bid"
"0.1068","935.6","2024-05-25T21:43:33.558Z","bid"
"0.1065","18318.5","2024-05-25T21:43:33.558Z","bid"
"0.106","4732.9","2024-05-25T21:43:33.558Z","bid"
"0.1059","144.1","2024-05-25T21:43:33.558Z","bid"
"0.1058","921","2024-05-25T21:43:33.558Z","bid"
"0.1057","813.1","2024-05-25T21:43:33.558Z","bid"
"0.1056","813.9","2024-05-25T21:43:33.558Z","bid"
"0.1052","355.6","2024-05-25T21:43:33.558Z","bid"
"0.1051","949","2024-05-25T21:43:33.558Z","bid"
"0.105","8908.7","2024-05-25T21:43:33.558Z","bid"
"0.1049","145.4","2024-05-25T21:43:33.558Z","bid"
"0.1048","48.4","2024-05-25T21:43:33.558Z","bid"
"0.1046","1045.3","2024-05-25T21:43:33.558Z","bid"
"0.1043","258.2","2024-05-25T21:43:33.558Z","bid"
"0.104","382.3","2024-05-25T21:43:33.558Z","bid"
"0.1038","147","2024-05-25T21:43:33.558Z","bid"
"0.1037","288.2","2024-05-25T21:43:33.558Z","bid"
"0.1036","48.9","2024-05-25T21:43:33.558Z","bid"
"0.1031","568.8","2024-05-25T21:43:33.558Z","bid"
"0.103","48276.6","2024-05-25T21:43:33.558Z","bid"
"0.1028","512.3","2024-05-25T21:43:33.558Z","bid"
"0.1026","56.9","2024-05-25T21:43:33.558Z","bid"
"0.1025","2000","2024-05-25T21:43:33.558Z","bid"
"0.1024","49.5","2024-05-25T21:43:33.558Z","bid"
"0.102","4001.8","2024-05-25T21:43:33.558Z","bid"
"0.1018","10441.9","2024-05-25T21:43:33.558Z","bid"
"0.1017","150","2024-05-25T21:43:33.558Z","bid"
"0.1016","368.2","2024-05-25T21:43:33.558Z","bid"
"0.1015","2988.3","2024-05-25T21:43:33.558Z","bid"
"0.1014","886.1","2024-05-25T21:43:33.558Z","bid"
"0.1011","3599.6","2024-05-25T21:43:33.558Z","bid"
"0.101","5881.1","2024-05-25T21:43:33.558Z","bid"
"0.1007","151.5","2024-05-25T21:43:33.558Z","bid"
"0.1006","2000","2024-05-25T21:43:33.558Z","bid"
"0.1004","372.6","2024-05-25T21:43:33.558Z","bid"
"0.1001","287","2024-05-25T21:43:33.558Z","bid"
"0.1","294997.4","2024-05-25T21:43:33.558Z","bid"
"0.0999","0.5","2024-05-25T21:43:33.558Z","bid"
"0.0998","10000","2024-05-25T21:43:33.558Z","bid"
"0.0997","153","2024-05-25T21:43:33.558Z","bid"
"0.0993","376.7","2024-05-25T21:43:33.558Z","bid"
"0.099","520","2024-05-25T21:43:33.558Z","bid"
"0.0987","167.3","2024-05-25T21:43:33.558Z","bid"
"0.0981","381.3","2024-05-25T21:43:33.558Z","bid"
"0.098","26176.3","2024-05-25T21:43:33.558Z","bid"
"0.0979","1094.8","2024-05-25T21:43:33.558Z","bid"
"0.0978","1012.2","2024-05-25T21:43:33.558Z","bid"
"0.0977","456.2","2024-05-25T21:43:33.558Z","bid"
"0.097","42327.8","2024-05-25T21:43:33.558Z","bid"
"0.0969","319.9","2024-05-25T21:43:33.558Z","bid"
"0.0968","1616.4","2024-05-25T21:43:33.558Z","bid"
"0.0961","10405.8","2024-05-25T21:43:33.558Z","bid"
"0.096","2480.2","2024-05-25T21:43:33.558Z","bid"
"0.0959","390.1","2024-05-25T21:43:33.558Z","bid"
"0.0958","159.3","2024-05-25T21:43:33.558Z","bid"
"0.0952","1000","2024-05-25T21:43:33.558Z","bid"
"0.095","500","2024-05-25T21:43:33.558Z","bid"
"0.0948","160.9","2024-05-25T21:43:33.558Z","bid"
"0.0947","3095","2024-05-25T21:43:33.558Z","bid"
"0.094","845","2024-05-25T21:43:33.558Z","bid"
"0.0939","162.5","2024-05-25T21:43:33.558Z","bid"
"0.0936","399.7","2024-05-25T21:43:33.558Z","bid"
"0.093","164.1","2024-05-25T21:43:33.558Z","bid"
"0.0926","404","2024-05-25T21:43:33.558Z","bid"
"0.0925","2000","2024-05-25T21:43:33.558Z","bid"
"0.092","168.8","2024-05-25T21:43:33.558Z","bid"
"0.0913","56.9","2024-05-25T21:43:33.558Z","bid"
"0.0911","167.5","2024-05-25T21:43:33.558Z","bid"
"0.091","27","2024-05-25T21:43:33.558Z","bid"
"0.0909","1000","2024-05-25T21:43:33.558Z","bid"
"0.0905","275","2024-05-25T21:43:33.558Z","bid"
"0.0902","169.2","2024-05-25T21:43:33.558Z","bid"
"0.0901","1209.7","2024-05-25T21:43:33.558Z","bid"
"0.09","65758.7","2024-05-25T21:43:33.558Z","bid"
"0.0898","556.3","2024-05-25T21:43:33.558Z","bid"
"0.0893","170.9","2024-05-25T21:43:33.558Z","bid"
"0.089","845.4","2024-05-25T21:43:33.558Z","bid"
"0.0884","2772.6","2024-05-25T21:43:33.558Z","bid"
"0.0881","1338.3","2024-05-25T21:43:33.558Z","bid"
"0.088","2.8","2024-05-25T21:43:33.558Z","bid"
"0.0875","174.4","2024-05-25T21:43:33.558Z","bid"
"0.087","5798.3","2024-05-25T21:43:33.558Z","bid"
"0.0867","176","2024-05-25T21:43:33.558Z","bid"
"0.0865","24","2024-05-25T21:43:33.558Z","bid"
"0.086","818.1","2024-05-25T21:43:33.558Z","bid"
"0.0857","1260","2024-05-25T21:43:33.558Z","bid"
"0.0856","56.9","2024-05-25T21:43:33.558Z","bid"
"0.085","9030","2024-05-25T21:43:33.558Z","bid"
"0.0847","236","2024-05-25T21:43:33.558Z","bid"
"0.084","5907.6","2024-05-25T21:43:33.558Z","bid"
"0.0833","250","2024-05-25T21:43:33.558Z","bid"
"0.0828","100","2024-05-25T21:43:33.558Z","bid"
"0.0824","1688.8","2024-05-25T21:43:33.558Z","bid"
"0.0821","21.5","2024-05-25T21:43:33.558Z","bid"
"0.082","754.3","2024-05-25T21:43:33.558Z","bid"
"0.0819","999","2024-05-25T21:43:33.558Z","bid"
"0.0815","500","2024-05-25T21:43:33.558Z","bid"
"0.081","39.4","2024-05-25T21:43:33.558Z","bid"
"0.08","149002.5","2024-05-25T21:43:33.558Z","bid"
"0.0793","61","2024-05-25T21:43:33.558Z","bid"
"0.0789","519.4","2024-05-25T21:43:33.558Z","bid"
"0.0787","112","2024-05-25T21:43:33.558Z","bid"
"0.0783","500","2024-05-25T21:43:33.558Z","bid"
"0.078","3213.6","2024-05-25T21:43:33.558Z","bid"
"0.0775","758.5","2024-05-25T21:43:33.558Z","bid"
"0.076","392.7","2024-05-25T21:43:33.558Z","bid"
"0.0755","2700","2024-05-25T21:43:33.558Z","bid"
"0.075","9133.9","2024-05-25T21:43:33.558Z","bid"
"0.0745","600","2024-05-25T21:43:33.558Z","bid"
"0.0743","56.9","2024-05-25T21:43:33.558Z","bid"
"0.0736","1459.6","2024-05-25T21:43:33.558Z","bid"
"0.0735","1461.6","2024-05-25T21:43:33.558Z","bid"
"0.073","77.5","2024-05-25T21:43:33.558Z","bid"
"0.0729","200","2024-05-25T21:43:33.558Z","bid"
"0.072","594.2","2024-05-25T21:43:33.558Z","bid"
"0.0711","100","2024-05-25T21:43:33.558Z","bid"
"0.071","63555.8","2024-05-25T21:43:33.558Z","bid"
"0.0705","800","2024-05-25T21:43:33.558Z","bid"
"0.07","104760.7","2024-05-25T21:43:33.558Z","bid"
"0.0698","142.4","2024-05-25T21:43:33.558Z","bid"
"0.0694","100","2024-05-25T21:43:33.558Z","bid"
"0.0688","1468.2","2024-05-25T21:43:33.558Z","bid"
"0.0687","56.9","2024-05-25T21:43:33.558Z","bid"
"0.068","512.6","2024-05-25T21:43:33.558Z","bid"
"0.0675","59","2024-05-25T21:43:33.558Z","bid"
"0.067","43","2024-05-25T21:43:33.558Z","bid"
"0.0668","17","2024-05-25T21:43:33.558Z","bid"
"0.066","2001.5","2024-05-25T21:43:33.558Z","bid"
"0.0655","4427.3","2024-05-25T21:43:33.558Z","bid"
"0.065","12055.7","2024-05-25T21:43:33.558Z","bid"
"0.064","63500","2024-05-25T21:43:33.558Z","bid"
"0.063","1","2024-05-25T21:43:33.558Z","bid"
"0.0625","85.5","2024-05-25T21:43:33.558Z","bid"
"0.062","7283.9","2024-05-25T21:43:33.558Z","bid"
"0.061","393.8","2024-05-25T21:43:33.558Z","bid"
"0.0606","1700","2024-05-25T21:43:33.558Z","bid"
"0.06","111411.7","2024-05-25T21:43:33.558Z","bid"
"0.0599","8297.2","2024-05-25T21:43:33.558Z","bid"
"0.0595","100","2024-05-25T21:43:33.558Z","bid"
"0.059","84.2","2024-05-25T21:43:33.558Z","bid"
"0.058","1026.1","2024-05-25T21:43:33.558Z","bid"
"0.0577","865.3","2024-05-25T21:43:33.558Z","bid"
"0.0574","191.6","2024-05-25T21:43:33.558Z","bid"
"0.057","1465.5","2024-05-25T21:43:33.558Z","bid"
"0.0567","500","2024-05-25T21:43:33.558Z","bid"
"0.0565","1062","2024-05-25T21:43:33.558Z","bid"
"0.056","3393.5","2024-05-25T21:43:33.558Z","bid"
"0.0555","804.3","2024-05-25T21:43:33.558Z","bid"
"0.055","110231.9","2024-05-25T21:43:33.558Z","bid"
"0.0549","50","2024-05-25T21:43:33.558Z","bid"
"0.054","100","2024-05-25T21:43:33.558Z","bid"
"0.0531","3000","2024-05-25T21:43:33.558Z","bid"
"0.052","546","2024-05-25T21:43:33.558Z","bid"
"0.0515","25","2024-05-25T21:43:33.558Z","bid"
"0.0512","1214.2","2024-05-25T21:43:33.558Z","bid"
"0.051","1370.5","2024-05-25T21:43:33.558Z","bid"
"0.0506","600","2024-05-25T21:43:33.558Z","bid"
"0.0501","300","2024-05-25T21:43:33.558Z","bid"
"0.05","700925.7","2024-05-25T21:43:33.558Z","bid"
"0.0499","22000","2024-05-25T21:43:33.558Z","bid"
"0.049","640.4","2024-05-25T21:43:33.558Z","bid"
"0.0483","2785","2024-05-25T21:43:33.558Z","bid"
"0.048","2500","2024-05-25T21:43:33.558Z","bid"
"0.0477","200","2024-05-25T21:43:33.558Z","bid"
"0.0475","41.7","2024-05-25T21:43:33.558Z","bid"
"0.047","6382.9","2024-05-25T21:43:33.558Z","bid"
"0.0465","2500","2024-05-25T21:43:33.558Z","bid"
"0.0464","1000","2024-05-25T21:43:33.558Z","bid"
"0.0462","3220.7","2024-05-25T21:43:33.558Z","bid"
"0.046","2400","2024-05-25T21:43:33.558Z","bid"
"0.0456","1119.4","2024-05-25T21:43:33.558Z","bid"
"0.0455","2200","2024-05-25T21:43:33.558Z","bid"
"0.045","16407.2","2024-05-25T21:43:33.558Z","bid"
"0.043","2000","2024-05-25T21:43:33.558Z","bid"
"0.042","35737","2024-05-25T21:43:33.558Z","bid"
"0.0408","100","2024-05-25T21:43:33.558Z","bid"
"0.0403","500","2024-05-25T21:43:33.558Z","bid"
"0.04","319513.3","2024-05-25T21:43:33.558Z","bid"
"0.0389","450","2024-05-25T21:43:33.558Z","bid"
"0.035","241.7","2024-05-25T21:43:33.558Z","bid"
"0.0333","3903.9","2024-05-25T21:43:33.558Z","bid"
"0.0305","70425.5","2024-05-25T21:43:33.558Z","bid"
"0.03","75864","2024-05-25T21:43:33.558Z","bid"
"0.025","3397.5","2024-05-25T21:43:33.558Z","bid"
"0.022","1184.2","2024-05-25T21:43:33.558Z","bid"
"0.0201","49.8","2024-05-25T21:43:33.558Z","bid"
"0.02","1453274","2024-05-25T21:43:33.558Z","bid"
"0.019","10000","2024-05-25T21:43:33.558Z","bid"
"0.0165","601.2","2024-05-25T21:43:33.558Z","bid"
"0.012","12524.7","2024-05-25T21:43:33.558Z","bid"
"0.0111","90","2024-05-25T21:43:33.558Z","bid"
"0.011","1363.6","2024-05-25T21:43:33.558Z","bid"
"0.0109","597.3","2024-05-25T21:43:33.558Z","bid"
"0.0101","221700","2024-05-25T21:43:33.558Z","bid"
"0.01","126992.9","2024-05-25T21:43:33.558Z","bid"
"0.0095","0.1","2024-05-25T21:43:33.558Z","bid"
"0.0093","28877","2024-05-25T21:43:33.558Z","bid"
"0.0088","112","2024-05-25T21:43:33.558Z","bid"
"0.008","12450","2024-05-25T21:43:33.558Z","bid"
"0.0078","50000","2024-05-25T21:43:33.558Z","bid"
"0.0077","130","2024-05-25T21:43:33.558Z","bid"
"0.0066","150","2024-05-25T21:43:33.558Z","bid"
"0.0055","180","2024-05-25T21:43:33.558Z","bid"
"0.0044","225","2024-05-25T21:43:33.558Z","bid"
"0.0033","300","2024-05-25T21:43:33.558Z","bid"
"0.0022","454","2024-05-25T21:43:33.558Z","bid"
"0.0014","7114.2","2024-05-25T21:43:33.558Z","bid"
"0.0011","900","2024-05-25T21:43:33.558Z","bid"
"0.001","68025.6","2024-05-25T21:43:33.558Z","bid"
"0.0009","1367.7","2024-05-25T21:43:33.558Z","bid"
"0.0008","1250","2024-05-25T21:43:33.558Z","bid"
"0.0007","1420","2024-05-25T21:43:33.558Z","bid"
"0.0006","357442.9","2024-05-25T21:43:33.558Z","bid"
"0.0005","31806","2024-05-25T21:43:33.558Z","bid"
"0.0004","14900","2024-05-25T21:43:33.558Z","bid"
"0.0003","44432.1","2024-05-25T21:43:33.558Z","bid"
"0.0002","109600","2024-05-25T21:43:33.558Z","bid"
"0.0001","5503755.8","2024-05-25T21:43:33.558Z","bid"