"price","volume","time","side","orderType"
"0.12040000","247.70000000","2024-05-25T21:43:04.543Z","buy","maker"
"0.12040000","790.90000000","2024-05-25T21:42:12.205Z","buy","maker"
"0.12050000","82.50000000","2024-05-25T21:40:54.238Z","sell","maker"
"0.12050000","8.30000000","2024-05-25T21:36:11.127Z","sell","maker"
"0.12030000","167.20000000","2024-05-25T21:35:36.086Z","buy","maker"
"0.12040000","210.00000000","2024-05-25T21:35:36.086Z","buy","maker"
"0.12050000","3007.90000000","2024-05-25T21:30:48.241Z","sell","maker"
"0.12050000","1100.00000000","2024-05-25T21:30:48.241Z","sell","maker"
"0.12030000","3492.80000000","2024-05-25T21:30:43.491Z","buy","maker"
"0.12030000","1407.20000000","2024-05-25T21:30:43.491Z","buy","maker"
"0.12030000","1100.00000000","2024-05-25T21:30:43.491Z","buy","maker"
"0.12020000","83.10000000","2024-05-25T21:24:51.316Z","buy","maker"
"0.12020000","378.40000000","2024-05-25T21:23:37.555Z","buy","maker"
"0.12040000","200.00000000","2024-05-25T21:18:14.167Z","sell","maker"
"0.12040000","475.90000000","2024-05-25T21:17:58.807Z","sell","maker"
"0.12040000","340.00000000","2024-05-25T21:17:58.807Z","sell","maker"
"0.12040000","340.00000000","2024-05-25T21:17:58.807Z","sell","maker"
"0.12020000","481.80000000","2024-05-25T21:15:58.229Z","buy","maker"
"0.12020000","622.30000000","2024-05-25T21:15:58.229Z","buy","maker"
"0.12020000","1075.30000000","2024-05-25T21:14:23.794Z","buy","maker"
"0.12040000","4756.80000000","2024-05-25T21:14:00.005Z","sell","maker"
"0.12040000","1100.00000000","2024-05-25T21:14:00.005Z","sell","maker"
"0.12040000","440.80000000","2024-05-25T21:14:00.005Z","sell","maker"
"0.12020000","1105.90000000","2024-05-25T21:13:50.338Z","buy","maker"
"0.12020000","300.00000000","2024-05-25T21:12:51.910Z","buy","maker"
"0.12020000","102.70000000","2024-05-25T21:10:55.651Z","buy","maker"
"0.12020000","649.30000000","2024-05-25T21:10:55.651Z","buy","maker"
"0.12040000","322.90000000","2024-05-25T21:10:29.772Z","sell","maker"
"0.12040000","809.20000000","2024-05-25T21:03:51.970Z","sell","maker"
"0.12040000","1613.80000000","2024-05-25T21:00:51.843Z","sell","maker"
"0.12030000","1298.50000000","2024-05-25T20:58:34.818Z","buy","maker"
"0.12030000","566.50000000","2024-05-25T20:58:34.767Z","buy","maker"
"0.12030000","308.70000000","2024-05-25T20:58:34.767Z","buy","maker"
"0.12050000","2016.10000000","2024-05-25T20:53:02.136Z","sell","maker"
"0.12050000","1.10000000","2024-05-25T20:52:43.709Z","sell","maker"
"0.12030000","271.30000000","2024-05-25T20:52:25.704Z","buy","maker"
"0.12030000","1159.90000000","2024-05-25T20:43:25.719Z","buy","maker"
"0.12030000","143.60000000","2024-05-25T20:42:52.481Z","buy","maker"
"0.12040000","2319.80000000","2024-05-25T20:42:08.940Z","buy","maker"
"0.12040000","2224.20000000","2024-05-25T20:42:08.917Z","buy","maker"
"0.12040000","1703.70000000","2024-05-25T20:42:08.915Z","buy","maker"
"0.12050000","711.80000000","2024-05-25T20:41:20.346Z","sell","maker"
"0.12050000","1200.00000000","2024-05-25T20:41:20.346Z","sell","maker"
"0.12040000","879.70000000","2024-05-25T20:40:48.563Z","sell","maker"
"0.12040000","543.80000000","2024-05-25T20:40:48.563Z","sell","maker"
"0.12040000","754.10000000","2024-05-25T20:40:44.580Z","sell","maker"
"0.12040000","2093.00000000","2024-05-25T20:40:44.569Z","sell","maker"
"0.12030000","125.80000000","2024-05-25T20:37:54.733Z","buy","maker"
"0.12030000","1089.20000000","2024-05-25T20:31:30.713Z","buy","maker"
"0.12030000","3585.10000000","2024-05-25T20:31:30.713Z","buy","maker"
"0.12030000","170.00000000","2024-05-25T20:31:30.713Z","buy","maker"
"0.12030000","4678.20000000","2024-05-25T20:31:30.713Z","buy","maker"
"0.12050000","2040.60000000","2024-05-25T20:29:51.357Z","sell","maker"
"0.12050000","4149.60000000","2024-05-25T20:29:51.253Z","sell","maker"
"0.12030000","504.30000000","2024-05-25T20:26:22.670Z","buy","maker"
"0.12040000","860.30000000","2024-05-25T20:26:22.670Z","buy","maker"
"0.12040000","340.00000000","2024-05-25T20:26:22.670Z","buy","maker"
"0.12040000","980.10000000","2024-05-25T20:26:22.670Z","buy","maker"
"0.12040000","340.00000000","2024-05-25T20:26:22.670Z","buy","maker"
"0.12040000","1100.00000000","2024-05-25T20:26:22.670Z","buy","maker"
"0.12040000","837.50000000","2024-05-25T20:23:47.653Z","buy","maker"
"0.12070000","603.40000000","2024-05-25T20:20:52.169Z","sell","maker"
"0.12070000","1800.00000000","2024-05-25T20:20:52.169Z","sell","maker"
"0.12070000","2396.60000000","2024-05-25T20:20:52.169Z","sell","maker"
"0.12070000","1100.00000000","2024-05-25T20:20:52.169Z","sell","maker"
"0.12060000","1100.00000000","2024-05-25T20:20:52.169Z","sell","maker"
"0.12060000","730.60000000","2024-05-25T20:20:52.169Z","sell","maker"
"0.12060000","340.00000000","2024-05-25T20:20:52.169Z","sell","maker"
"0.12060000","340.00000000","2024-05-25T20:20:52.169Z","sell","maker"
"0.12040000","1243.80000000","2024-05-25T20:18:22.476Z","buy","maker"
"0.12040000","2553.40000000","2024-05-25T20:18:02.847Z","buy","maker"
"0.12040000","2549.50000000","2024-05-25T20:18:02.847Z","buy","maker"
"0.12040000","170.00000000","2024-05-25T20:18:02.847Z","buy","maker"
"0.12040000","1229.60000000","2024-05-25T20:18:02.847Z","buy","maker"
"0.12040000","1647.50000000","2024-05-25T20:18:02.847Z","buy","maker"
"0.12060000","74.00000000","2024-05-25T20:16:46.376Z","sell","maker"
"0.12060000","846.80000000","2024-05-25T20:16:26.173Z","sell","maker"
"0.12050000","340.00000000","2024-05-25T20:15:33.225Z","buy","maker"
"0.12050000","340.00000000","2024-05-25T20:15:33.225Z","buy","maker"
"0.12050000","1100.00000000","2024-05-25T20:15:33.225Z","buy","maker"
"0.12050000","2459.20000000","2024-05-25T20:15:33.225Z","buy","maker"
"0.12050000","25.00000000","2024-05-25T20:12:06.263Z","buy","maker"
"0.12070000","5.10000000","2024-05-25T20:10:25.676Z","buy","maker"
"0.12070000","338.60000000","2024-05-25T20:09:00.173Z","buy","maker"
"0.12080000","7.70000000","2024-05-25T20:06:40.903Z","buy","maker"
"0.12100000","431.20000000","2024-05-25T20:05:45.982Z","buy","maker"
"0.12110000","442.80000000","2024-05-25T20:03:34.245Z","sell","maker"
"0.12100000","33.10000000","2024-05-25T20:00:56.423Z","buy","maker"
"0.12110000","1226.30000000","2024-05-25T20:00:28.295Z","sell","maker"
"0.12090000","5.40000000","2024-05-25T20:00:27.187Z","buy","maker"
"0.12090000","413.20000000","2024-05-25T20:00:09.900Z","buy","maker"
"0.12090000","572.80000000","2024-05-25T19:56:37.512Z","buy","maker"
"0.12110000","8.30000000","2024-05-25T19:56:01.523Z","sell","maker"
"0.12110000","949.10000000","2024-05-25T19:53:53.277Z","sell","maker"
"0.12110000","13611.70000000","2024-05-25T19:53:53.277Z","sell","maker"
"0.12110000","1840.00000000","2024-05-25T19:53:53.277Z","sell","maker"
"0.12110000","2420.80000000","2024-05-25T19:53:53.277Z","sell","maker"
"0.12110000","2553.30000000","2024-05-25T19:53:53.277Z","sell","maker"
"0.12110000","5000.00000000","2024-05-25T19:53:53.277Z","sell","maker"
"0.12110000","1100.00000000","2024-05-25T19:53:53.277Z","sell","maker"
"0.12100000","340.00000000","2024-05-25T19:53:53.277Z","sell","maker"
"0.12100000","340.00000000","2024-05-25T19:53:53.277Z","sell","maker"
"0.12100000","1100.00000000","2024-05-25T19:53:53.277Z","sell","maker"
"0.12100000","4339.80000000","2024-05-25T19:53:53.277Z","sell","maker"
"0.12080000","404.40000000","2024-05-25T19:53:09.884Z","buy","maker"
"0.12080000","0.50000000","2024-05-25T19:44:04.298Z","buy","maker"
"0.12080000","16517.30000000","2024-05-25T19:43:00.016Z","buy","maker"
"0.12080000","5000.00000000","2024-05-25T19:43:00.016Z","buy","maker"
"0.12080000","2461.20000000","2024-05-25T19:43:00.016Z","buy","maker"
"0.12080000","1100.00000000","2024-05-25T19:43:00.016Z","buy","maker"
"0.12090000","7025.60000000","2024-05-25T19:43:00.016Z","buy","maker"
"0.12090000","340.00000000","2024-05-25T19:43:00.016Z","buy","maker"
"0.12090000","1100.00000000","2024-05-25T19:43:00.016Z","buy","maker"
"0.12090000","599.60000000","2024-05-25T19:43:00.016Z","buy","maker"
"0.12090000","2605.30000000","2024-05-25T19:43:00.016Z","buy","maker"
"0.12090000","3908.20000000","2024-05-25T19:41:15.438Z","buy","maker"
"0.12090000","837.80000000","2024-05-25T19:41:15.438Z","buy","maker"
"0.12100000","1199.20000000","2024-05-25T19:41:15.438Z","buy","maker"
"0.12100000","4054.80000000","2024-05-25T19:41:15.438Z","buy","maker"
"0.12100000","98.00000000","2024-05-25T19:41:13.041Z","buy","maker"
"0.12100000","234.30000000","2024-05-25T19:39:53.317Z","buy","maker"
"0.12100000","1257.50000000","2024-05-25T19:39:53.317Z","buy","maker"
"0.12100000","3332.00000000","2024-05-25T19:39:53.317Z","buy","maker"
"0.12110000","1141.00000000","2024-05-25T19:39:31.397Z","sell","maker"
"0.12110000","1100.00000000","2024-05-25T19:39:31.397Z","sell","maker"
"0.12100000","1668.00000000","2024-05-25T19:38:06.845Z","buy","maker"
"0.12090000","823.20000000","2024-05-25T19:35:54.126Z","buy","maker"
"0.12090000","1100.00000000","2024-05-25T19:35:54.126Z","buy","maker"
"0.12100000","2251.90000000","2024-05-25T19:35:54.126Z","buy","maker"
"0.12100000","263.00000000","2024-05-25T19:33:13.972Z","buy","maker"
"0.12110000","588.70000000","2024-05-25T19:31:02.704Z","buy","maker"
"0.12110000","5000.00000000","2024-05-25T19:31:02.698Z","sell","maker"
"0.12110000","340.00000000","2024-05-25T19:31:02.698Z","sell","maker"
"0.12110000","340.00000000","2024-05-25T19:31:02.698Z","sell","maker"
"0.12110000","8781.20000000","2024-05-25T19:31:02.698Z","sell","maker"
"0.12110000","4129.80000000","2024-05-25T19:31:02.698Z","sell","maker"
"0.12110000","820.30000000","2024-05-25T19:31:02.698Z","sell","maker"
"0.12090000","119.70000000","2024-05-25T19:27:09.093Z","buy","maker"
"0.12110000","40.90000000","2024-05-25T19:24:43.200Z","sell","maker"
"0.12090000","925.90000000","2024-05-25T19:22:56.731Z","buy","maker"
"0.12090000","290.90000000","2024-05-25T19:19:29.808Z","buy","maker"
"0.12090000","821.30000000","2024-05-25T19:19:29.808Z","buy","maker"
"0.12110000","8.10000000","2024-05-25T19:18:49.289Z","sell","maker"
"0.12110000","230.70000000","2024-05-25T19:17:07.265Z","sell","maker"
"0.12090000","1601.00000000","2024-05-25T19:13:18.060Z","buy","maker"
"0.12090000","340.00000000","2024-05-25T19:13:18.060Z","buy","maker"
"0.12090000","170.00000000","2024-05-25T19:13:18.060Z","buy","maker"
"0.12090000","1642.60000000","2024-05-25T19:13:18.060Z","buy","maker"
"0.12090000","1100.00000000","2024-05-25T19:13:18.060Z","buy","maker"
"0.12090000","4254.10000000","2024-05-25T19:10:41.018Z","buy","maker"
"0.12090000","340.00000000","2024-05-25T19:10:41.018Z","buy","maker"
"0.12090000","340.00000000","2024-05-25T19:10:41.018Z","buy","maker"
"0.12090000","3285.30000000","2024-05-25T19:10:41.018Z","buy","maker"
"0.12090000","38.20000000","2024-05-25T19:10:41.018Z","buy","maker"
"0.12100000","363.90000000","2024-05-25T19:09:31.521Z","buy","maker"
"0.12110000","8.30000000","2024-05-25T19:09:17.496Z","sell","maker"
"0.12100000","2464.70000000","2024-05-25T19:08:40.120Z","sell","maker"
"0.12100000","8.30000000","2024-05-25T19:08:24.014Z","sell","maker"
"0.12090000","561.80000000","2024-05-25T19:07:28.146Z","buy","maker"
"0.12090000","500.00000000","2024-05-25T19:06:23.390Z","buy","maker"
"0.12100000","818.20000000","2024-05-25T19:04:13.094Z","sell","maker"
"0.12100000","8.30000000","2024-05-25T19:02:18.542Z","sell","maker"
"0.12100000","787.60000000","2024-05-25T19:01:54.657Z","sell","maker"
"0.12100000","368.00000000","2024-05-25T19:01:33.496Z","sell","maker"
"0.12110000","1216.50000000","2024-05-25T18:58:56.540Z","sell","maker"
"0.12110000","418.50000000","2024-05-25T18:58:56.540Z","sell","maker"
"0.12090000","344.30000000","2024-05-25T18:58:33.917Z","buy","maker"
"0.12110000","286.20000000","2024-05-25T18:58:25.555Z","sell","maker"
"0.12110000","377.00000000","2024-05-25T18:57:23.657Z","sell","maker"
"0.12110000","18.30000000","2024-05-25T18:55:11.897Z","sell","maker"
"0.12080000","413.20000000","2024-05-25T18:52:53.961Z","buy","maker"
"0.12090000","1100.00000000","2024-05-25T18:52:26.707Z","buy","maker"
"0.12080000","3825.60000000","2024-05-25T18:52:26.675Z","buy","maker"
"0.12080000","1100.00000000","2024-05-25T18:52:26.675Z","buy","maker"
"0.12080000","2607.80000000","2024-05-25T18:52:26.675Z","buy","maker"
"0.12090000","1100.00000000","2024-05-25T18:52:26.675Z","buy","maker"
"0.12090000","328.80000000","2024-05-25T18:52:26.661Z","buy","maker"
"0.12090000","340.00000000","2024-05-25T18:52:26.661Z","buy","maker"
"0.12090000","5282.50000000","2024-05-25T18:52:26.661Z","buy","maker"
"0.12090000","1098.70000000","2024-05-25T18:52:26.661Z","buy","maker"
"0.12110000","73.70000000","2024-05-25T18:52:11.828Z","sell","maker"
"0.12110000","81.80000000","2024-05-25T18:52:05.408Z","sell","maker"
"0.12090000","1.30000000","2024-05-25T18:51:32.476Z","buy","maker"
"0.12100000","1.30000000","2024-05-25T18:50:14.727Z","sell","maker"
"0.12100000","151.40000000","2024-05-25T18:49:54.987Z","sell","maker"
"0.12090000","143.50000000","2024-05-25T18:49:32.216Z","buy","maker"
"0.12090000","25.10000000","2024-05-25T18:48:44.546Z","buy","maker"
"0.12090000","869.90000000","2024-05-25T18:40:11.937Z","sell","maker"
"0.12080000","8.00000000","2024-05-25T18:38:11.090Z","buy","maker"
"0.12070000","1496.90000000","2024-05-25T18:35:56.697Z","buy","maker"
"0.12070000","2323.80000000","2024-05-25T18:35:56.697Z","buy","maker"
"0.12070000","368.20000000","2024-05-25T18:35:56.697Z","buy","maker"
"0.12090000","1123.10000000","2024-05-25T18:35:43.442Z","sell","maker"
"0.12070000","18.50000000","2024-05-25T18:34:37.356Z","buy","maker"
"0.12070000","506.30000000","2024-05-25T18:33:43.945Z","buy","maker"
"0.12080000","1739.90000000","2024-05-25T18:33:40.441Z","sell","maker"
"0.12090000","1932.40000000","2024-05-25T18:32:14.647Z","sell","maker"
"0.12090000","1282.80000000","2024-05-25T18:32:14.647Z","sell","maker"
"0.12070000","91.00000000","2024-05-25T18:31:37.731Z","buy","maker"
"0.12090000","1162.40000000","2024-05-25T18:31:23.292Z","sell","maker"
"0.12090000","340.00000000","2024-05-25T18:31:23.292Z","sell","maker"
"0.12090000","340.00000000","2024-05-25T18:31:23.292Z","sell","maker"
"0.12090000","1100.00000000","2024-05-25T18:31:23.292Z","sell","maker"
"0.12090000","1151.90000000","2024-05-25T18:31:23.292Z","sell","maker"
"0.12070000","116.00000000","2024-05-25T18:31:14.294Z","buy","maker"
"0.12090000","8.00000000","2024-05-25T18:29:19.364Z","sell","maker"
"0.12070000","802.70000000","2024-05-25T18:28:42.429Z","buy","maker"
"0.12070000","199.80000000","2024-05-25T18:26:21.983Z","buy","maker"
"0.12070000","340.00000000","2024-05-25T18:26:21.983Z","buy","maker"
"0.12070000","2319.80000000","2024-05-25T18:26:21.983Z","buy","maker"
"0.12070000","1100.00000000","2024-05-25T18:26:21.983Z","buy","maker"
"0.12090000","80.20000000","2024-05-25T18:25:36.235Z","sell","maker"
"0.12090000","128.30000000","2024-05-25T18:25:01.805Z","sell","maker"
"0.12090000","1100.00000000","2024-05-25T18:25:01.805Z","sell","maker"
"0.12080000","431.20000000","2024-05-25T18:24:09.439Z","sell","maker"
"0.12080000","1888.60000000","2024-05-25T18:24:09.431Z","sell","maker"
"0.12080000","1100.00000000","2024-05-25T18:24:09.431Z","sell","maker"
"0.12060000","1952.90000000","2024-05-25T18:23:41.916Z","buy","maker"
"0.12060000","5000.00000000","2024-05-25T18:23:41.916Z","buy","maker"
"0.12060000","1100.00000000","2024-05-25T18:23:41.916Z","buy","maker"
"0.12070000","1100.00000000","2024-05-25T18:23:41.916Z","buy","maker"
"0.12070000","340.00000000","2024-05-25T18:23:41.916Z","buy","maker"
"0.12070000","340.00000000","2024-05-25T18:23:41.916Z","buy","maker"
"0.12070000","92.70000000","2024-05-25T18:23:41.916Z","buy","maker"
"0.12070000","4000.00000000","2024-05-25T18:23:34.539Z","buy","maker"
"0.12090000","86.70000000","2024-05-25T18:23:31.197Z","sell","maker"
"0.12090000","354.30000000","2024-05-25T18:23:19.099Z","sell","maker"
"0.12080000","546.90000000","2024-05-25T18:23:19.099Z","sell","maker"
"0.12080000","3682.90000000","2024-05-25T18:21:02.250Z","buy","maker"
"0.12080000","545.90000000","2024-05-25T18:19:12.155Z","buy","maker"
"0.12080000","340.00000000","2024-05-25T18:19:12.155Z","buy","maker"
"0.12080000","4110.60000000","2024-05-25T18:19:12.155Z","buy","maker"
"0.12080000","42.20000000","2024-05-25T18:17:46.063Z","buy","maker"
"0.12080000","547.90000000","2024-05-25T18:17:07.686Z","sell","maker"
"0.12080000","1100.00000000","2024-05-25T18:17:07.686Z","sell","maker"
"0.12090000","803.80000000","2024-05-25T18:16:23.471Z","sell","maker"
"0.12090000","1100.00000000","2024-05-25T18:16:23.471Z","sell","maker"
"0.12080000","847.20000000","2024-05-25T18:16:23.471Z","sell","maker"
"0.12080000","170.00000000","2024-05-25T18:16:23.471Z","sell","maker"
"0.12080000","1100.00000000","2024-05-25T18:16:23.471Z","sell","maker"
"0.12070000","248.60000000","2024-05-25T18:15:55.535Z","buy","maker"
"0.12070000","1694.50000000","2024-05-25T18:15:40.245Z","buy","maker"
"0.12080000","1100.00000000","2024-05-25T18:15:02.501Z","sell","maker"
"0.12080000","3037.80000000","2024-05-25T18:15:02.251Z","buy","maker"
"0.12080000","340.00000000","2024-05-25T18:15:02.225Z","sell","maker"
"0.12080000","4308.20000000","2024-05-25T18:15:02.225Z","sell","maker"
"0.12080000","2443.30000000","2024-05-25T18:15:02.225Z","sell","maker"
"0.12080000","13611.70000000","2024-05-25T18:15:02.225Z","sell","maker"
"0.12080000","2474.40000000","2024-05-25T18:15:02.225Z","sell","maker"
"0.12080000","10552.10000000","2024-05-25T18:15:02.225Z","sell","maker"
"0.12070000","412.40000000","2024-05-25T18:14:49.204Z","buy","maker"
"0.12070000","639.50000000","2024-05-25T18:14:35.574Z","buy","maker"
"0.12070000","413.90000000","2024-05-25T18:14:31.610Z","buy","maker"
"0.12080000","8650.00000000","2024-05-25T18:13:38.931Z","sell","maker"
"0.12070000","178.80000000","2024-05-25T18:13:37.868Z","buy","maker"
"0.12070000","430.30000000","2024-05-25T18:12:58.724Z","buy","maker"
"0.12080000","1238.10000000","2024-05-25T18:12:52.648Z","sell","maker"
"0.12070000","31.20000000","2024-05-25T18:11:33.034Z","buy","maker"
"0.12070000","340.00000000","2024-05-25T18:11:24.884Z","sell","maker"
"0.12070000","561.90000000","2024-05-25T18:11:24.884Z","sell","maker"
"0.12070000","340.00000000","2024-05-25T18:11:24.884Z","sell","maker"
"0.12070000","8812.50000000","2024-05-25T18:11:24.884Z","sell","maker"
"0.12070000","1072.00000000","2024-05-25T18:11:24.884Z","sell","maker"
"0.12070000","28.00000000","2024-05-25T18:09:38.514Z","sell","maker"
"0.12070000","41.70000000","2024-05-25T18:09:38.514Z","sell","maker"
"0.12060000","2000.00000000","2024-05-25T18:09:15.416Z","sell","maker"
"0.12060000","16.80000000","2024-05-25T18:07:48.903Z","sell","maker"
"0.12060000","405.10000000","2024-05-25T18:07:29.649Z","sell","maker"
"0.12060000","991.10000000","2024-05-25T18:05:35.689Z","sell","maker"
"0.12060000","10761.50000000","2024-05-25T18:05:18.016Z","sell","maker"
"0.12060000","310.50000000","2024-05-25T18:05:18.016Z","sell","maker"
"0.12050000","748.70000000","2024-05-25T18:05:16.047Z","buy","maker"
"0.12050000","1895.80000000","2024-05-25T18:05:16.042Z","buy","maker"
"0.12050000","340.00000000","2024-05-25T18:05:15.914Z","sell","maker"
"0.12050000","340.00000000","2024-05-25T18:05:15.914Z","sell","maker"
"0.12050000","561.90000000","2024-05-25T18:05:15.914Z","sell","maker"
"0.12050000","819.30000000","2024-05-25T18:05:15.914Z","sell","maker"
"0.12050000","80.70000000","2024-05-25T18:04:26.971Z","sell","maker"
"0.12050000","200.00000000","2024-05-25T18:03:50.840Z","sell","maker"
"0.12030000","10.60000000","2024-05-25T18:03:25.905Z","buy","maker"
"0.12030000","1123.70000000","2024-05-25T18:02:01.922Z","sell","maker"
"0.12030000","351.60000000","2024-05-25T18:02:01.476Z","sell","maker"
"0.12030000","1895.80000000","2024-05-25T18:02:01.475Z","sell","maker"
"0.12030000","397.10000000","2024-05-25T18:02:01.455Z","sell","maker"
"0.12030000","4097.70000000","2024-05-25T18:01:55.523Z","sell","maker"
"0.12030000","340.00000000","2024-05-25T18:01:55.523Z","sell","maker"
"0.12030000","340.00000000","2024-05-25T18:01:55.523Z","sell","maker"
"0.12030000","1072.30000000","2024-05-25T18:01:55.523Z","sell","maker"
"0.12030000","27.70000000","2024-05-25T18:01:55.519Z","sell","maker"
"0.12010000","7615.10000000","2024-05-25T18:01:55.370Z","buy","maker"
"0.12010000","1890.00000000","2024-05-25T18:01:55.370Z","buy","maker"
"0.12010000","14492.10000000","2024-05-25T18:01:55.370Z","buy","maker"
"0.12020000","13611.70000000","2024-05-25T18:01:55.370Z","buy","maker"
"0.12020000","3241.10000000","2024-05-25T18:01:55.370Z","buy","maker"
"0.12020000","2804.20000000","2024-05-25T18:01:55.362Z","buy","maker"
"0.12020000","1882.20000000","2024-05-25T18:01:55.362Z","buy","maker"
"0.12020000","3028.90000000","2024-05-25T18:01:55.362Z","buy","maker"
"0.12020000","1245.80000000","2024-05-25T18:01:55.362Z","buy","maker"
"0.12020000","538.90000000","2024-05-25T18:01:55.362Z","buy","maker"
"0.12020000","13611.70000000","2024-05-25T18:01:55.362Z","buy","maker"
"0.12030000","323.40000000","2024-05-25T18:01:55.362Z","buy","maker"
"0.12030000","862.50000000","2024-05-25T18:01:55.362Z","buy","maker"
"0.12030000","3449.80000000","2024-05-25T18:01:55.362Z","buy","maker"
"0.12030000","6899.70000000","2024-05-25T18:01:55.362Z","buy","maker"
"0.12030000","11152.90000000","2024-05-25T18:01:55.362Z","buy","maker"
"0.12030000","8689.80000000","2024-05-25T18:01:54.713Z","buy","maker"
"0.12040000","289.70000000","2024-05-25T18:01:53.919Z","sell","maker"
"0.12020000","5688.40000000","2024-05-25T18:01:51.681Z","buy","maker"
"0.12020000","1100.00000000","2024-05-25T18:01:51.681Z","buy","maker"
"0.12020000","265.60000000","2024-05-25T18:01:51.681Z","buy","maker"
"0.12030000","538.80000000","2024-05-25T18:01:51.681Z","buy","maker"
"0.12030000","1100.00000000","2024-05-25T18:01:51.681Z","buy","maker"
"0.12030000","1055.80000000","2024-05-25T18:01:48.659Z","buy","maker"
"0.12040000","7654.70000000","2024-05-25T18:01:48.659Z","buy","maker"
"0.12040000","1100.00000000","2024-05-25T18:01:47.190Z","buy","maker"
"0.12040000","1077.60000000","2024-05-25T18:01:47.190Z","buy","maker"
"0.12040000","1604.70000000","2024-05-25T18:01:45.640Z","buy","maker"
"0.12040000","1243.70000000","2024-05-25T18:01:45.640Z","buy","maker"
"0.12040000","1100.00000000","2024-05-25T18:01:45.640Z","buy","maker"
"0.12040000","2474.30000000","2024-05-25T18:01:45.640Z","buy","maker"
"0.12040000","2242.30000000","2024-05-25T18:01:45.640Z","buy","maker"
"0.12040000","2757.70000000","2024-05-25T18:01:42.605Z","buy","maker"
"0.12050000","2155.20000000","2024-05-25T18:01:42.605Z","buy","maker"
"0.12050000","3734.10000000","2024-05-25T18:01:42.605Z","buy","maker"
"0.12050000","418.70000000","2024-05-25T18:01:21.245Z","buy","maker"
"0.12050000","301.80000000","2024-05-25T17:58:23.014Z","buy","maker"
"0.12050000","3888.10000000","2024-05-25T17:57:23.070Z","buy","maker"
"0.12050000","1100.00000000","2024-05-25T17:57:23.070Z","buy","maker"
"0.12060000","789.50000000","2024-05-25T17:57:18.481Z","sell","maker"
"0.12060000","198.40000000","2024-05-25T17:57:04.768Z","buy","maker"
"0.12070000","12922.80000000","2024-05-25T17:56:03.537Z","sell","maker"
"0.12070000","1100.00000000","2024-05-25T17:56:03.537Z","sell","maker"
"0.12060000","221.10000000","2024-05-25T17:53:13.098Z","sell","maker"
"0.12060000","778.90000000","2024-05-25T17:53:13.098Z","sell","maker"
"0.12040000","475.00000000","2024-05-25T17:52:30.053Z","buy","maker"
"0.12060000","900.00000000","2024-05-25T17:52:14.347Z","sell","maker"
"0.12060000","1100.00000000","2024-05-25T17:52:14.347Z","sell","maker"
"0.12040000","41.80000000","2024-05-25T17:51:54.486Z","buy","maker"
"0.12040000","83.50000000","2024-05-25T17:51:35.568Z","buy","maker"
"0.12050000","1716.70000000","2024-05-25T17:47:12.475Z","buy","maker"
"0.12070000","1212.00000000","2024-05-25T17:45:49.359Z","sell","maker"
"0.12070000","1058.70000000","2024-05-25T17:45:49.359Z","sell","maker"
"0.12060000","1100.00000000","2024-05-25T17:45:49.359Z","sell","maker"
"0.12060000","656.90000000","2024-05-25T17:45:49.359Z","sell","maker"
"0.12040000","23.20000000","2024-05-25T17:45:15.039Z","buy","maker"
"0.12050000","5938.00000000","2024-05-25T17:45:15.039Z","buy","maker"
"0.12050000","4152.80000000","2024-05-25T17:45:15.039Z","buy","maker"
"0.12060000","300.60000000","2024-05-25T17:45:14.438Z","sell","maker"
"0.12060000","99.40000000","2024-05-25T17:45:14.438Z","sell","maker"
"0.12050000","1716.70000000","2024-05-25T17:44:15.128Z","buy","maker"
"0.12040000","254.20000000","2024-05-25T17:43:12.028Z","buy","maker"
"0.12050000","7654.70000000","2024-05-25T17:43:12.028Z","buy","maker"
"0.12060000","161.70000000","2024-05-25T17:42:16.305Z","sell","maker"
"0.12040000","487.40000000","2024-05-25T17:42:10.297Z","buy","maker"
"0.12040000","7654.70000000","2024-05-25T17:42:10.297Z","buy","maker"
"0.12060000","32.90000000","2024-05-25T17:42:06.339Z","sell","maker"
"0.12040000","1915.10000000","2024-05-25T17:40:25.928Z","sell","maker"
"0.12040000","3830.20000000","2024-05-25T17:40:25.911Z","sell","maker"
"0.12040000","1363.80000000","2024-05-25T17:40:22.527Z","buy","maker"
"0.12040000","6290.90000000","2024-05-25T17:40:22.518Z","buy","maker"
"0.12040000","1618.90000000","2024-05-25T17:40:16.439Z","buy","maker"
"0.12040000","1100.00000000","2024-05-25T17:40:16.429Z","buy","maker"
"0.12040000","7052.10000000","2024-05-25T17:40:16.429Z","buy","maker"
"0.12040000","991.50000000","2024-05-25T17:40:16.429Z","buy","maker"
"0.12040000","7363.10000000","2024-05-25T17:40:16.429Z","buy","maker"
"0.12060000","72.90000000","2024-05-25T17:40:00.948Z","sell","maker"
"0.12060000","733.10000000","2024-05-25T17:39:44.903Z","sell","maker"
"0.12060000","2246.30000000","2024-05-25T17:39:44.903Z","sell","maker"
"0.12040000","625.50000000","2024-05-25T17:37:48.689Z","buy","maker"
"0.12040000","33.50000000","2024-05-25T17:37:37.562Z","buy","maker"
"0.12040000","5589.60000000","2024-05-25T17:37:26.181Z","buy","maker"
"0.12040000","2648.10000000","2024-05-25T17:37:26.181Z","buy","maker"
"0.12050000","1983.00000000","2024-05-25T17:37:26.181Z","buy","maker"
"0.12050000","135.80000000","2024-05-25T17:37:26.181Z","buy","maker"
"0.12060000","820.60000000","2024-05-25T17:34:08.807Z","sell","maker"
"0.12050000","71.10000000","2024-05-25T17:33:49.350Z","buy","maker"
"0.12040000","2351.90000000","2024-05-25T17:33:11.650Z","buy","maker"
"0.12050000","6224.70000000","2024-05-25T17:30:05.811Z","buy","maker"
"0.12050000","2625.10000000","2024-05-25T17:30:05.811Z","buy","maker"
"0.12050000","2150.20000000","2024-05-25T17:30:05.811Z","buy","maker"
"0.12050000","3595.30000000","2024-05-25T17:29:59.712Z","buy","maker"
"0.12050000","1100.00000000","2024-05-25T17:29:59.712Z","buy","maker"
"0.12050000","1660.90000000","2024-05-25T17:29:59.712Z","buy","maker"
"0.12050000","5000.00000000","2024-05-25T17:29:59.712Z","buy","maker"
"0.12060000","3145.40000000","2024-05-25T17:29:59.712Z","buy","maker"
"0.12070000","41.30000000","2024-05-25T17:29:20.759Z","sell","maker"
"0.12050000","234.30000000","2024-05-25T17:29:07.128Z","buy","maker"
"0.12050000","415.50000000","2024-05-25T17:29:07.128Z","buy","maker"
"0.12060000","572.50000000","2024-05-25T17:25:55.906Z","sell","maker"
"0.12060000","357.00000000","2024-05-25T17:25:55.895Z","sell","maker"
"0.12060000","929.50000000","2024-05-25T17:25:55.885Z","sell","maker"
"0.12060000","1961.40000000","2024-05-25T17:25:55.868Z","sell","maker"
"0.12060000","2470.50000000","2024-05-25T17:25:55.854Z","sell","maker"
"0.12050000","1505.90000000","2024-05-25T17:25:06.980Z","buy","maker"
"0.12050000","1243.70000000","2024-05-25T17:25:06.980Z","buy","maker"
"0.12050000","2571.20000000","2024-05-25T17:25:06.980Z","buy","maker"
"0.12050000","2357.00000000","2024-05-25T17:25:06.980Z","buy","maker"
"0.12050000","5000.00000000","2024-05-25T17:25:06.980Z","buy","maker"
"0.12050000","415.50000000","2024-05-25T17:25:06.980Z","buy","maker"
"0.12050000","1100.00000000","2024-05-25T17:25:06.980Z","buy","maker"
"0.12040000","536.60000000","2024-05-25T17:23:18.044Z","buy","maker"
"0.12040000","1100.00000000","2024-05-25T17:23:18.044Z","buy","maker"
"0.12050000","923.20000000","2024-05-25T17:23:18.044Z","buy","maker"
"0.12050000","5000.00000000","2024-05-25T17:23:18.044Z","buy","maker"
"0.12050000","830.90000000","2024-05-25T17:23:18.044Z","buy","maker"
"0.12050000","170.00000000","2024-05-25T17:23:18.044Z","buy","maker"
"0.12050000","340.00000000","2024-05-25T17:23:18.044Z","buy","maker"
"0.12050000","1100.00000000","2024-05-25T17:23:18.044Z","buy","maker"
"0.12060000","1661.80000000","2024-05-25T17:18:00.368Z","buy","maker"
"0.12060000","855.30000000","2024-05-25T17:18:00.368Z","buy","maker"
"0.12060000","3297.50000000","2024-05-25T17:17:47.211Z","buy","maker"
"0.12060000","1100.00000000","2024-05-25T17:17:47.211Z","buy","maker"
"0.12060000","238.10000000","2024-05-25T17:16:15.027Z","buy","maker"
"0.12060000","340.00000000","2024-05-25T17:16:15.027Z","buy","maker"
"0.12060000","3323.60000000","2024-05-25T17:16:15.027Z","buy","maker"
"0.12060000","1100.00000000","2024-05-25T17:16:15.027Z","buy","maker"
"0.12090000","1754.30000000","2024-05-25T17:12:58.088Z","buy","maker"
"0.12110000","8.30000000","2024-05-25T17:11:46.064Z","sell","maker"
"0.12090000","300.80000000","2024-05-25T17:09:24.295Z","buy","maker"
"0.12100000","3.60000000","2024-05-25T17:09:09.511Z","sell","maker"
"0.12110000","3.10000000","2024-05-25T17:07:29.028Z","sell","maker"
"0.12100000","340.00000000","2024-05-25T17:06:48.550Z","sell","maker"
"0.12100000","340.00000000","2024-05-25T17:06:48.550Z","sell","maker"
"0.12100000","2334.80000000","2024-05-25T17:06:48.550Z","sell","maker"
"0.12080000","835.40000000","2024-05-25T17:06:12.745Z","buy","maker"
"0.12090000","340.00000000","2024-05-25T17:05:34.705Z","buy","maker"
"0.12090000","340.00000000","2024-05-25T17:05:34.705Z","buy","maker"
"0.12090000","1100.00000000","2024-05-25T17:05:34.705Z","buy","maker"
"0.12090000","3780.80000000","2024-05-25T17:05:34.705Z","buy","maker"
"0.12090000","4152.80000000","2024-05-25T17:05:34.705Z","buy","maker"
"0.12090000","4152.80000000","2024-05-25T17:00:43.760Z","buy","maker"
"0.12090000","39.00000000","2024-05-25T17:00:43.760Z","buy","maker"
"0.12090000","1520.00000000","2024-05-25T17:00:43.719Z","buy","maker"
"0.12090000","340.00000000","2024-05-25T17:00:43.507Z","sell","maker"
"0.12090000","888.80000000","2024-05-25T17:00:43.507Z","sell","maker"
"0.12090000","5090.80000000","2024-05-25T17:00:43.507Z","sell","maker"
"0.12090000","2545.40000000","2024-05-25T17:00:43.507Z","sell","maker"
"0.12080000","340.00000000","2024-05-25T17:00:41.409Z","sell","maker"
"0.12080000","340.00000000","2024-05-25T17:00:41.409Z","sell","maker"
"0.12080000","3254.90000000","2024-05-25T16:59:59.017Z","buy","maker"
"0.12080000","3175.30000000","2024-05-25T16:59:34.632Z","buy","maker"
"0.12080000","649.40000000","2024-05-25T16:59:28.005Z","buy","maker"
"0.12080000","400.00000000","2024-05-25T16:59:09.216Z","buy","maker"
"0.12090000","3630.00000000","2024-05-25T16:58:34.428Z","buy","maker"
"0.12090000","200.00000000","2024-05-25T16:58:34.424Z","buy","maker"
"0.12090000","5877.10000000","2024-05-25T16:58:33.759Z","sell","maker"
"0.12090000","1777.60000000","2024-05-25T16:58:33.511Z","sell","maker"
"0.12090000","4777.10000000","2024-05-25T16:57:33.513Z","sell","maker"
"0.12090000","1100.00000000","2024-05-25T16:57:33.513Z","sell","maker"
"0.12080000","1777.60000000","2024-05-25T16:57:33.270Z","sell","maker"
"0.12080000","6117.20000000","2024-05-25T16:56:26.526Z","buy","maker"
"0.12080000","1537.50000000","2024-05-25T16:55:46.341Z","buy","maker"
"0.12080000","340.00000000","2024-05-25T16:55:46.341Z","buy","maker"
"0.12080000","7654.70000000","2024-05-25T16:50:20.380Z","buy","maker"
"0.12090000","6994.90000000","2024-05-25T16:48:09.120Z","sell","maker"
"0.12080000","428.30000000","2024-05-25T16:47:35.511Z","sell","maker"
"0.12080000","2571.10000000","2024-05-25T16:47:35.264Z","sell","maker"
"0.12080000","3555.30000000","2024-05-25T16:47:35.264Z","sell","maker"
"0.12080000","1100.00000000","2024-05-25T16:47:35.264Z","sell","maker"
"0.12070000","340.00000000","2024-05-25T16:47:34.468Z","buy","maker"
"0.12070000","2168.70000000","2024-05-25T16:47:34.468Z","buy","maker"
"0.12070000","1743.80000000","2024-05-25T16:47:34.468Z","buy","maker"
"0.12070000","9548.90000000","2024-05-25T16:47:34.464Z","buy","maker"
"0.12070000","680.20000000","2024-05-25T16:47:34.464Z","buy","maker"
"0.12070000","6072.10000000","2024-05-25T16:47:34.464Z","buy","maker"
"0.12070000","958.70000000","2024-05-25T16:47:34.456Z","buy","maker"
"0.12070000","1100.00000000","2024-05-25T16:47:34.456Z","buy","maker"
"0.12080000","2749.70000000","2024-05-25T16:43:47.061Z","buy","maker"
"0.12080000","1587.70000000","2024-05-25T16:43:47.060Z","buy","maker"
"0.12080000","340.00000000","2024-05-25T16:43:47.060Z","buy","maker"
"0.12080000","18628.00000000","2024-05-25T16:43:47.060Z","buy","maker"
"0.12080000","1309.60000000","2024-05-25T16:43:47.056Z","buy","maker"
"0.12080000","340.00000000","2024-05-25T16:43:47.056Z","buy","maker"
"0.12080000","1100.00000000","2024-05-25T16:43:47.056Z","buy","maker"
"0.12100000","1605.80000000","2024-05-25T16:42:56.614Z","sell","maker"
"0.12100000","153.20000000","2024-05-25T16:41:30.330Z","sell","maker"
"0.12100000","1082.80000000","2024-05-25T16:41:30.330Z","sell","maker"
"0.12080000","16.40000000","2024-05-25T16:40:03.795Z","buy","maker"
"0.12100000","17.20000000","2024-05-25T16:36:21.333Z","sell","maker"
"0.12110000","5630.20000000","2024-05-25T16:35:43.531Z","sell","maker"
"0.12100000","340.00000000","2024-05-25T16:35:43.531Z","sell","maker"
"0.12100000","340.00000000","2024-05-25T16:35:43.531Z","sell","maker"
"0.12100000","604.40000000","2024-05-25T16:35:43.531Z","sell","maker"
"0.12100000","1100.00000000","2024-05-25T16:35:43.531Z","sell","maker"
"0.12110000","4640.30000000","2024-05-25T16:35:00.372Z","sell","maker"
"0.12110000","729.40000000","2024-05-25T16:35:00.372Z","sell","maker"
"0.12100000","340.00000000","2024-05-25T16:35:00.372Z","sell","maker"
"0.12100000","1100.00000000","2024-05-25T16:35:00.372Z","sell","maker"
"0.12100000","1204.90000000","2024-05-25T16:35:00.372Z","sell","maker"
"0.12090000","4.00000000","2024-05-25T16:31:16.415Z","buy","maker"
"0.12100000","339.90000000","2024-05-25T16:29:42.327Z","sell","maker"
"0.12100000","2409.70000000","2024-05-25T16:29:42.327Z","sell","maker"
"0.12100000","1.70000000","2024-05-25T16:27:10.064Z","buy","maker"
"0.12100000","3483.40000000","2024-05-25T16:27:01.067Z","buy","maker"
"0.12100000","342.60000000","2024-05-25T16:27:01.063Z","buy","maker"
"0.12100000","2475.70000000","2024-05-25T16:27:01.056Z","buy","maker"
"0.12100000","1607.10000000","2024-05-25T16:26:46.871Z","buy","maker"
"0.12090000","2896.20000000","2024-05-25T16:26:46.853Z","buy","maker"
"0.12090000","340.00000000","2024-05-25T16:26:46.853Z","buy","maker"
"0.12090000","3212.40000000","2024-05-25T16:26:46.853Z","buy","maker"
"0.12090000","340.00000000","2024-05-25T16:26:46.853Z","buy","maker"
"0.12110000","1.70000000","2024-05-25T16:26:29.662Z","sell","maker"
"0.12110000","315.80000000","2024-05-25T16:26:14.969Z","sell","maker"
"0.12100000","471.60000000","2024-05-25T16:26:14.969Z","sell","maker"
"0.12100000","151.40000000","2024-05-25T16:26:13.626Z","sell","maker"
"0.12090000","50.20000000","2024-05-25T16:22:07.215Z","buy","maker"
"0.12110000","53.10000000","2024-05-25T16:18:49.457Z","sell","maker"
"0.12100000","572.80000000","2024-05-25T16:18:31.602Z","sell","maker"
"0.12100000","39.20000000","2024-05-25T16:18:31.577Z","sell","maker"
"0.12100000","681.60000000","2024-05-25T16:18:31.572Z","sell","maker"
"0.12100000","424.70000000","2024-05-25T16:18:31.570Z","sell","maker"
"0.12100000","913.00000000","2024-05-25T16:18:31.570Z","sell","maker"
"0.12100000","720.80000000","2024-05-25T16:18:31.557Z","sell","maker"
"0.12100000","981.00000000","2024-05-25T16:18:31.556Z","sell","maker"
"0.12100000","1100.00000000","2024-05-25T16:18:31.556Z","sell","maker"
"0.12090000","5769.90000000","2024-05-25T16:17:33.749Z","buy","maker"
"0.12090000","1884.80000000","2024-05-25T16:17:33.704Z","buy","maker"
"0.12070000","470.00000000","2024-05-25T16:13:57.703Z","sell","maker"
"0.12070000","2291.00000000","2024-05-25T16:13:57.703Z","sell","maker"
"0.12070000","35.00000000","2024-05-25T16:13:57.703Z","sell","maker"
"0.12070000","7654.70000000","2024-05-25T16:13:22.515Z","sell","maker"
"0.12070000","2376.20000000","2024-05-25T16:12:22.510Z","sell","maker"
"0.12070000","340.00000000","2024-05-25T16:12:22.510Z","sell","maker"
"0.12070000","340.00000000","2024-05-25T16:12:22.510Z","sell","maker"
"0.12070000","4598.50000000","2024-05-25T16:12:22.303Z","sell","maker"
"0.12050000","171.50000000","2024-05-25T16:11:31.962Z","buy","maker"
"0.12050000","7048.70000000","2024-05-25T16:11:31.962Z","buy","maker"
"0.12050000","5000.00000000","2024-05-25T16:11:31.962Z","buy","maker"
"0.12050000","1100.00000000","2024-05-25T16:11:31.962Z","buy","maker"
"0.12050000","2228.40000000","2024-05-25T16:11:31.962Z","buy","maker"
"0.12050000","376.70000000","2024-05-25T16:11:31.962Z","buy","maker"
"0.12070000","2349.40000000","2024-05-25T16:11:22.257Z","sell","maker"
"0.12070000","706.80000000","2024-05-25T16:11:22.257Z","sell","maker"
"0.12070000","3498.50000000","2024-05-25T16:11:22.006Z","sell","maker"
"0.12070000","1100.00000000","2024-05-25T16:11:22.006Z","sell","maker"
"0.12050000","77.00000000","2024-05-25T16:10:58.788Z","buy","maker"
"0.12070000","161.10000000","2024-05-25T16:10:40.704Z","sell","maker"
"0.12070000","3056.20000000","2024-05-25T16:10:22.007Z","sell","maker"
"0.12070000","3498.50000000","2024-05-25T16:10:21.757Z","sell","maker"
"0.12070000","1100.00000000","2024-05-25T16:10:21.757Z","sell","maker"
"0.12050000","38.30000000","2024-05-25T16:10:19.463Z","buy","maker"
"0.12050000","20440.20000000","2024-05-25T16:10:03.888Z","sell","maker"
"0.12050000","9289.70000000","2024-05-25T16:10:03.888Z","sell","maker"
"0.12050000","4322.00000000","2024-05-25T16:10:03.883Z","sell","maker"
"0.12060000","1201.00000000","2024-05-25T16:09:22.243Z","sell","maker"
"0.12050000","230.90000000","2024-05-25T16:09:22.144Z","buy","maker"
"0.12050000","753.00000000","2024-05-25T16:09:22.140Z","buy","maker"
"0.12050000","100.00000000","2024-05-25T16:09:22.140Z","buy","maker"
"0.12050000","908.20000000","2024-05-25T16:09:22.140Z","buy","maker"
"0.12070000","7654.70000000","2024-05-25T16:09:21.507Z","sell","maker"
"0.12060000","19895.70000000","2024-05-25T16:09:21.485Z","buy","maker"
"0.12060000","1739.50000000","2024-05-25T16:09:21.481Z","buy","maker"
"0.12070000","1440.00000000","2024-05-25T16:09:21.193Z","buy","maker"
"0.12070000","1967.80000000","2024-05-25T16:09:21.193Z","buy","maker"
"0.12070000","1242.20000000","2024-05-25T16:09:21.193Z","buy","maker"
"0.12080000","7654.70000000","2024-05-25T16:09:21.161Z","buy","maker"
"0.12090000","2048.90000000","2024-05-25T16:08:57.277Z","sell","maker"
"0.12090000","1100.00000000","2024-05-25T16:08:57.277Z","sell","maker"
"0.12080000","2310.90000000","2024-05-25T16:08:55.772Z","buy","maker"
"0.12080000","1622.20000000","2024-05-25T16:07:56.007Z","sell","maker"
"0.12080000","6032.50000000","2024-05-25T16:07:55.759Z","sell","maker"
"0.12070000","712.90000000","2024-05-25T16:07:54.844Z","buy","maker"
"0.12070000","2319.80000000","2024-05-25T16:07:20.099Z","sell","maker"
"0.12070000","567.60000000","2024-05-25T16:07:08.772Z","sell","maker"
"0.12070000","656.00000000","2024-05-25T16:07:08.772Z","sell","maker"
"0.12070000","3416.10000000","2024-05-25T16:07:08.759Z","sell","maker"
"0.12060000","201.40000000","2024-05-25T16:07:01.119Z","buy","maker"
"0.12060000","30.00000000","2024-05-25T16:07:01.119Z","buy","maker"
"0.12060000","142.00000000","2024-05-25T16:07:01.119Z","buy","maker"
"0.12070000","7654.70000000","2024-05-25T16:06:55.512Z","sell","maker"
"0.12070000","107.80000000","2024-05-25T16:06:42.776Z","buy","maker"
"0.12070000","123.60000000","2024-05-25T16:06:42.776Z","buy","maker"
"0.12070000","1100.00000000","2024-05-25T16:06:42.719Z","buy","maker"
"0.12070000","6110.70000000","2024-05-25T16:06:42.711Z","buy","maker"
"0.12070000","588.40000000","2024-05-25T16:06:42.711Z","buy","maker"
"0.12070000","1100.00000000","2024-05-25T16:06:42.711Z","buy","maker"
"0.12070000","1100.00000000","2024-05-25T16:06:42.672Z","buy","maker"
"0.12070000","1310.00000000","2024-05-25T16:06:42.672Z","buy","maker"
"0.12070000","588.30000000","2024-05-25T16:06:42.672Z","buy","maker"
"0.12070000","2697.60000000","2024-05-25T16:06:42.664Z","buy","maker"
"0.12070000","1842.60000000","2024-05-25T16:06:42.664Z","buy","maker"
"0.12070000","5000.00000000","2024-05-25T16:06:42.664Z","buy","maker"
"0.12070000","1240.10000000","2024-05-25T16:06:42.664Z","buy","maker"
"0.12070000","1100.00000000","2024-05-25T16:06:42.664Z","buy","maker"
"0.12080000","340.00000000","2024-05-25T16:06:42.655Z","buy","maker"
"0.12080000","7654.70000000","2024-05-25T16:06:42.655Z","buy","maker"
"0.12090000","1143.20000000","2024-05-25T16:05:39.063Z","buy","maker"
"0.12090000","1090.60000000","2024-05-25T16:05:39.063Z","buy","maker"
"0.12090000","2319.80000000","2024-05-25T16:05:34.086Z","buy","maker"
"0.12090000","4244.30000000","2024-05-25T16:05:34.080Z","buy","maker"
"0.12090000","2319.80000000","2024-05-25T16:05:33.848Z","buy","maker"
"0.12090000","340.00000000","2024-05-25T16:05:33.799Z","buy","maker"
"0.12090000","340.00000000","2024-05-25T16:05:33.799Z","buy","maker"
"0.12090000","4639.70000000","2024-05-25T16:05:33.799Z","buy","maker"
"0.12090000","7020.60000000","2024-05-25T16:05:33.799Z","buy","maker"
"0.12090000","1239.60000000","2024-05-25T16:05:33.799Z","buy","maker"
"0.12090000","1082.10000000","2024-05-25T16:05:33.799Z","buy","maker"
"0.12110000","340.00000000","2024-05-25T16:05:02.184Z","sell","maker"
"0.12110000","340.00000000","2024-05-25T16:05:02.184Z","sell","maker"
"0.12110000","8782.40000000","2024-05-25T16:05:02.184Z","sell","maker"
"0.12110000","13611.70000000","2024-05-25T16:05:02.184Z","sell","maker"
"0.12110000","17392.00000000","2024-05-25T16:05:02.184Z","sell","maker"
"0.12110000","3048.20000000","2024-05-25T16:05:02.181Z","sell","maker"
"0.12110000","1018.20000000","2024-05-25T16:05:02.181Z","sell","maker"
"0.12110000","81.80000000","2024-05-25T16:04:59.940Z","sell","maker"
"0.12100000","580.00000000","2024-05-25T16:02:47.162Z","sell","maker"
"0.12100000","580.00000000","2024-05-25T16:02:47.144Z","sell","maker"
"0.12110000","32.80000000","2024-05-25T16:01:49.488Z","sell","maker"
"0.12090000","17.90000000","2024-05-25T16:01:44.759Z","buy","maker"
"0.12110000","65.50000000","2024-05-25T16:00:58.055Z","sell","maker"
"0.12110000","123.10000000","2024-05-25T16:00:42.443Z","sell","maker"
"0.12100000","1159.90000000","2024-05-25T16:00:16.507Z","sell","maker"
"0.12100000","2319.80000000","2024-05-25T16:00:14.493Z","sell","maker"
"0.12100000","2866.00000000","2024-05-25T16:00:14.474Z","sell","maker"
"0.12100000","1227.30000000","2024-05-25T15:58:15.384Z","sell","maker"
"0.12090000","546.40000000","2024-05-25T15:57:44.698Z","buy","maker"
"0.12100000","9010.00000000","2024-05-25T15:54:25.582Z","buy","maker"
"0.12100000","1640.00000000","2024-05-25T15:54:25.582Z","buy","maker"
"0.12110000","340.00000000","2024-05-25T15:54:25.502Z","buy","maker"
"0.12110000","340.00000000","2024-05-25T15:54:25.502Z","buy","maker"
"0.12110000","1861.20000000","2024-05-25T15:54:25.502Z","buy","maker"
"0.12110000","16552.10000000","2024-05-25T15:54:25.502Z","buy","maker"
"0.12120000","1092.80000000","2024-05-25T15:54:25.502Z","buy","maker"
"0.12110000","597.10000000","2024-05-25T15:54:25.431Z","buy","maker"
"0.12110000","20446.80000000","2024-05-25T15:54:25.431Z","buy","maker"
"0.12110000","2354.30000000","2024-05-25T15:54:25.428Z","buy","maker"
"0.12110000","22198.90000000","2024-05-25T15:54:25.427Z","buy","maker"
"0.12110000","1300.00000000","2024-05-25T15:54:25.427Z","buy","maker"
"0.12110000","2651.40000000","2024-05-25T15:54:25.427Z","buy","maker"
"0.12120000","869.90000000","2024-05-25T15:54:25.427Z","buy","maker"
"0.12130000","500.00000000","2024-05-25T15:52:50.025Z","sell","maker"
"0.12130000","815.60000000","2024-05-25T15:50:18.757Z","sell","maker"
"0.12140000","8.20000000","2024-05-25T15:49:13.926Z","sell","maker"
"0.12140000","39.80000000","2024-05-25T15:48:40.198Z","sell","maker"
"0.12130000","1739.90000000","2024-05-25T15:48:30.653Z","buy","maker"
"0.12130000","3477.80000000","2024-05-25T15:48:30.634Z","buy","maker"
"0.12140000","4745.00000000","2024-05-25T15:48:05.135Z","sell","maker"
"0.12140000","1100.00000000","2024-05-25T15:48:05.135Z","sell","maker"
"0.12130000","1.90000000","2024-05-25T15:46:43.122Z","buy","maker"
"0.12130000","2319.80000000","2024-05-25T15:46:16.092Z","sell","maker"
"0.12140000","227.00000000","2024-05-25T15:46:11.987Z","sell","maker"
"0.12130000","340.00000000","2024-05-25T15:46:11.987Z","sell","maker"
"0.12130000","340.00000000","2024-05-25T15:46:11.987Z","sell","maker"
"0.12130000","3440.40000000","2024-05-25T15:46:11.987Z","sell","maker"
"0.12120000","1199.20000000","2024-05-25T15:45:47.257Z","buy","maker"
"0.12120000","2153.20000000","2024-05-25T15:45:47.257Z","buy","maker"
"0.12130000","340.00000000","2024-05-25T15:45:44.038Z","buy","maker"
"0.12130000","340.00000000","2024-05-25T15:45:44.038Z","buy","maker"
"0.12130000","9591.50000000","2024-05-25T15:45:44.038Z","buy","maker"
"0.12130000","7550.00000000","2024-05-25T15:45:44.034Z","buy","maker"
"0.12140000","337.60000000","2024-05-25T15:45:43.935Z","buy","maker"
"0.12140000","340.00000000","2024-05-25T15:45:43.935Z","buy","maker"
"0.12140000","188.00000000","2024-05-25T15:45:43.930Z","buy","maker"
"0.12140000","2210.40000000","2024-05-25T15:45:43.929Z","buy","maker"
"0.12140000","1100.00000000","2024-05-25T15:45:43.898Z","buy","maker"
"0.12140000","1100.00000000","2024-05-25T15:45:43.883Z","buy","maker"
"0.12140000","340.00000000","2024-05-25T15:45:43.883Z","buy","maker"
"0.12140000","340.00000000","2024-05-25T15:45:43.883Z","buy","maker"
"0.12140000","45000.00000000","2024-05-25T15:45:43.883Z","buy","maker"
"0.12140000","3720.50000000","2024-05-25T15:45:43.883Z","buy","maker"
"0.12170000","2247.80000000","2024-05-25T15:45:16.307Z","sell","maker"
"0.12170000","1018.10000000","2024-05-25T15:45:16.307Z","sell","maker"
"0.12160000","1100.00000000","2024-05-25T15:45:16.307Z","sell","maker"
"0.12160000","340.00000000","2024-05-25T15:45:16.307Z","sell","maker"
"0.12160000","340.00000000","2024-05-25T15:45:16.307Z","sell","maker"
"0.12160000","762.00000000","2024-05-25T15:45:16.307Z","sell","maker"
"0.12150000","153.00000000","2024-05-25T15:41:19.810Z","buy","maker"
"0.12170000","1.80000000","2024-05-25T15:39:46.214Z","sell","maker"
"0.12140000","314.30000000","2024-05-25T15:38:33.060Z","buy","maker"
"0.12140000","104.80000000","2024-05-25T15:38:28.126Z","buy","maker"
"0.12150000","340.00000000","2024-05-25T15:38:28.126Z","buy","maker"
"0.12150000","1100.00000000","2024-05-25T15:38:28.126Z","buy","maker"
"0.12170000","80.10000000","2024-05-25T15:32:08.915Z","sell","maker"
"0.12150000","54.40000000","2024-05-25T15:31:21.773Z","buy","maker"
"0.12150000","4919.10000000","2024-05-25T15:31:21.773Z","buy","maker"
"0.12140000","0.80000000","2024-05-25T15:23:22.527Z","buy","maker"
"0.12140000","1209.70000000","2024-05-25T15:23:10.737Z","sell","maker"
"0.12140000","340.00000000","2024-05-25T15:23:10.690Z","sell","maker"
"0.12140000","340.00000000","2024-05-25T15:23:10.690Z","sell","maker"
"0.12140000","2064.30000000","2024-05-25T15:23:10.690Z","sell","maker"
"0.12130000","355.00000000","2024-05-25T15:22:22.499Z","buy","maker"
"0.12140000","1361.60000000","2024-05-25T15:18:26.508Z","buy","maker"
"0.12140000","340.00000000","2024-05-25T15:18:26.496Z","sell","maker"
"0.12140000","1720.80000000","2024-05-25T15:18:26.496Z","sell","maker"
"0.12140000","340.00000000","2024-05-25T15:18:26.496Z","sell","maker"
"0.12140000","4128.60000000","2024-05-25T15:18:26.496Z","sell","maker"
"0.12140000","1100.00000000","2024-05-25T15:18:26.496Z","sell","maker"
"0.12140000","1022.10000000","2024-05-25T15:18:03.695Z","buy","maker"
"0.12140000","2044.20000000","2024-05-25T15:18:03.645Z","buy","maker"
"0.12140000","80.10000000","2024-05-25T15:14:53.279Z","buy","maker"
"0.12140000","5.90000000","2024-05-25T15:14:36.444Z","buy","maker"
"0.12130000","1465.60000000","2024-05-25T15:14:23.578Z","buy","maker"
"0.12130000","700.00000000","2024-05-25T15:14:23.578Z","buy","maker"
"0.12140000","4174.40000000","2024-05-25T15:14:23.578Z","buy","maker"
"0.12140000","340.00000000","2024-05-25T15:14:23.578Z","buy","maker"
"0.12140000","340.00000000","2024-05-25T15:14:23.578Z","buy","maker"
"0.12140000","1880.00000000","2024-05-25T15:14:23.578Z","buy","maker"
"0.12140000","1100.00000000","2024-05-25T15:14:23.578Z","buy","maker"
"0.12160000","814.10000000","2024-05-25T15:12:12.612Z","sell","maker"
"0.12130000","400.00000000","2024-05-25T15:06:14.189Z","buy","maker"
"0.12150000","73.40000000","2024-05-25T15:01:59.480Z","sell","maker"
"0.12150000","10.60000000","2024-05-25T15:01:57.282Z","sell","maker"
"0.12150000","2269.00000000","2024-05-25T15:01:37.733Z","sell","maker"
"0.12150000","1760.00000000","2024-05-25T15:01:37.733Z","sell","maker"
"0.12150000","1100.00000000","2024-05-25T15:01:37.733Z","sell","maker"
"0.12140000","340.00000000","2024-05-25T15:01:37.733Z","sell","maker"
"0.12140000","2023.40000000","2024-05-25T15:01:37.733Z","sell","maker"
"0.12140000","664.10000000","2024-05-25T15:01:37.733Z","sell","maker"
"0.12140000","122.80000000","2024-05-25T15:01:34.854Z","sell","maker"
"0.12140000","62.00000000","2024-05-25T15:01:30.708Z","sell","maker"
"0.12140000","8.20000000","2024-05-25T15:01:29.859Z","sell","maker"
"0.12140000","73.50000000","2024-05-25T14:59:17.172Z","sell","maker"
"0.12140000","1722.20000000","2024-05-25T14:58:11.035Z","sell","maker"
"0.12140000","1100.00000000","2024-05-25T14:58:11.035Z","sell","maker"
"0.12120000","1100.00000000","2024-05-25T14:56:38.474Z","buy","maker"
"0.12110000","69.90000000","2024-05-25T14:50:37.904Z","buy","maker"
"0.12110000","1861.10000000","2024-05-25T14:48:16.434Z","sell","maker"
"0.12110000","340.00000000","2024-05-25T14:46:43.697Z","sell","maker"
"0.12110000","340.00000000","2024-05-25T14:46:43.697Z","sell","maker"
"0.12110000","464.70000000","2024-05-25T14:46:43.697Z","sell","maker"
"0.12110000","3257.60000000","2024-05-25T14:46:42.500Z","sell","maker"
"0.12110000","1100.00000000","2024-05-25T14:46:42.500Z","sell","maker"
"0.12110000","327.90000000","2024-05-25T14:44:07.331Z","sell","maker"
"0.12100000","459.00000000","2024-05-25T14:44:07.331Z","sell","maker"
"0.12100000","912.00000000","2024-05-25T14:44:07.055Z","sell","maker"
"0.12100000","552.20000000","2024-05-25T14:44:07.047Z","sell","maker"
"0.12100000","1371.00000000","2024-05-25T14:44:07.035Z","sell","maker"
"0.12100000","2252.10000000","2024-05-25T14:44:07.030Z","sell","maker"
"0.12100000","522.40000000","2024-05-25T14:44:07.030Z","sell","maker"
"0.12090000","1208.10000000","2024-05-25T14:41:06.354Z","buy","maker"
"0.12080000","340.00000000","2024-05-25T14:37:21.734Z","sell","maker"
"0.12080000","4152.80000000","2024-05-25T14:37:21.734Z","sell","maker"
"0.12100000","1094.60000000","2024-05-25T14:33:37.787Z","buy","maker"
"0.12100000","1948.30000000","2024-05-25T14:33:29.413Z","buy","maker"
"0.12100000","11716.60000000","2024-05-25T14:33:29.413Z","buy","maker"
"0.12100000","12351.50000000","2024-05-25T14:33:00.431Z","buy","maker"
"0.12100000","834.00000000","2024-05-25T14:32:57.562Z","buy","maker"
"0.12100000","1191.00000000","2024-05-25T14:31:49.981Z","sell","maker"
"0.12100000","354.30000000","2024-05-25T14:31:49.960Z","sell","maker"
"0.12100000","414.30000000","2024-05-25T14:31:46.881Z","sell","maker"
"0.12100000","448.60000000","2024-05-25T14:31:44.826Z","sell","maker"
"0.12100000","896.50000000","2024-05-25T14:31:44.809Z","sell","maker"
"0.12100000","848.40000000","2024-05-25T14:31:44.798Z","sell","maker"
"0.12100000","1422.50000000","2024-05-25T14:31:44.798Z","sell","maker"
"0.12090000","760.70000000","2024-05-25T14:30:04.427Z","buy","maker"
"0.12090000","400.00000000","2024-05-25T14:29:13.037Z","buy","maker"
"0.12090000","562.50000000","2024-05-25T14:28:52.684Z","buy","maker"
"0.12090000","5000.00000000","2024-05-25T14:28:52.684Z","buy","maker"
"0.12090000","510.10000000","2024-05-25T14:28:52.684Z","buy","maker"
"0.12090000","1100.00000000","2024-05-25T14:28:52.684Z","buy","maker"
"0.12090000","1020.20000000","2024-05-25T14:25:32.813Z","buy","maker"
"0.12090000","2040.50000000","2024-05-25T14:25:32.708Z","buy","maker"
"0.12090000","1670.80000000","2024-05-25T14:21:52.235Z","buy","maker"
"0.12090000","340.00000000","2024-05-25T14:21:52.235Z","buy","maker"
"0.12090000","1100.00000000","2024-05-25T14:21:52.235Z","buy","maker"
"0.12090000","340.00000000","2024-05-25T14:21:52.235Z","buy","maker"
"0.12090000","4080.90000000","2024-05-25T14:21:52.235Z","buy","maker"
"0.12100000","1117.40000000","2024-05-25T14:17:58.818Z","sell","maker"
"0.12100000","340.00000000","2024-05-25T14:17:58.818Z","sell","maker"
"0.12100000","340.00000000","2024-05-25T14:17:58.818Z","sell","maker"
"0.12100000","1400.00000000","2024-05-25T14:17:58.818Z","sell","maker"
"0.12100000","3787.60000000","2024-05-25T14:17:58.818Z","sell","maker"
"0.12100000","8787.70000000","2024-05-25T14:17:58.818Z","sell","maker"
"0.12100000","1100.00000000","2024-05-25T14:17:58.818Z","sell","maker"
"0.12100000","1989.40000000","2024-05-25T14:17:58.818Z","sell","maker"
"0.12100000","2722.40000000","2024-05-25T14:17:58.818Z","sell","maker"
"0.12090000","2234.90000000","2024-05-25T14:17:56.453Z","sell","maker"
"0.12090000","1638.00000000","2024-05-25T14:17:56.434Z","sell","maker"
"0.12080000","4960.80000000","2024-05-25T14:16:53.918Z","buy","maker"
"0.12090000","340.00000000","2024-05-25T14:15:17.697Z","buy","maker"
"0.12090000","1368.10000000","2024-05-25T14:15:17.697Z","buy","maker"
"0.12090000","1739.10000000","2024-05-25T14:14:34.713Z","buy","maker"
"0.12090000","2238.40000000","2024-05-25T14:14:31.121Z","buy","maker"
"0.12090000","762.20000000","2024-05-25T14:14:30.590Z","buy","maker"
"0.12100000","204.50000000","2024-05-25T14:13:08.684Z","sell","maker"
"0.12100000","538.70000000","2024-05-25T14:12:55.212Z","buy","maker"
"0.12100000","2071.10000000","2024-05-25T14:12:33.797Z","buy","maker"
"0.12100000","2045.00000000","2024-05-25T14:12:33.786Z","sell","maker"
"0.12100000","819.60000000","2024-05-25T14:12:33.786Z","sell","maker"
"0.12100000","377.20000000","2024-05-25T14:11:37.769Z","sell","maker"
"0.12100000","819.50000000","2024-05-25T14:11:37.769Z","sell","maker"
"0.12110000","34.40000000","2024-05-25T14:11:10.699Z","sell","maker"
"0.12110000","2560.10000000","2024-05-25T14:11:10.699Z","sell","maker"
"0.12100000","340.00000000","2024-05-25T14:11:10.699Z","sell","maker"
"0.12100000","1078.70000000","2024-05-25T14:11:10.699Z","sell","maker"
"0.12100000","12.40000000","2024-05-25T14:10:48.322Z","sell","maker"
"0.12090000","547.90000000","2024-05-25T14:08:13.812Z","buy","maker"
"0.12080000","111.20000000","2024-05-25T14:05:11.179Z","buy","maker"
"0.12090000","2071.10000000","2024-05-25T14:05:06.329Z","sell","maker"
"0.12090000","762.20000000","2024-05-25T14:05:06.067Z","sell","maker"
"0.12070000","326.10000000","2024-05-25T14:04:39.484Z","buy","maker"
"0.12090000","100.00000000","2024-05-25T14:04:12.794Z","sell","maker"
"0.12080000","30.00000000","2024-05-25T14:01:14.015Z","buy","maker"
"0.12090000","852.70000000","2024-05-25T14:00:58.483Z","sell","maker"
"0.12080000","2255.80000000","2024-05-25T13:58:31.044Z","buy","maker"
"0.12080000","798.70000000","2024-05-25T13:58:31.044Z","buy","maker"
"0.12090000","132.80000000","2024-05-25T13:56:51.882Z","sell","maker"
"0.12090000","8.70000000","2024-05-25T13:51:51.454Z","sell","maker"
"0.12080000","32.00000000","2024-05-25T13:50:18.993Z","buy","maker"
"0.12090000","1897.50000000","2024-05-25T13:40:36.105Z","buy","maker"
"0.12090000","1815.30000000","2024-05-25T13:39:35.536Z","sell","maker"
"0.12090000","3507.80000000","2024-05-25T13:39:35.316Z","sell","maker"
"0.12090000","122.80000000","2024-05-25T13:37:48.576Z","sell","maker"
"0.12090000","738.30000000","2024-05-25T13:35:13.027Z","buy","maker"
"0.12090000","1021.20000000","2024-05-25T13:35:12.837Z","buy","maker"
"0.12090000","3777.70000000","2024-05-25T13:35:12.817Z","buy","maker"
"0.12100000","81.80000000","2024-05-25T13:34:34.205Z","sell","maker"
"0.12100000","160.80000000","2024-05-25T13:34:14.858Z","sell","maker"
"0.12100000","2915.60000000","2024-05-25T13:32:02.680Z","sell","maker"
"0.12100000","1100.00000000","2024-05-25T13:32:02.680Z","sell","maker"
"0.12090000","1021.20000000","2024-05-25T13:30:31.761Z","sell","maker"
"0.12090000","588.30000000","2024-05-25T13:30:30.953Z","sell","maker"
"0.12090000","114.50000000","2024-05-25T13:30:30.942Z","sell","maker"
"0.12090000","365.20000000","2024-05-25T13:30:30.942Z","sell","maker"
"0.12090000","1142.50000000","2024-05-25T13:30:00.439Z","sell","maker"
"0.12090000","2305.50000000","2024-05-25T13:30:00.428Z","sell","maker"
"0.12080000","269.30000000","2024-05-25T13:29:34.046Z","buy","maker"
"0.12070000","74.00000000","2024-05-25T13:26:37.280Z","buy","maker"
"0.12090000","123.00000000","2024-05-25T13:26:24.643Z","sell","maker"
"0.12090000","1168.80000000","2024-05-25T13:24:31.439Z","buy","maker"
"0.12090000","145.50000000","2024-05-25T13:24:13.763Z","buy","maker"
"0.12100000","200.00000000","2024-05-25T13:24:13.009Z","sell","maker"
"0.12090000","868.80000000","2024-05-25T13:22:39.426Z","buy","maker"
"0.12080000","1174.50000000","2024-05-25T13:22:19.577Z","buy","maker"
"0.12090000","1054.70000000","2024-05-25T13:22:19.577Z","buy","maker"
"0.12100000","151.40000000","2024-05-25T13:21:19.724Z","sell","maker"
"0.12100000","836.30000000","2024-05-25T13:20:35.015Z","sell","maker"
"0.12100000","186.40000000","2024-05-25T13:20:35.015Z","sell","maker"
"0.12100000","1475.90000000","2024-05-25T13:20:17.844Z","sell","maker"
"0.12100000","1851.20000000","2024-05-25T13:20:17.844Z","sell","maker"
"0.12100000","1100.00000000","2024-05-25T13:20:17.844Z","sell","maker"
"0.12100000","4818.80000000","2024-05-25T13:17:59.948Z","sell","maker"
"0.12090000","1227.00000000","2024-05-25T13:17:06.350Z","sell","maker"
"0.12090000","2113.60000000","2024-05-25T13:17:06.240Z","sell","maker"
"0.12090000","1092.80000000","2024-05-25T13:16:31.272Z","buy","maker"
"0.12090000","2382.20000000","2024-05-25T13:16:30.647Z","buy","maker"
"0.12090000","2185.60000000","2024-05-25T13:16:30.647Z","buy","maker"
"0.12100000","1597.60000000","2024-05-25T13:13:27.143Z","buy","maker"
"0.12100000","1612.40000000","2024-05-25T13:13:27.143Z","buy","maker"
"0.12100000","387.60000000","2024-05-25T13:13:03.665Z","buy","maker"
"0.12110000","24.50000000","2024-05-25T13:08:51.258Z","sell","maker"
"0.12110000","1604.40000000","2024-05-25T13:07:12.094Z","sell","maker"
"0.12120000","1046.20000000","2024-05-25T13:06:39.903Z","sell","maker"
"0.12110000","309.10000000","2024-05-25T13:06:39.903Z","sell","maker"
"0.12110000","229.00000000","2024-05-25T13:06:27.747Z","sell","maker"
"0.12090000","392.60000000","2024-05-25T13:02:33.928Z","buy","maker"
"0.12090000","7.70000000","2024-05-25T12:57:40.347Z","buy","maker"
"0.12110000","1766.40000000","2024-05-25T12:54:21.379Z","sell","maker"
"0.12090000","11632.30000000","2024-05-25T12:50:23.853Z","buy","maker"
"0.12100000","4152.80000000","2024-05-25T12:50:23.853Z","buy","maker"
"0.12100000","437.90000000","2024-05-25T12:50:23.853Z","buy","maker"
"0.12110000","3327.10000000","2024-05-25T12:46:01.574Z","buy","maker"
"0.12110000","46.10000000","2024-05-25T12:46:01.574Z","buy","maker"
"0.12110000","799.60000000","2024-05-25T12:46:01.574Z","buy","maker"
"0.12110000","63.10000000","2024-05-25T12:45:49.265Z","buy","maker"
"0.12110000","13.00000000","2024-05-25T12:45:21.687Z","buy","maker"
"0.12110000","1236.00000000","2024-05-25T12:45:21.687Z","buy","maker"
"0.12130000","809.60000000","2024-05-25T12:42:22.345Z","buy","maker"
"0.12130000","925.80000000","2024-05-25T12:42:22.327Z","buy","maker"
"0.12140000","107.20000000","2024-05-25T12:40:57.330Z","sell","maker"
"0.12130000","782.50000000","2024-05-25T12:40:41.500Z","buy","maker"
"0.12130000","617.80000000","2024-05-25T12:38:46.543Z","buy","maker"
"0.12130000","1.40000000","2024-05-25T12:38:26.128Z","buy","maker"
"0.12140000","33.70000000","2024-05-25T12:38:19.016Z","sell","maker"
"0.12140000","92.70000000","2024-05-25T12:38:18.039Z","sell","maker"
"0.12120000","819.80000000","2024-05-25T12:37:32.415Z","buy","maker"
"0.12130000","340.00000000","2024-05-25T12:37:32.415Z","buy","maker"
"0.12130000","170.00000000","2024-05-25T12:37:32.415Z","buy","maker"
"0.12130000","2888.90000000","2024-05-25T12:37:32.415Z","buy","maker"
"0.12140000","1735.40000000","2024-05-25T12:33:26.766Z","sell","maker"
"0.12140000","1100.00000000","2024-05-25T12:31:02.569Z","buy","maker"
"0.12150000","30.70000000","2024-05-25T12:30:51.368Z","sell","maker"
"0.12160000","640.90000000","2024-05-25T12:29:43.526Z","sell","maker"
"0.12150000","3369.90000000","2024-05-25T12:29:43.526Z","sell","maker"
"0.12130000","131.70000000","2024-05-25T12:28:05.277Z","buy","maker"
"0.12140000","75.20000000","2024-05-25T12:26:20.059Z","buy","maker"
"0.12150000","6.20000000","2024-05-25T12:22:20.401Z","sell","maker"
"0.12130000","64.00000000","2024-05-25T12:21:40.854Z","buy","maker"
"0.12130000","1998.30000000","2024-05-25T12:20:40.672Z","buy","maker"
"0.12130000","37.80000000","2024-05-25T12:19:55.109Z","buy","maker"
"0.12130000","886.90000000","2024-05-25T12:17:25.805Z","buy","maker"
"0.12130000","2911.40000000","2024-05-25T12:16:33.860Z","buy","maker"
"0.12120000","123.60000000","2024-05-25T12:15:38.585Z","buy","maker"
"0.12130000","340.00000000","2024-05-25T12:14:45.684Z","sell","maker"
"0.12130000","340.00000000","2024-05-25T12:14:45.684Z","sell","maker"
"0.12130000","4639.70000000","2024-05-25T12:14:45.684Z","sell","maker"
"0.12110000","1648.80000000","2024-05-25T12:14:24.427Z","buy","maker"
"0.12110000","240.70000000","2024-05-25T12:14:24.226Z","buy","maker"
"0.12110000","408.00000000","2024-05-25T12:13:40.101Z","buy","maker"
"0.12110000","6526.00000000","2024-05-25T12:10:28.000Z","buy","maker"
"0.12120000","170.00000000","2024-05-25T12:10:25.919Z","buy","maker"
"0.12120000","340.00000000","2024-05-25T12:10:25.919Z","buy","maker"
"0.12140000","335.90000000","2024-05-25T12:09:41.303Z","sell","maker"
"0.12130000","340.00000000","2024-05-25T12:09:40.879Z","buy","maker"
"0.12130000","340.00000000","2024-05-25T12:09:40.827Z","buy","maker"
"0.12130000","340.00000000","2024-05-25T12:09:40.827Z","buy","maker"
"0.12130000","2788.20000000","2024-05-25T12:09:40.672Z","buy","maker"
"0.12130000","991.80000000","2024-05-25T12:09:40.661Z","buy","maker"
"0.12130000","20335.70000000","2024-05-25T12:09:40.661Z","buy","maker"
"0.12130000","1903.00000000","2024-05-25T12:09:40.661Z","buy","maker"
"0.12130000","21075.90000000","2024-05-25T12:09:40.661Z","buy","maker"
"0.12130000","21560.90000000","2024-05-25T12:09:40.656Z","buy","maker"
"0.12130000","1022.70000000","2024-05-25T12:09:34.162Z","buy","maker"
"0.12140000","1100.00000000","2024-05-25T12:09:34.162Z","buy","maker"
"0.12130000","1340.50000000","2024-05-25T12:07:50.738Z","buy","maker"
"0.12140000","340.00000000","2024-05-25T12:07:50.738Z","buy","maker"
"0.12140000","340.00000000","2024-05-25T12:07:50.738Z","buy","maker"
"0.12140000","1100.00000000","2024-05-25T12:07:50.738Z","buy","maker"
"0.12140000","621.40000000","2024-05-25T12:04:39.076Z","buy","maker"
"0.12140000","340.00000000","2024-05-25T12:04:14.082Z","sell","maker"
"0.12140000","340.00000000","2024-05-25T12:04:14.082Z","sell","maker"
"0.12140000","1265.30000000","2024-05-25T12:04:14.082Z","sell","maker"
"0.12140000","1100.00000000","2024-05-25T12:04:14.082Z","sell","maker"
"0.12130000","7.00000000","2024-05-25T12:03:49.028Z","sell","maker"
"0.12130000","93.70000000","2024-05-25T12:03:08.561Z","sell","maker"
"0.12120000","182.30000000","2024-05-25T11:55:27.975Z","buy","maker"
"0.12140000","621.30000000","2024-05-25T11:53:57.920Z","buy","maker"
"0.12140000","1242.70000000","2024-05-25T11:50:24.674Z","buy","maker"
"0.12140000","121.80000000","2024-05-25T11:50:14.757Z","buy","maker"
"0.12140000","163.40000000","2024-05-25T11:50:05.144Z","buy","maker"
"0.12180000","273.00000000","2024-05-25T11:47:31.478Z","sell","maker"
"0.12170000","340.00000000","2024-05-25T11:47:31.478Z","sell","maker"
"0.12170000","340.00000000","2024-05-25T11:47:31.478Z","sell","maker"
"0.12170000","1889.50000000","2024-05-25T11:47:31.478Z","sell","maker"
"0.12170000","1100.00000000","2024-05-25T11:47:31.478Z","sell","maker"
"0.12170000","1734.60000000","2024-05-25T11:47:31.478Z","sell","maker"
"0.12170000","1803.70000000","2024-05-25T11:47:31.478Z","sell","maker"
"0.12170000","2485.40000000","2024-05-25T11:47:31.478Z","sell","maker"
"0.12150000","10298.40000000","2024-05-25T11:46:15.985Z","buy","maker"
"0.12160000","1.30000000","2024-05-25T11:40:19.818Z","buy","maker"
"0.12160000","1271.00000000","2024-05-25T11:40:01.964Z","buy","maker"
"0.12170000","340.00000000","2024-05-25T11:39:11.679Z","sell","maker"
"0.12170000","340.00000000","2024-05-25T11:39:11.679Z","sell","maker"
"0.12170000","3629.90000000","2024-05-25T11:39:11.679Z","sell","maker"
"0.12170000","1974.50000000","2024-05-25T11:38:55.851Z","sell","maker"
"0.12170000","3617.90000000","2024-05-25T11:38:44.572Z","sell","maker"
"0.12170000","1469.90000000","2024-05-25T11:38:25.415Z","sell","maker"
"0.12170000","1221.50000000","2024-05-25T11:38:25.409Z","sell","maker"
"0.12170000","3251.60000000","2024-05-25T11:38:25.369Z","sell","maker"
"0.12170000","1939.60000000","2024-05-25T11:38:25.337Z","sell","maker"
"0.12170000","3231.20000000","2024-05-25T11:38:25.333Z","sell","maker"
"0.12160000","1660.30000000","2024-05-25T11:37:39.447Z","buy","maker"
"0.12160000","499.10000000","2024-05-25T11:33:01.556Z","buy","maker"
"0.12160000","554.60000000","2024-05-25T11:32:51.537Z","buy","maker"
"0.12160000","23.70000000","2024-05-25T11:32:44.838Z","buy","maker"
"0.12170000","616.20000000","2024-05-25T11:32:41.527Z","buy","maker"
"0.12170000","344.70000000","2024-05-25T11:32:31.525Z","buy","maker"
"0.12180000","340.00000000","2024-05-25T11:32:31.525Z","buy","maker"
"0.12180000","760.80000000","2024-05-25T11:32:21.511Z","buy","maker"
"0.12190000","1490.00000000","2024-05-25T11:32:11.038Z","buy","maker"
"0.12190000","45000.00000000","2024-05-25T11:32:11.038Z","buy","maker"
"0.12200000","292.60000000","2024-05-25T11:32:11.016Z","buy","maker"
"0.12200000","8549.40000000","2024-05-25T11:32:11.011Z","buy","maker"
"0.12200000","11493.70000000","2024-05-25T11:32:11.011Z","buy","maker"
"0.12200000","6960.50000000","2024-05-25T11:32:10.993Z","buy","maker"
"0.12200000","340.00000000","2024-05-25T11:32:10.993Z","buy","maker"
"0.12200000","340.00000000","2024-05-25T11:32:10.993Z","buy","maker"
"0.12200000","20335.70000000","2024-05-25T11:32:10.993Z","buy","maker"
"0.12200000","13388.90000000","2024-05-25T11:32:10.993Z","buy","maker"
"0.12200000","10.00000000","2024-05-25T11:32:10.993Z","buy","maker"
"0.12230000","3973.00000000","2024-05-25T11:31:31.207Z","sell","maker"
"0.12220000","340.00000000","2024-05-25T11:31:21.403Z","buy","maker"
"0.12220000","340.00000000","2024-05-25T11:31:21.403Z","buy","maker"
"0.12220000","806.90000000","2024-05-25T11:31:21.403Z","buy","maker"
"0.12220000","1762.20000000","2024-05-25T11:31:20.980Z","buy","maker"
"0.12220000","340.00000000","2024-05-25T11:31:20.980Z","buy","maker"
"0.12220000","340.00000000","2024-05-25T11:31:20.980Z","buy","maker"
"0.12220000","2870.30000000","2024-05-25T11:31:20.980Z","buy","maker"
"0.12220000","4079.50000000","2024-05-25T11:31:20.976Z","buy","maker"
"0.12220000","806.80000000","2024-05-25T11:31:20.976Z","buy","maker"
"0.12220000","11000.00000000","2024-05-25T11:30:56.409Z","buy","maker"
"0.12220000","2789.10000000","2024-05-25T11:30:42.419Z","buy","maker"
"0.12220000","908.50000000","2024-05-25T11:30:42.419Z","buy","maker"
"0.12220000","2535.70000000","2024-05-25T11:30:42.419Z","buy","maker"
"0.12220000","1935.10000000","2024-05-25T11:30:42.419Z","buy","maker"
"0.12220000","3428.60000000","2024-05-25T11:30:42.419Z","buy","maker"
"0.12220000","66.00000000","2024-05-25T11:30:03.628Z","buy","maker"
"0.12230000","705.10000000","2024-05-25T11:29:39.026Z","sell","maker"
"0.12220000","7721.70000000","2024-05-25T11:29:31.510Z","buy","maker"
"0.12220000","1272.30000000","2024-05-25T11:29:31.510Z","buy","maker"
"0.12230000","1817.10000000","2024-05-25T11:29:29.423Z","buy","maker"
"0.12220000","385.80000000","2024-05-25T11:27:15.070Z","buy","maker"
"0.12240000","20138.30000000","2024-05-25T11:26:18.120Z","sell","maker"
"0.12240000","21305.70000000","2024-05-25T11:26:18.120Z","sell","maker"
"0.12240000","340.00000000","2024-05-25T11:26:18.120Z","sell","maker"
"0.12240000","2628.60000000","2024-05-25T11:26:18.120Z","sell","maker"
"0.12230000","1005.50000000","2024-05-25T11:25:04.156Z","buy","maker"
"0.12230000","880.80000000","2024-05-25T11:24:34.045Z","buy","maker"
"0.12240000","1000.00000000","2024-05-25T11:23:18.280Z","sell","maker"
"0.12230000","127.00000000","2024-05-25T11:21:49.861Z","buy","maker"
"0.12230000","3.20000000","2024-05-25T11:18:40.570Z","buy","maker"
"0.12230000","57.70000000","2024-05-25T11:16:18.300Z","buy","maker"
"0.12250000","4197.30000000","2024-05-25T11:14:19.756Z","sell","maker"
"0.12240000","1100.00000000","2024-05-25T11:14:19.379Z","buy","maker"
"0.12230000","2483.90000000","2024-05-25T11:14:19.371Z","buy","maker"
"0.12230000","1800.00000000","2024-05-25T11:14:19.371Z","buy","maker"
"0.12230000","1100.00000000","2024-05-25T11:14:19.371Z","buy","maker"
"0.12240000","2022.10000000","2024-05-25T11:14:19.371Z","buy","maker"
"0.12240000","1100.00000000","2024-05-25T11:14:19.371Z","buy","maker"
"0.12240000","327.30000000","2024-05-25T11:14:19.362Z","buy","maker"