"price","volume","time","side","orderType"
"0.25030000","110.80000000","2024-05-25T21:53:02.565Z","sell","maker"
"0.25050000","102.80000000","2024-05-25T21:52:43.120Z","sell","maker"
"0.25060000","155.60000000","2024-05-25T21:51:32.327Z","sell","maker"
"0.25050000","2806.20000000","2024-05-25T21:49:36.927Z","sell","maker"
"0.25050000","280.00000000","2024-05-25T21:49:36.927Z","sell","maker"
"0.25040000","2.20000000","2024-05-25T21:48:43.375Z","sell","maker"
"0.25040000","15.90000000","2024-05-25T21:48:11.338Z","sell","maker"
"0.25080000","337.70000000","2024-05-25T21:47:24.920Z","sell","maker"
"0.25080000","280.00000000","2024-05-25T21:47:24.920Z","sell","maker"
"0.25080000","989.30000000","2024-05-25T21:47:24.920Z","sell","maker"
"0.25080000","264.70000000","2024-05-25T21:47:24.920Z","sell","maker"
"0.25080000","680.00000000","2024-05-25T21:47:24.920Z","sell","maker"
"0.25070000","1300.00000000","2024-05-25T21:47:24.920Z","sell","maker"
"0.25070000","124.50000000","2024-05-25T21:47:24.920Z","sell","maker"
"0.25070000","155.50000000","2024-05-25T21:46:59.659Z","sell","maker"
"0.25050000","54.50000000","2024-05-25T21:46:21.563Z","sell","maker"
"0.25050000","224.40000000","2024-05-25T21:45:45.387Z","sell","maker"
"0.25050000","280.00000000","2024-05-25T21:45:45.387Z","sell","maker"
"0.25010000","154.60000000","2024-05-25T21:45:34.364Z","buy","maker"
"0.25010000","4.10000000","2024-05-25T21:45:26.989Z","buy","maker"
"0.25000000","310.10000000","2024-05-25T21:44:10.016Z","buy","maker"
"0.25010000","866.90000000","2024-05-25T21:44:10.016Z","buy","maker"
"0.25010000","1300.00000000","2024-05-25T21:44:10.016Z","buy","maker"
"0.25030000","1300.00000000","2024-05-25T21:43:07.712Z","buy","maker"
"0.25030000","278.50000000","2024-05-25T21:43:07.712Z","buy","maker"
"0.25020000","8581.20000000","2024-05-25T21:42:33.854Z","buy","maker"
"0.25030000","1300.00000000","2024-05-25T21:42:33.845Z","buy","maker"
"0.25050000","8782.70000000","2024-05-25T21:42:10.123Z","buy","maker"
"0.25050000","280.00000000","2024-05-25T21:42:10.123Z","buy","maker"
"0.25060000","280.00000000","2024-05-25T21:42:10.123Z","buy","maker"
"0.25080000","280.00000000","2024-05-25T21:42:06.003Z","buy","maker"
"0.25100000","57.90000000","2024-05-25T21:41:49.277Z","sell","maker"
"0.25010000","139.20000000","2024-05-25T21:40:33.661Z","buy","maker"
"0.25020000","280.00000000","2024-05-25T21:39:55.337Z","buy","maker"
"0.25030000","826.70000000","2024-05-25T21:39:22.184Z","sell","maker"
"0.25010000","47.80000000","2024-05-25T21:38:14.905Z","buy","maker"
"0.25060000","144.50000000","2024-05-25T21:37:35.492Z","sell","maker"
"0.25050000","1.50000000","2024-05-25T21:36:57.306Z","buy","maker"
"0.24970000","0.20000000","2024-05-25T21:35:30.339Z","buy","maker"
"0.24980000","492.60000000","2024-05-25T21:34:49.094Z","buy","maker"
"0.24980000","1300.00000000","2024-05-25T21:34:49.094Z","buy","maker"
"0.24980000","77.80000000","2024-05-25T21:34:49.094Z","buy","maker"
"0.24990000","280.00000000","2024-05-25T21:34:49.094Z","buy","maker"
"0.25010000","400.80000000","2024-05-25T21:34:23.133Z","sell","maker"
"0.24980000","202.20000000","2024-05-25T21:32:09.866Z","buy","maker"
"0.24990000","20.00000000","2024-05-25T21:31:59.605Z","buy","maker"
"0.24990000","4.80000000","2024-05-25T21:31:32.467Z","buy","maker"
"0.25010000","14.70000000","2024-05-25T21:29:51.385Z","buy","maker"
"0.25010000","139.00000000","2024-05-25T21:29:49.408Z","buy","maker"
"0.25020000","139.00000000","2024-05-25T21:29:13.379Z","sell","maker"
"0.24990000","43.30000000","2024-05-25T21:28:34.375Z","buy","maker"
"0.25030000","14.70000000","2024-05-25T21:28:21.015Z","sell","maker"
"0.24990000","138.90000000","2024-05-25T21:28:18.785Z","buy","maker"
"0.25030000","189.90000000","2024-05-25T21:28:16.421Z","sell","maker"
"0.25010000","280.00000000","2024-05-25T21:27:52.339Z","buy","maker"
"0.25050000","138.90000000","2024-05-25T21:27:49.353Z","sell","maker"
"0.25000000","5.30000000","2024-05-25T21:27:37.412Z","buy","maker"
"0.25010000","280.00000000","2024-05-25T21:27:37.216Z","sell","maker"
"0.24990000","784.90000000","2024-05-25T21:27:36.831Z","sell","maker"
"0.24990000","4215.10000000","2024-05-25T21:27:36.826Z","sell","maker"
"0.24980000","189.80000000","2024-05-25T21:27:04.301Z","sell","maker"
"0.24970000","276.40000000","2024-05-25T21:25:06.616Z","buy","maker"
"0.24970000","3.60000000","2024-05-25T21:24:59.648Z","buy","maker"
"0.25020000","280.00000000","2024-05-25T21:24:29.201Z","sell","maker"
"0.25010000","2067.30000000","2024-05-25T21:24:29.127Z","sell","maker"
"0.25010000","6524.60000000","2024-05-25T21:24:29.126Z","sell","maker"
"0.25010000","2806.20000000","2024-05-25T21:24:29.126Z","sell","maker"
"0.25010000","280.00000000","2024-05-25T21:24:29.126Z","sell","maker"
"0.25000000","910.00000000","2024-05-25T21:24:29.123Z","sell","maker"
"0.25000000","276.00000000","2024-05-25T21:24:29.123Z","sell","maker"
"0.24990000","280.00000000","2024-05-25T21:24:29.123Z","sell","maker"
"0.24990000","1300.00000000","2024-05-25T21:24:29.117Z","sell","maker"
"0.24990000","280.00000000","2024-05-25T21:24:29.117Z","sell","maker"
"0.25000000","4.00000000","2024-05-25T21:24:13.193Z","sell","maker"
"0.25000000","42.90000000","2024-05-25T21:23:06.775Z","sell","maker"
"0.24990000","280.00000000","2024-05-25T21:22:10.827Z","sell","maker"
"0.24980000","5282.10000000","2024-05-25T21:22:10.034Z","buy","maker"
"0.24990000","280.00000000","2024-05-25T21:22:10.034Z","buy","maker"
"0.24980000","592.70000000","2024-05-25T21:22:10.020Z","buy","maker"
"0.24990000","280.00000000","2024-05-25T21:22:10.020Z","buy","maker"
"0.24980000","3152.10000000","2024-05-25T21:22:10.014Z","buy","maker"
"0.24980000","1300.00000000","2024-05-25T21:22:10.014Z","buy","maker"
"0.24990000","280.00000000","2024-05-25T21:22:10.014Z","buy","maker"
"0.25000000","91.50000000","2024-05-25T21:21:16.229Z","buy","maker"
"0.25000000","3700.10000000","2024-05-25T21:21:16.229Z","buy","maker"
"0.25000000","10.00000000","2024-05-25T21:21:16.229Z","buy","maker"
"0.25010000","610.00000000","2024-05-25T21:21:16.229Z","buy","maker"
"0.25010000","280.00000000","2024-05-25T21:21:16.229Z","buy","maker"
"0.25010000","2063.60000000","2024-05-25T21:21:16.229Z","buy","maker"
"0.25010000","1058.40000000","2024-05-25T21:21:16.229Z","buy","maker"
"0.25020000","1113.10000000","2024-05-25T21:21:16.229Z","buy","maker"
"0.25020000","280.00000000","2024-05-25T21:21:16.229Z","buy","maker"
"0.25040000","106.10000000","2024-05-25T21:21:16.229Z","buy","maker"
"0.25060000","280.00000000","2024-05-25T21:21:08.657Z","buy","maker"
"0.25100000","65.90000000","2024-05-25T21:21:06.543Z","sell","maker"
"0.25090000","4727.00000000","2024-05-25T21:20:47.924Z","buy","maker"
"0.25160000","190.30000000","2024-05-25T21:18:37.033Z","sell","maker"
"0.25130000","2806.20000000","2024-05-25T21:18:32.041Z","sell","maker"
"0.25110000","280.00000000","2024-05-25T21:18:06.715Z","sell","maker"
"0.25120000","2872.00000000","2024-05-25T21:18:06.702Z","sell","maker"
"0.25120000","2806.20000000","2024-05-25T21:18:06.702Z","sell","maker"
"0.25120000","280.00000000","2024-05-25T21:18:06.702Z","sell","maker"
"0.25110000","280.00000000","2024-05-25T21:18:06.699Z","sell","maker"
"0.25080000","5976.00000000","2024-05-25T21:16:31.367Z","buy","maker"
"0.25090000","280.00000000","2024-05-25T21:16:31.367Z","buy","maker"
"0.25090000","811.20000000","2024-05-25T21:16:31.367Z","buy","maker"
"0.25160000","105.30000000","2024-05-25T21:16:11.132Z","sell","maker"
"0.25150000","280.00000000","2024-05-25T21:16:11.132Z","sell","maker"
"0.25140000","280.00000000","2024-05-25T21:15:58.284Z","sell","maker"
"0.25130000","8.60000000","2024-05-25T21:15:30.398Z","sell","maker"
"0.25120000","280.00000000","2024-05-25T21:15:30.398Z","sell","maker"
"0.25080000","570.00000000","2024-05-25T21:15:20.600Z","buy","maker"
"0.25090000","280.00000000","2024-05-25T21:15:20.600Z","buy","maker"
"0.25090000","800.00000000","2024-05-25T21:15:20.561Z","buy","maker"
"0.25110000","280.00000000","2024-05-25T21:15:20.427Z","sell","maker"
"0.25090000","5212.90000000","2024-05-25T21:15:19.730Z","buy","maker"
"0.25090000","1768.00000000","2024-05-25T21:15:19.729Z","buy","maker"
"0.25090000","8019.10000000","2024-05-25T21:15:19.718Z","buy","maker"
"0.25110000","9711.50000000","2024-05-25T21:15:19.716Z","buy","maker"
"0.25120000","690.00000000","2024-05-25T21:15:19.716Z","buy","maker"
"0.25130000","4670.00000000","2024-05-25T21:15:19.706Z","buy","maker"
"0.25130000","4743.90000000","2024-05-25T21:15:19.706Z","buy","maker"
"0.25130000","280.00000000","2024-05-25T21:15:19.706Z","buy","maker"
"0.25160000","562.00000000","2024-05-25T21:14:43.568Z","sell","maker"
"0.25180000","461.20000000","2024-05-25T21:14:33.745Z","sell","maker"
"0.25160000","280.00000000","2024-05-25T21:14:28.250Z","buy","maker"
"0.25190000","4.00000000","2024-05-25T21:14:25.960Z","sell","maker"
"0.25180000","1425.70000000","2024-05-25T21:14:06.618Z","sell","maker"
"0.25200000","280.00000000","2024-05-25T21:13:55.674Z","sell","maker"
"0.25200000","280.00000000","2024-05-25T21:13:55.629Z","sell","maker"
"0.25210000","872.10000000","2024-05-25T21:13:50.914Z","sell","maker"
"0.25210000","280.00000000","2024-05-25T21:13:50.914Z","sell","maker"
"0.25130000","198.20000000","2024-05-25T21:13:41.844Z","buy","maker"
"0.25140000","3773.60000000","2024-05-25T21:13:41.844Z","buy","maker"
"0.25140000","793.10000000","2024-05-25T21:13:41.844Z","buy","maker"
"0.25160000","2385.10000000","2024-05-25T21:13:41.844Z","buy","maker"
"0.25180000","3687.20000000","2024-05-25T21:13:41.696Z","buy","maker"
"0.25200000","280.00000000","2024-05-25T21:13:41.696Z","buy","maker"
"0.25220000","280.00000000","2024-05-25T21:13:41.696Z","buy","maker"
"0.25190000","15000.00000000","2024-05-25T21:13:41.691Z","buy","maker"
"0.25190000","5613.70000000","2024-05-25T21:13:41.691Z","buy","maker"
"0.25190000","105.50000000","2024-05-25T21:13:41.691Z","buy","maker"
"0.25200000","850.00000000","2024-05-25T21:13:41.691Z","buy","maker"
"0.25210000","280.00000000","2024-05-25T21:13:41.691Z","buy","maker"
"0.25210000","0.10000000","2024-05-25T21:13:41.691Z","buy","maker"
"0.25210000","1536.80000000","2024-05-25T21:13:41.691Z","buy","maker"
"0.25210000","7720.00000000","2024-05-25T21:13:41.691Z","buy","maker"
"0.25220000","280.00000000","2024-05-25T21:13:41.691Z","buy","maker"
"0.25210000","510.90000000","2024-05-25T21:13:41.684Z","buy","maker"
"0.25210000","2806.20000000","2024-05-25T21:13:41.684Z","buy","maker"
"0.25210000","1300.00000000","2024-05-25T21:13:41.684Z","buy","maker"
"0.25220000","280.00000000","2024-05-25T21:13:41.684Z","buy","maker"
"0.25250000","809.30000000","2024-05-25T21:13:06.280Z","sell","maker"
"0.25250000","9665.50000000","2024-05-25T21:13:06.271Z","sell","maker"
"0.25240000","3.70000000","2024-05-25T21:12:22.342Z","buy","maker"
"0.25240000","900.00000000","2024-05-25T21:12:02.685Z","buy","maker"
"0.25240000","280.00000000","2024-05-25T21:12:02.685Z","buy","maker"
"0.25250000","280.00000000","2024-05-25T21:12:02.685Z","buy","maker"
"0.25270000","280.00000000","2024-05-25T21:12:00.191Z","buy","maker"
"0.25280000","35.50000000","2024-05-25T21:11:05.805Z","buy","maker"
"0.25340000","113.50000000","2024-05-25T21:10:34.527Z","buy","maker"
"0.25340000","104.90000000","2024-05-25T21:10:20.032Z","sell","maker"
"0.25330000","865.80000000","2024-05-25T21:10:02.087Z","sell","maker"
"0.25330000","710.00000000","2024-05-25T21:10:02.087Z","sell","maker"
"0.25330000","2806.20000000","2024-05-25T21:10:02.087Z","sell","maker"
"0.25330000","280.00000000","2024-05-25T21:10:02.087Z","sell","maker"
"0.25320000","1092.30000000","2024-05-25T21:10:02.087Z","sell","maker"
"0.25310000","1300.00000000","2024-05-25T21:10:02.087Z","sell","maker"
"0.25300000","10.00000000","2024-05-25T21:10:02.087Z","sell","maker"
"0.25270000","47.60000000","2024-05-25T21:09:48.319Z","buy","maker"
"0.25270000","9350.90000000","2024-05-25T21:09:40.690Z","buy","maker"
"0.25270000","280.00000000","2024-05-25T21:09:40.690Z","buy","maker"
"0.25280000","280.00000000","2024-05-25T21:09:40.688Z","buy","maker"
"0.25290000","98.40000000","2024-05-25T21:09:29.908Z","sell","maker"
"0.25270000","3152.50000000","2024-05-25T21:09:29.617Z","sell","maker"
"0.25270000","3700.00000000","2024-05-25T21:09:29.533Z","sell","maker"
"0.25270000","3000.00000000","2024-05-25T21:09:29.525Z","sell","maker"
"0.25270000","750.00000000","2024-05-25T21:09:29.525Z","sell","maker"
"0.25240000","78.30000000","2024-05-25T21:09:29.522Z","sell","maker"
"0.25240000","417.40000000","2024-05-25T21:09:29.522Z","sell","maker"
"0.25240000","0.40000000","2024-05-25T21:09:22.504Z","sell","maker"
"0.25220000","2887.20000000","2024-05-25T21:08:52.208Z","sell","maker"
"0.25220000","1360.00000000","2024-05-25T21:08:52.207Z","sell","maker"
"0.25220000","640.00000000","2024-05-25T21:08:52.207Z","sell","maker"
"0.25210000","6692.80000000","2024-05-25T21:08:52.200Z","sell","maker"
"0.25210000","2000.00000000","2024-05-25T21:08:52.200Z","sell","maker"
"0.25200000","222.40000000","2024-05-25T21:08:52.199Z","sell","maker"
"0.25200000","2583.80000000","2024-05-25T21:08:52.194Z","sell","maker"
"0.25190000","280.00000000","2024-05-25T21:08:39.139Z","buy","maker"
"0.25200000","1191.50000000","2024-05-25T21:08:34.831Z","sell","maker"
"0.25200000","24.10000000","2024-05-25T21:08:34.827Z","sell","maker"
"0.25200000","548.70000000","2024-05-25T21:08:34.827Z","sell","maker"
"0.25200000","808.20000000","2024-05-25T21:08:34.827Z","sell","maker"
"0.25190000","280.00000000","2024-05-25T21:08:34.824Z","sell","maker"
"0.25190000","274.40000000","2024-05-25T21:08:34.824Z","sell","maker"
"0.25190000","65.60000000","2024-05-25T21:08:34.824Z","sell","maker"
"0.25190000","634.40000000","2024-05-25T21:08:34.821Z","sell","maker"
"0.25180000","280.00000000","2024-05-25T21:08:34.821Z","sell","maker"
"0.25170000","280.00000000","2024-05-25T21:08:34.821Z","sell","maker"
"0.25160000","280.00000000","2024-05-25T21:08:34.821Z","sell","maker"
"0.25170000","8842.60000000","2024-05-25T21:08:34.815Z","sell","maker"
"0.25170000","830.00000000","2024-05-25T21:08:34.815Z","sell","maker"
"0.25170000","280.00000000","2024-05-25T21:08:34.815Z","sell","maker"
"0.25160000","280.00000000","2024-05-25T21:08:34.815Z","sell","maker"
"0.25150000","280.00000000","2024-05-25T21:08:34.815Z","sell","maker"
"0.25160000","1300.00000000","2024-05-25T21:08:34.810Z","sell","maker"
"0.25160000","280.00000000","2024-05-25T21:08:34.810Z","sell","maker"
"0.25150000","280.00000000","2024-05-25T21:08:34.810Z","sell","maker"
"0.25140000","280.00000000","2024-05-25T21:08:32.342Z","buy","maker"
"0.25240000","280.00000000","2024-05-25T21:07:54.022Z","buy","maker"
"0.25240000","280.00000000","2024-05-25T21:07:54.007Z","buy","maker"
"0.25240000","280.00000000","2024-05-25T21:07:53.985Z","buy","maker"
"0.25290000","103.80000000","2024-05-25T21:07:10.800Z","sell","maker"
"0.25250000","280.00000000","2024-05-25T21:07:06.062Z","buy","maker"
"0.25270000","1720.00000000","2024-05-25T21:06:33.609Z","sell","maker"
"0.25270000","280.00000000","2024-05-25T21:06:33.609Z","sell","maker"
"0.25240000","5776.50000000","2024-05-25T21:06:13.118Z","sell","maker"
"0.25240000","377.70000000","2024-05-25T21:06:13.114Z","sell","maker"
"0.25240000","2073.70000000","2024-05-25T21:06:13.114Z","sell","maker"
"0.25240000","1141.50000000","2024-05-25T21:06:13.112Z","sell","maker"
"0.25230000","280.00000000","2024-05-25T21:06:13.045Z","sell","maker"
"0.25220000","280.00000000","2024-05-25T21:06:12.970Z","sell","maker"
"0.25200000","915.20000000","2024-05-25T21:06:10.934Z","sell","maker"
"0.25190000","105.50000000","2024-05-25T21:06:10.934Z","sell","maker"
"0.25170000","820.10000000","2024-05-25T21:06:01.200Z","sell","maker"
"0.25170000","280.00000000","2024-05-25T21:06:01.200Z","sell","maker"
"0.25150000","280.00000000","2024-05-25T21:05:58.717Z","sell","maker"
"0.25150000","277.10000000","2024-05-25T21:05:58.717Z","sell","maker"
"0.25100000","328.10000000","2024-05-25T21:05:14.968Z","buy","maker"
"0.25100000","280.00000000","2024-05-25T21:05:14.968Z","buy","maker"
"0.25110000","866.50000000","2024-05-25T21:05:14.881Z","buy","maker"
"0.25110000","280.00000000","2024-05-25T21:05:14.881Z","buy","maker"
"0.25110000","9893.70000000","2024-05-25T21:05:14.881Z","buy","maker"
"0.25120000","280.00000000","2024-05-25T21:05:14.879Z","buy","maker"
"0.25140000","39.20000000","2024-05-25T21:04:55.181Z","buy","maker"
"0.25130000","189.10000000","2024-05-25T21:04:04.382Z","sell","maker"
"0.25120000","280.00000000","2024-05-25T21:03:52.604Z","sell","maker"
"0.25060000","4000.00000000","2024-05-25T21:03:09.586Z","buy","maker"
"0.25040000","280.00000000","2024-05-25T21:02:56.787Z","sell","maker"
"0.24980000","8751.50000000","2024-05-25T21:01:14.578Z","buy","maker"
"0.24980000","280.00000000","2024-05-25T21:01:14.578Z","buy","maker"
"0.24980000","231.20000000","2024-05-25T21:01:14.578Z","buy","maker"
"0.24990000","231.20000000","2024-05-25T21:01:06.088Z","sell","maker"
"0.24970000","728.00000000","2024-05-25T21:01:03.525Z","sell","maker"
"0.24970000","950.50000000","2024-05-25T21:01:03.470Z","buy","maker"
"0.24970000","1067.20000000","2024-05-25T21:01:03.470Z","buy","maker"
"0.24970000","231.20000000","2024-05-25T21:01:03.470Z","buy","maker"
"0.24970000","1300.00000000","2024-05-25T21:01:03.470Z","buy","maker"
"0.24970000","280.00000000","2024-05-25T21:00:58.417Z","sell","maker"
"0.24970000","279.90000000","2024-05-25T21:00:58.417Z","sell","maker"
"0.24960000","280.00000000","2024-05-25T21:00:53.110Z","sell","maker"
"0.24960000","182.90000000","2024-05-25T21:00:53.110Z","sell","maker"
"0.24920000","2693.30000000","2024-05-25T21:00:25.116Z","buy","maker"
"0.24940000","3.60000000","2024-05-25T21:00:18.138Z","buy","maker"
"0.24970000","280.00000000","2024-05-25T21:00:13.410Z","buy","maker"
"0.24990000","280.00000000","2024-05-25T21:00:10.954Z","buy","maker"
"0.24990000","83.80000000","2024-05-25T21:00:01.396Z","buy","maker"
"0.25000000","3660.90000000","2024-05-25T20:59:51.355Z","sell","maker"
"0.25000000","280.00000000","2024-05-25T20:59:51.355Z","sell","maker"
"0.24990000","59.10000000","2024-05-25T20:59:51.355Z","sell","maker"
"0.24990000","220.90000000","2024-05-25T20:59:51.349Z","sell","maker"
"0.24990000","1300.00000000","2024-05-25T20:59:51.349Z","sell","maker"
"0.24990000","280.00000000","2024-05-25T20:59:25.807Z","buy","maker"
"0.25000000","280.00000000","2024-05-25T20:59:25.798Z","buy","maker"
"0.25040000","2806.20000000","2024-05-25T20:59:04.491Z","sell","maker"
"0.25040000","280.00000000","2024-05-25T20:59:04.491Z","sell","maker"
"0.25040000","282.70000000","2024-05-25T20:59:04.491Z","sell","maker"
"0.25000000","280.00000000","2024-05-25T20:58:39.558Z","sell","maker"
"0.25000000","918.90000000","2024-05-25T20:58:39.558Z","sell","maker"
"0.25020000","280.00000000","2024-05-25T20:58:08.093Z","buy","maker"
"0.25020000","620.00000000","2024-05-25T20:58:08.093Z","buy","maker"
"0.25030000","280.00000000","2024-05-25T20:58:08.092Z","buy","maker"
"0.25040000","280.00000000","2024-05-25T20:57:57.142Z","buy","maker"
"0.25050000","270.00000000","2024-05-25T20:57:24.803Z","buy","maker"
"0.25050000","499.80000000","2024-05-25T20:57:24.803Z","buy","maker"
"0.25050000","361.30000000","2024-05-25T20:57:20.694Z","buy","maker"
"0.25070000","2000.00000000","2024-05-25T20:57:19.885Z","sell","maker"
"0.25060000","280.00000000","2024-05-25T20:57:17.345Z","sell","maker"
"0.25060000","808.30000000","2024-05-25T20:57:17.345Z","sell","maker"
"0.25040000","106.10000000","2024-05-25T20:57:07.157Z","sell","maker"
"0.25030000","79.10000000","2024-05-25T20:56:19.658Z","sell","maker"
"0.24990000","2806.20000000","2024-05-25T20:55:18.866Z","sell","maker"
"0.24990000","770.00000000","2024-05-25T20:55:18.866Z","sell","maker"
"0.24990000","280.00000000","2024-05-25T20:55:18.866Z","sell","maker"
"0.24980000","1503.50000000","2024-05-25T20:55:18.862Z","sell","maker"
"0.24980000","2000.00000000","2024-05-25T20:55:18.862Z","sell","maker"
"0.24980000","743.70000000","2024-05-25T20:55:02.981Z","sell","maker"
"0.24960000","4.60000000","2024-05-25T20:54:23.029Z","buy","maker"
"0.24970000","2806.20000000","2024-05-25T20:53:40.770Z","sell","maker"
"0.24970000","280.00000000","2024-05-25T20:53:40.770Z","sell","maker"
"0.24970000","583.00000000","2024-05-25T20:53:40.770Z","sell","maker"
"0.24960000","280.00000000","2024-05-25T20:53:40.765Z","sell","maker"
"0.24950000","57.90000000","2024-05-25T20:53:40.765Z","sell","maker"
"0.24950000","4189.30000000","2024-05-25T20:53:33.223Z","sell","maker"
"0.24950000","291.50000000","2024-05-25T20:53:33.223Z","sell","maker"
"0.24930000","4247.20000000","2024-05-25T20:53:29.847Z","sell","maker"
"0.24930000","4247.20000000","2024-05-25T20:53:18.628Z","sell","maker"
"0.24930000","294.40000000","2024-05-25T20:53:14.837Z","sell","maker"
"0.24910000","4247.20000000","2024-05-25T20:53:14.208Z","sell","maker"
"0.24890000","550.00000000","2024-05-25T20:53:13.356Z","buy","maker"
"0.24900000","220.00000000","2024-05-25T20:53:13.228Z","buy","maker"
"0.24910000","280.00000000","2024-05-25T20:53:13.228Z","buy","maker"
"0.24910000","500.00000000","2024-05-25T20:53:13.228Z","buy","maker"
"0.24900000","2306.20000000","2024-05-25T20:53:13.214Z","buy","maker"
"0.24900000","280.00000000","2024-05-25T20:53:13.214Z","buy","maker"
"0.24900000","4247.20000000","2024-05-25T20:53:13.214Z","buy","maker"
"0.24910000","280.00000000","2024-05-25T20:53:13.214Z","buy","maker"
"0.24920000","220.00000000","2024-05-25T20:53:13.214Z","buy","maker"
"0.24920000","60.00000000","2024-05-25T20:53:13.212Z","buy","maker"
"0.24920000","220.00000000","2024-05-25T20:53:13.212Z","buy","maker"
"0.24920000","280.00000000","2024-05-25T20:53:13.211Z","buy","maker"
"0.24800000","11194.90000000","2024-05-25T20:53:13.195Z","buy","maker"
"0.24800000","18.60000000","2024-05-25T20:53:13.195Z","buy","maker"
"0.24810000","2173.60000000","2024-05-25T20:53:13.195Z","buy","maker"
"0.24810000","802.00000000","2024-05-25T20:53:13.195Z","buy","maker"
"0.24830000","6242.00000000","2024-05-25T20:53:13.195Z","buy","maker"
"0.24840000","1738.90000000","2024-05-25T20:53:13.195Z","buy","maker"
"0.24850000","3215.20000000","2024-05-25T20:53:13.195Z","buy","maker"
"0.24850000","8572.60000000","2024-05-25T20:53:13.195Z","buy","maker"
"0.24850000","19718.00000000","2024-05-25T20:53:13.195Z","buy","maker"
"0.24850000","659.10000000","2024-05-25T20:53:13.195Z","buy","maker"
"0.24860000","869.40000000","2024-05-25T20:53:13.195Z","buy","maker"
"0.24870000","4020.00000000","2024-05-25T20:53:13.195Z","buy","maker"
"0.24880000","5613.70000000","2024-05-25T20:53:13.195Z","buy","maker"
"0.24880000","434.70000000","2024-05-25T20:53:13.195Z","buy","maker"
"0.24880000","5613.70000000","2024-05-25T20:53:13.195Z","buy","maker"
"0.24890000","217.40000000","2024-05-25T20:53:13.195Z","buy","maker"
"0.24900000","4247.20000000","2024-05-25T20:53:13.195Z","buy","maker"
"0.24910000","231.20000000","2024-05-25T20:53:13.195Z","buy","maker"
"0.24910000","15000.00000000","2024-05-25T20:53:13.195Z","buy","maker"
"0.24920000","53.30000000","2024-05-25T20:53:13.195Z","buy","maker"
"0.24920000","1068.10000000","2024-05-25T20:53:13.195Z","buy","maker"
"0.24920000","1300.00000000","2024-05-25T20:53:13.195Z","buy","maker"
"0.24920000","280.00000000","2024-05-25T20:53:13.195Z","buy","maker"
"0.24920000","96.90000000","2024-05-25T20:53:13.195Z","buy","maker"
"0.24920000","9829.20000000","2024-05-25T20:53:13.195Z","buy","maker"
"0.24920000","2806.20000000","2024-05-25T20:53:13.195Z","buy","maker"
"0.24930000","1300.00000000","2024-05-25T20:53:13.195Z","buy","maker"
"0.24930000","670.00000000","2024-05-25T20:53:13.195Z","buy","maker"
"0.24930000","280.00000000","2024-05-25T20:53:13.195Z","buy","maker"
"0.24940000","231.20000000","2024-05-25T20:53:13.195Z","buy","maker"
"0.24970000","1.70000000","2024-05-25T20:53:09.546Z","buy","maker"
"0.24980000","4.00000000","2024-05-25T20:53:03.660Z","sell","maker"
"0.25000000","928.90000000","2024-05-25T20:52:54.313Z","buy","maker"
"0.25020000","419.70000000","2024-05-25T20:51:30.352Z","sell","maker"
"0.25020000","280.00000000","2024-05-25T20:51:30.352Z","sell","maker"
"0.24990000","231.20000000","2024-05-25T20:51:16.296Z","buy","maker"
"0.24990000","174.20000000","2024-05-25T20:51:16.296Z","buy","maker"
"0.24990000","12.00000000","2024-05-25T20:51:08.237Z","buy","maker"
"0.24990000","93.80000000","2024-05-25T20:51:05.931Z","buy","maker"
"0.24980000","182.00000000","2024-05-25T20:50:08.344Z","buy","maker"
"0.24980000","231.20000000","2024-05-25T20:50:08.344Z","buy","maker"
"0.24990000","231.20000000","2024-05-25T20:50:08.344Z","buy","maker"
"0.25000000","280.00000000","2024-05-25T20:50:06.546Z","buy","maker"
"0.25000000","5.10000000","2024-05-25T20:49:44.243Z","buy","maker"
"0.24960000","780.00000000","2024-05-25T20:49:05.802Z","buy","maker"
"0.24960000","280.00000000","2024-05-25T20:49:05.802Z","buy","maker"
"0.24960000","231.20000000","2024-05-25T20:49:05.802Z","buy","maker"
"0.24970000","231.20000000","2024-05-25T20:48:59.793Z","buy","maker"
"0.24960000","1557.50000000","2024-05-25T20:48:50.962Z","sell","maker"
"0.24950000","1608.20000000","2024-05-25T20:48:50.915Z","sell","maker"
"0.24950000","2162.70000000","2024-05-25T20:48:50.914Z","sell","maker"
"0.24950000","1951.10000000","2024-05-25T20:48:50.911Z","sell","maker"
"0.24950000","3104.40000000","2024-05-25T20:48:50.910Z","sell","maker"
"0.24950000","600.90000000","2024-05-25T20:48:50.909Z","sell","maker"
"0.24940000","280.00000000","2024-05-25T20:48:50.847Z","sell","maker"
"0.24940000","280.00000000","2024-05-25T20:48:50.842Z","sell","maker"
"0.24910000","280.00000000","2024-05-25T20:47:51.865Z","buy","maker"
"0.24920000","3421.70000000","2024-05-25T20:47:48.080Z","sell","maker"
"0.24890000","2647.20000000","2024-05-25T20:47:31.077Z","buy","maker"
"0.24890000","227.70000000","2024-05-25T20:46:30.549Z","buy","maker"
"0.24890000","3.50000000","2024-05-25T20:46:17.258Z","buy","maker"
"0.24920000","3228.40000000","2024-05-25T20:45:40.524Z","sell","maker"
"0.24860000","3.60000000","2024-05-25T20:45:20.689Z","buy","maker"
"0.24860000","223.40000000","2024-05-25T20:45:19.194Z","buy","maker"
"0.24870000","231.20000000","2024-05-25T20:45:15.868Z","buy","maker"
"0.24890000","231.20000000","2024-05-25T20:45:12.808Z","buy","maker"
"0.24940000","1.70000000","2024-05-25T20:44:40.887Z","sell","maker"
"0.24920000","5.00000000","2024-05-25T20:44:39.433Z","sell","maker"
"0.24920000","275.00000000","2024-05-25T20:44:39.431Z","sell","maker"
"0.24920000","150.10000000","2024-05-25T20:44:39.431Z","sell","maker"
"0.24920000","2067.10000000","2024-05-25T20:44:39.431Z","sell","maker"
"0.24920000","680.00000000","2024-05-25T20:44:39.431Z","sell","maker"
"0.24910000","280.00000000","2024-05-25T20:44:39.430Z","sell","maker"
"0.24910000","6061.10000000","2024-05-25T20:44:39.430Z","sell","maker"
"0.24910000","2961.70000000","2024-05-25T20:44:39.425Z","sell","maker"
"0.24910000","2806.20000000","2024-05-25T20:44:39.425Z","sell","maker"
"0.24910000","280.00000000","2024-05-25T20:44:39.425Z","sell","maker"
"0.24900000","1.60000000","2024-05-25T20:44:26.628Z","sell","maker"
"0.24890000","21.10000000","2024-05-25T20:44:15.903Z","sell","maker"
"0.24870000","280.00000000","2024-05-25T20:44:15.559Z","buy","maker"
"0.24870000","280.00000000","2024-05-25T20:44:15.523Z","buy","maker"
"0.24870000","231.20000000","2024-05-25T20:44:15.523Z","buy","maker"
"0.24880000","280.00000000","2024-05-25T20:44:15.490Z","buy","maker"
"0.24880000","231.20000000","2024-05-25T20:44:15.490Z","buy","maker"
"0.24910000","1.60000000","2024-05-25T20:44:10.804Z","sell","maker"
"0.24910000","189.20000000","2024-05-25T20:43:49.661Z","buy","maker"
"0.24940000","1.60000000","2024-05-25T20:43:40.119Z","sell","maker"
"0.24960000","280.00000000","2024-05-25T20:41:54.563Z","buy","maker"
"0.24960000","280.00000000","2024-05-25T20:41:54.555Z","sell","maker"
"0.24960000","710.00000000","2024-05-25T20:41:54.555Z","sell","maker"
"0.24950000","280.00000000","2024-05-25T20:41:54.553Z","sell","maker"
"0.24940000","8992.30000000","2024-05-25T20:41:54.550Z","sell","maker"
"0.24940000","280.00000000","2024-05-25T20:41:54.550Z","sell","maker"
"0.24910000","42.00000000","2024-05-25T20:41:34.211Z","buy","maker"
"0.24940000","35.80000000","2024-05-25T20:40:19.907Z","sell","maker"
"0.24910000","231.20000000","2024-05-25T20:40:02.353Z","buy","maker"
"0.24930000","59.60000000","2024-05-25T20:39:22.620Z","sell","maker"
"0.24910000","415.10000000","2024-05-25T20:38:46.347Z","buy","maker"
"0.24900000","259.10000000","2024-05-25T20:38:26.750Z","buy","maker"
"0.24870000","40.20000000","2024-05-25T20:36:53.896Z","buy","maker"
"0.24870000","100.60000000","2024-05-25T20:36:53.896Z","buy","maker"
"0.24880000","498.40000000","2024-05-25T20:36:53.894Z","buy","maker"
"0.24880000","3987.00000000","2024-05-25T20:36:53.894Z","buy","maker"
"0.24900000","1.60000000","2024-05-25T20:36:53.110Z","sell","maker"
"0.24900000","1.60000000","2024-05-25T20:36:51.727Z","sell","maker"
"0.24890000","84.70000000","2024-05-25T20:36:48.839Z","buy","maker"
"0.24890000","59.30000000","2024-05-25T20:36:48.839Z","buy","maker"
"0.24890000","508.20000000","2024-05-25T20:36:48.839Z","buy","maker"
"0.24930000","280.00000000","2024-05-25T20:36:03.559Z","buy","maker"
"0.24930000","179.00000000","2024-05-25T20:36:03.559Z","buy","maker"
"0.24950000","862.00000000","2024-05-25T20:35:50.636Z","sell","maker"
"0.24950000","1.60000000","2024-05-25T20:35:30.581Z","sell","maker"
"0.24920000","179.00000000","2024-05-25T20:35:29.903Z","buy","maker"
"0.24970000","1899.30000000","2024-05-25T20:35:26.434Z","sell","maker"
"0.24970000","1.60000000","2024-05-25T20:35:16.488Z","sell","maker"
"0.24980000","43.50000000","2024-05-25T20:35:06.960Z","sell","maker"
"0.24970000","1.60000000","2024-05-25T20:35:04.998Z","sell","maker"
"0.24970000","1.60000000","2024-05-25T20:35:03.496Z","sell","maker"
"0.24980000","14.20000000","2024-05-25T20:34:54.782Z","sell","maker"
"0.24970000","1.60000000","2024-05-25T20:34:49.902Z","sell","maker"
"0.24940000","11.40000000","2024-05-25T20:34:49.182Z","buy","maker"
"0.24960000","5162.00000000","2024-05-25T20:34:45.855Z","sell","maker"
"0.24960000","280.00000000","2024-05-25T20:34:45.855Z","sell","maker"
"0.24950000","280.00000000","2024-05-25T20:34:45.849Z","sell","maker"
"0.24930000","280.00000000","2024-05-25T20:34:41.713Z","buy","maker"
"0.24940000","280.00000000","2024-05-25T20:34:32.494Z","buy","maker"
"0.24940000","650.00000000","2024-05-25T20:34:32.494Z","buy","maker"
"0.25000000","2414.50000000","2024-05-25T20:34:19.142Z","buy","maker"
"0.25000000","1480.90000000","2024-05-25T20:34:19.131Z","buy","maker"
"0.25000000","1063.20000000","2024-05-25T20:34:19.125Z","sell","maker"
"0.25000000","280.00000000","2024-05-25T20:34:19.125Z","sell","maker"
"0.24990000","850.00000000","2024-05-25T20:34:19.125Z","sell","maker"
"0.24990000","280.00000000","2024-05-25T20:34:19.125Z","sell","maker"
"0.24980000","9705.40000000","2024-05-25T20:34:19.125Z","sell","maker"
"0.24980000","280.00000000","2024-05-25T20:34:19.125Z","sell","maker"
"0.25010000","3863.40000000","2024-05-25T20:34:03.984Z","sell","maker"
"0.24970000","13165.50000000","2024-05-25T20:34:03.422Z","buy","maker"
"0.24970000","21.10000000","2024-05-25T20:34:03.422Z","buy","maker"
"0.24980000","1925.60000000","2024-05-25T20:34:03.422Z","buy","maker"
"0.24990000","231.20000000","2024-05-25T20:34:03.422Z","buy","maker"
"0.25000000","3941.20000000","2024-05-25T20:34:03.422Z","buy","maker"
"0.25000000","6011.40000000","2024-05-25T20:34:03.422Z","buy","maker"
"0.25000000","2265.60000000","2024-05-25T20:34:03.422Z","buy","maker"
"0.25000000","15.00000000","2024-05-25T20:34:03.422Z","buy","maker"
"0.25000000","10.00000000","2024-05-25T20:34:03.422Z","buy","maker"
"0.25010000","280.00000000","2024-05-25T20:34:03.345Z","buy","maker"
"0.25010000","231.20000000","2024-05-25T20:34:03.345Z","buy","maker"
"0.25010000","1.00000000","2024-05-25T20:34:03.345Z","buy","maker"
"0.25020000","280.00000000","2024-05-25T20:34:03.343Z","buy","maker"
"0.25050000","280.00000000","2024-05-25T20:33:44.761Z","sell","maker"
"0.25040000","280.00000000","2024-05-25T20:33:25.310Z","sell","maker"
"0.25040000","8534.20000000","2024-05-25T20:33:25.310Z","sell","maker"
"0.25030000","1720.00000000","2024-05-25T20:33:24.846Z","buy","maker"
"0.25040000","280.00000000","2024-05-25T20:33:24.846Z","buy","maker"
"0.25030000","1998.40000000","2024-05-25T20:33:24.844Z","buy","maker"
"0.25030000","1.60000000","2024-05-25T20:33:24.844Z","buy","maker"
"0.25030000","278.40000000","2024-05-25T20:33:24.843Z","buy","maker"
"0.25040000","280.00000000","2024-05-25T20:33:24.841Z","buy","maker"
"0.25060000","406.30000000","2024-05-25T20:32:54.921Z","sell","maker"
"0.25060000","2806.20000000","2024-05-25T20:32:54.921Z","sell","maker"
"0.25060000","278.40000000","2024-05-25T20:32:54.921Z","sell","maker"
"0.25050000","280.00000000","2024-05-25T20:32:54.921Z","sell","maker"
"0.25060000","1.60000000","2024-05-25T20:32:48.550Z","sell","maker"
"0.25050000","278.40000000","2024-05-25T20:32:46.783Z","sell","maker"
"0.25050000","1.60000000","2024-05-25T20:32:46.270Z","sell","maker"
"0.25030000","458.00000000","2024-05-25T20:32:38.037Z","buy","maker"
"0.25040000","236.90000000","2024-05-25T20:32:37.992Z","buy","maker"
"0.25020000","467.70000000","2024-05-25T20:32:37.967Z","buy","maker"
"0.25020000","311.80000000","2024-05-25T20:32:37.966Z","buy","maker"
"0.25020000","478.60000000","2024-05-25T20:32:37.966Z","buy","maker"
"0.25020000","1.00000000","2024-05-25T20:32:37.966Z","buy","maker"
"0.25020000","1.00000000","2024-05-25T20:32:37.966Z","buy","maker"
"0.25020000","39.90000000","2024-05-25T20:32:37.966Z","buy","maker"
"0.25030000","2218.90000000","2024-05-25T20:32:37.958Z","buy","maker"
"0.25040000","239.30000000","2024-05-25T20:32:37.957Z","buy","maker"
"0.25040000","17.40000000","2024-05-25T20:32:37.957Z","buy","maker"
"0.25050000","1436.20000000","2024-05-25T20:32:37.957Z","buy","maker"
"0.25050000","1370.00000000","2024-05-25T20:32:37.956Z","buy","maker"
"0.25050000","630.00000000","2024-05-25T20:32:37.956Z","buy","maker"
"0.25070000","650.00000000","2024-05-25T20:32:37.953Z","buy","maker"
"0.25080000","5286.20000000","2024-05-25T20:32:37.953Z","buy","maker"
"0.25080000","3445.70000000","2024-05-25T20:32:37.953Z","buy","maker"
"0.25090000","832.30000000","2024-05-25T20:32:37.953Z","buy","maker"
"0.25100000","27.80000000","2024-05-25T20:32:27.276Z","sell","maker"
"0.25090000","5864.40000000","2024-05-25T20:32:23.937Z","buy","maker"
"0.25090000","2641.10000000","2024-05-25T20:32:23.932Z","buy","maker"
"0.25090000","670.00000000","2024-05-25T20:32:23.932Z","buy","maker"
"0.25090000","280.00000000","2024-05-25T20:32:23.932Z","buy","maker"
"0.25100000","280.00000000","2024-05-25T20:32:23.932Z","buy","maker"
"0.25040000","3.60000000","2024-05-25T20:31:51.149Z","buy","maker"
"0.25070000","493.30000000","2024-05-25T20:31:20.017Z","sell","maker"
"0.25080000","21.00000000","2024-05-25T20:31:11.995Z","sell","maker"
"0.25070000","1.60000000","2024-05-25T20:31:00.031Z","sell","maker"
"0.25050000","1.60000000","2024-05-25T20:30:30.672Z","sell","maker"
"0.25030000","2654.40000000","2024-05-25T20:30:17.356Z","buy","maker"
"0.25030000","1.00000000","2024-05-25T20:30:17.356Z","buy","maker"
"0.25040000","280.00000000","2024-05-25T20:30:17.355Z","buy","maker"
"0.25100000","1.60000000","2024-05-25T20:30:04.857Z","sell","maker"
"0.25090000","620.20000000","2024-05-25T20:29:42.410Z","sell","maker"
"0.25090000","278.40000000","2024-05-25T20:29:42.410Z","sell","maker"
"0.25090000","1.60000000","2024-05-25T20:29:41.143Z","sell","maker"
"0.25050000","2718.00000000","2024-05-25T20:29:38.931Z","buy","maker"
"0.25080000","1.60000000","2024-05-25T20:29:28.195Z","sell","maker"
"0.25040000","466.90000000","2024-05-25T20:29:21.614Z","buy","maker"
"0.25040000","1.00000000","2024-05-25T20:29:21.614Z","buy","maker"
"0.25050000","976.10000000","2024-05-25T20:29:21.614Z","buy","maker"
"0.25050000","280.00000000","2024-05-25T20:29:21.614Z","buy","maker"
"0.25090000","1.60000000","2024-05-25T20:29:16.216Z","sell","maker"
"0.25090000","1.60000000","2024-05-25T20:29:14.029Z","sell","maker"
"0.25100000","1.60000000","2024-05-25T20:29:12.466Z","sell","maker"
"0.25060000","245.00000000","2024-05-25T20:29:11.944Z","buy","maker"
"0.25060000","1.00000000","2024-05-25T20:29:11.944Z","buy","maker"
"0.25070000","870.30000000","2024-05-25T20:29:11.944Z","buy","maker"
"0.25070000","280.00000000","2024-05-25T20:29:11.944Z","buy","maker"
"0.25120000","1.60000000","2024-05-25T20:29:01.761Z","sell","maker"
"0.25120000","1.60000000","2024-05-25T20:29:00.448Z","sell","maker"
"0.25090000","280.00000000","2024-05-25T20:28:55.427Z","sell","maker"
"0.25100000","1.50000000","2024-05-25T20:28:47.975Z","sell","maker"
"0.25080000","1.50000000","2024-05-25T20:28:46.942Z","sell","maker"
"0.25080000","1.00000000","2024-05-25T20:28:33.587Z","buy","maker"
"0.25090000","12456.90000000","2024-05-25T20:28:30.571Z","buy","maker"
"0.25090000","861.00000000","2024-05-25T20:28:23.615Z","buy","maker"
"0.25090000","13.70000000","2024-05-25T20:28:13.997Z","buy","maker"
"0.25090000","35.80000000","2024-05-25T20:28:09.102Z","buy","maker"
"0.25090000","752.00000000","2024-05-25T20:28:04.391Z","buy","maker"
"0.25120000","670.00000000","2024-05-25T20:27:31.919Z","sell","maker"
"0.25120000","9606.80000000","2024-05-25T20:27:31.919Z","sell","maker"
"0.25120000","280.00000000","2024-05-25T20:27:31.919Z","sell","maker"
"0.25130000","280.00000000","2024-05-25T20:26:44.739Z","sell","maker"
"0.25100000","280.00000000","2024-05-25T20:26:16.822Z","buy","maker"
"0.25100000","840.00000000","2024-05-25T20:26:16.748Z","buy","maker"
"0.25100000","798.80000000","2024-05-25T20:26:16.748Z","buy","maker"
"0.25100000","280.00000000","2024-05-25T20:26:16.748Z","buy","maker"
"0.25110000","280.00000000","2024-05-25T20:26:16.746Z","buy","maker"
"0.25150000","13.10000000","2024-05-25T20:25:51.598Z","buy","maker"
"0.25160000","280.00000000","2024-05-25T20:25:32.472Z","sell","maker"
"0.25140000","280.00000000","2024-05-25T20:25:26.968Z","buy","maker"
"0.25150000","280.00000000","2024-05-25T20:25:26.968Z","buy","maker"
"0.25170000","4709.70000000","2024-05-25T20:25:08.569Z","sell","maker"
"0.25160000","280.00000000","2024-05-25T20:25:08.504Z","sell","maker"
"0.25170000","1702.30000000","2024-05-25T20:24:31.972Z","sell","maker"
"0.25150000","280.00000000","2024-05-25T20:24:05.811Z","buy","maker"
"0.25120000","145.20000000","2024-05-25T20:23:37.027Z","buy","maker"
"0.25130000","280.00000000","2024-05-25T20:23:37.027Z","buy","maker"
"0.25160000","9.80000000","2024-05-25T20:23:20.211Z","sell","maker"
"0.25160000","1468.30000000","2024-05-25T20:21:46.409Z","sell","maker"
"0.25160000","603.00000000","2024-05-25T20:21:46.409Z","sell","maker"
"0.25160000","610.00000000","2024-05-25T20:21:46.409Z","sell","maker"
"0.25160000","280.00000000","2024-05-25T20:21:46.409Z","sell","maker"
"0.25150000","1708.30000000","2024-05-25T20:21:46.409Z","sell","maker"
"0.25150000","848.40000000","2024-05-25T20:21:46.409Z","sell","maker"
"0.25150000","280.00000000","2024-05-25T20:21:46.409Z","sell","maker"
"0.25120000","280.00000000","2024-05-25T20:21:29.271Z","sell","maker"
"0.25110000","280.00000000","2024-05-25T20:21:07.138Z","sell","maker"
"0.25100000","385.30000000","2024-05-25T20:21:07.134Z","sell","maker"
"0.25050000","4.00000000","2024-05-25T20:20:55.571Z","buy","maker"
"0.25080000","148.30000000","2024-05-25T20:20:29.275Z","sell","maker"
"0.25080000","280.00000000","2024-05-25T20:20:29.275Z","sell","maker"
"0.25030000","32.80000000","2024-05-25T20:20:19.106Z","buy","maker"
"0.25030000","21.00000000","2024-05-25T20:20:19.106Z","buy","maker"
"0.25030000","1.00000000","2024-05-25T20:20:19.106Z","buy","maker"
"0.25040000","1.00000000","2024-05-25T20:20:19.106Z","buy","maker"
"0.25050000","1678.60000000","2024-05-25T20:20:10.182Z","buy","maker"
"0.25050000","1678.60000000","2024-05-25T20:20:10.169Z","buy","maker"
"0.25050000","1678.60000000","2024-05-25T20:20:10.169Z","buy","maker"
"0.25050000","1678.60000000","2024-05-25T20:20:10.166Z","buy","maker"
"0.25050000","1398.60000000","2024-05-25T20:20:10.166Z","buy","maker"
"0.25060000","280.00000000","2024-05-25T20:20:10.166Z","buy","maker"
"0.25050000","1397.60000000","2024-05-25T20:20:10.165Z","buy","maker"
"0.25050000","280.00000000","2024-05-25T20:20:10.165Z","buy","maker"
"0.25050000","1.00000000","2024-05-25T20:20:10.165Z","buy","maker"
"0.25060000","1.00000000","2024-05-25T20:20:10.160Z","buy","maker"
"0.25060000","280.00000000","2024-05-25T20:20:10.160Z","buy","maker"
"0.25070000","1.00000000","2024-05-25T20:20:10.160Z","buy","maker"
"0.25060000","7366.10000000","2024-05-25T20:20:09.223Z","buy","maker"
"0.25070000","1.00000000","2024-05-25T20:20:09.223Z","buy","maker"
"0.25070000","1.00000000","2024-05-25T20:20:09.223Z","buy","maker"
"0.25080000","90.80000000","2024-05-25T20:19:57.025Z","sell","maker"
"0.25080000","1076.30000000","2024-05-25T20:19:57.020Z","buy","maker"
"0.25080000","280.00000000","2024-05-25T20:19:57.020Z","buy","maker"
"0.25080000","865.50000000","2024-05-25T20:19:57.020Z","buy","maker"
"0.25080000","1.00000000","2024-05-25T20:19:57.020Z","buy","maker"
"0.25080000","1.00000000","2024-05-25T20:19:57.020Z","buy","maker"
"0.25080000","21.00000000","2024-05-25T20:19:57.020Z","buy","maker"
"0.25080000","152.40000000","2024-05-25T20:19:57.020Z","buy","maker"
"0.25100000","280.00000000","2024-05-25T20:19:51.708Z","sell","maker"
"0.25110000","8976.70000000","2024-05-25T20:19:51.707Z","sell","maker"
"0.25110000","2806.20000000","2024-05-25T20:19:51.707Z","sell","maker"
"0.25110000","690.00000000","2024-05-25T20:19:51.707Z","sell","maker"
"0.25110000","280.00000000","2024-05-25T20:19:51.707Z","sell","maker"
"0.25100000","280.00000000","2024-05-25T20:19:51.703Z","sell","maker"
"0.25080000","1947.60000000","2024-05-25T20:19:23.347Z","buy","maker"
"0.25080000","48.40000000","2024-05-25T20:19:23.347Z","buy","maker"
"0.25090000","1.00000000","2024-05-25T20:19:23.347Z","buy","maker"
"0.25090000","1.00000000","2024-05-25T20:19:23.347Z","buy","maker"
"0.25090000","1.00000000","2024-05-25T20:19:23.347Z","buy","maker"
"0.25090000","1.00000000","2024-05-25T20:19:23.347Z","buy","maker"
"0.25100000","1.00000000","2024-05-25T20:19:16.461Z","buy","maker"
"0.25100000","1.00000000","2024-05-25T20:19:16.461Z","buy","maker"
"0.25100000","1.00000000","2024-05-25T20:19:16.461Z","buy","maker"
"0.25100000","1.00000000","2024-05-25T20:19:16.461Z","buy","maker"
"0.25100000","2598.00000000","2024-05-25T20:19:16.461Z","buy","maker"
"0.25100000","4137.90000000","2024-05-25T20:19:16.443Z","buy","maker"
"0.25100000","3198.50000000","2024-05-25T20:19:16.439Z","buy","maker"
"0.25100000","7916.40000000","2024-05-25T20:19:16.069Z","buy","maker"
"0.25100000","2015.20000000","2024-05-25T20:19:07.976Z","buy","maker"
"0.25110000","1.00000000","2024-05-25T20:19:07.976Z","buy","maker"
"0.25110000","1.00000000","2024-05-25T20:19:07.976Z","buy","maker"
"0.25120000","1.00000000","2024-05-25T20:19:07.976Z","buy","maker"
"0.25130000","1.00000000","2024-05-25T20:18:26.882Z","buy","maker"
"0.25130000","1.00000000","2024-05-25T20:18:26.882Z","buy","maker"
"0.25130000","1.00000000","2024-05-25T20:18:26.882Z","buy","maker"
"0.25140000","1.00000000","2024-05-25T20:16:32.811Z","buy","maker"
"0.25140000","1.00000000","2024-05-25T20:16:32.811Z","buy","maker"
"0.25140000","1.00000000","2024-05-25T20:16:32.811Z","buy","maker"
"0.25160000","1.00000000","2024-05-25T20:16:30.639Z","buy","maker"
"0.25170000","1.00000000","2024-05-25T20:16:28.460Z","sell","maker"
"0.25180000","1702.30000000","2024-05-25T20:16:27.366Z","sell","maker"
"0.25180000","1.00000000","2024-05-25T20:16:25.901Z","buy","maker"
"0.25180000","2.20000000","2024-05-25T20:16:25.901Z","buy","maker"
"0.25190000","19.80000000","2024-05-25T20:16:15.381Z","buy","maker"
"0.25210000","1300.00000000","2024-05-25T20:15:52.279Z","sell","maker"
"0.25200000","280.00000000","2024-05-25T20:15:43.014Z","sell","maker"
"0.25190000","280.00000000","2024-05-25T20:15:04.632Z","sell","maker"
"0.25180000","25.10000000","2024-05-25T20:14:47.637Z","sell","maker"
"0.25150000","374.30000000","2024-05-25T20:14:35.461Z","buy","maker"
"0.25150000","1.00000000","2024-05-25T20:14:35.461Z","buy","maker"
"0.25160000","1.00000000","2024-05-25T20:14:35.461Z","buy","maker"
"0.25170000","1.00000000","2024-05-25T20:14:35.461Z","buy","maker"
"0.25180000","9336.60000000","2024-05-25T20:14:19.391Z","buy","maker"
"0.25180000","1.00000000","2024-05-25T20:14:19.391Z","buy","maker"
"0.25190000","1.00000000","2024-05-25T20:14:19.391Z","buy","maker"
"0.25210000","1.00000000","2024-05-25T20:13:41.304Z","buy","maker"
"0.25240000","1.00000000","2024-05-25T20:13:05.498Z","buy","maker"
"0.25190000","3524.20000000","2024-05-25T20:11:59.120Z","buy","maker"
"0.25240000","154.80000000","2024-05-25T20:11:30.637Z","sell","maker"
"0.25230000","280.00000000","2024-05-25T20:11:30.637Z","sell","maker"
"0.25190000","43.00000000","2024-05-25T20:10:55.996Z","buy","maker"
"0.25210000","279.50000000","2024-05-25T20:10:25.505Z","buy","maker"
"0.25210000","984.80000000","2024-05-25T20:10:25.505Z","buy","maker"
"0.25240000","805.90000000","2024-05-25T20:10:02.964Z","buy","maker"
"0.25250000","280.00000000","2024-05-25T20:09:43.171Z","buy","maker"
"0.25250000","9742.10000000","2024-05-25T20:09:43.171Z","buy","maker"
"0.25250000","2806.20000000","2024-05-25T20:09:43.171Z","buy","maker"
"0.25260000","280.00000000","2024-05-25T20:09:43.171Z","buy","maker"
"0.25300000","716.20000000","2024-05-25T20:09:28.050Z","sell","maker"
"0.25290000","1664.40000000","2024-05-25T20:09:21.827Z","buy","maker"
"0.25310000","280.00000000","2024-05-25T20:07:57.164Z","sell","maker"
"0.25280000","280.00000000","2024-05-25T20:07:56.970Z","sell","maker"
"0.25260000","280.00000000","2024-05-25T20:07:43.617Z","buy","maker"
"0.25310000","42.50000000","2024-05-25T20:07:02.738Z","sell","maker"
"0.25230000","39.60000000","2024-05-25T20:06:25.018Z","buy","maker"
"0.25220000","280.00000000","2024-05-25T20:05:25.147Z","buy","maker"
"0.25230000","280.00000000","2024-05-25T20:05:25.147Z","buy","maker"
"0.25230000","280.00000000","2024-05-25T20:05:25.134Z","buy","maker"
"0.25230000","9828.20000000","2024-05-25T20:05:25.134Z","buy","maker"
"0.25240000","60.00000000","2024-05-25T20:05:25.134Z","buy","maker"
"0.25240000","280.00000000","2024-05-25T20:05:25.134Z","buy","maker"
"0.25290000","1184.10000000","2024-05-25T20:05:09.444Z","sell","maker"
"0.25290000","280.00000000","2024-05-25T20:05:09.444Z","sell","maker"
"0.25280000","280.00000000","2024-05-25T20:05:09.444Z","sell","maker"
"0.25220000","7276.10000000","2024-05-25T20:04:52.519Z","buy","maker"
"0.25230000","1030.90000000","2024-05-25T20:04:52.519Z","buy","maker"
"0.25230000","280.00000000","2024-05-25T20:04:52.519Z","buy","maker"
"0.25230000","720.00000000","2024-05-25T20:04:52.519Z","buy","maker"
"0.25240000","1016.30000000","2024-05-25T20:04:52.519Z","buy","maker"
"0.25240000","280.00000000","2024-05-25T20:04:52.519Z","buy","maker"
"0.25240000","3961.90000000","2024-05-25T20:04:52.519Z","buy","maker"
"0.25250000","280.00000000","2024-05-25T20:04:52.519Z","buy","maker"
"0.25280000","280.00000000","2024-05-25T20:03:47.625Z","sell","maker"
"0.25280000","280.00000000","2024-05-25T20:03:47.620Z","sell","maker"
"0.25260000","2806.20000000","2024-05-25T20:03:34.113Z","sell","maker"
"0.25250000","2806.20000000","2024-05-25T20:03:34.112Z","sell","maker"
"0.25250000","4867.70000000","2024-05-25T20:03:34.112Z","sell","maker"
"0.25250000","2494.70000000","2024-05-25T20:03:34.111Z","sell","maker"
"0.25250000","1804.90000000","2024-05-25T20:03:34.110Z","sell","maker"
"0.25250000","830.00000000","2024-05-25T20:03:34.110Z","sell","maker"
"0.25250000","280.00000000","2024-05-25T20:03:34.110Z","sell","maker"
"0.25240000","280.00000000","2024-05-25T20:03:34.109Z","sell","maker"
"0.25220000","280.00000000","2024-05-25T20:03:06.672Z","buy","maker"
"0.25240000","280.00000000","2024-05-25T20:02:41.164Z","buy","maker"
"0.25150000","19.00000000","2024-05-25T20:02:04.768Z","sell","maker"
"0.25150000","20.90000000","2024-05-25T20:01:45.557Z","buy","maker"
"0.25170000","3.80000000","2024-05-25T20:01:44.911Z","sell","maker"
"0.25180000","20.90000000","2024-05-25T20:01:21.084Z","sell","maker"
"0.25180000","20.80000000","2024-05-25T20:01:19.684Z","sell","maker"
"0.25180000","20.80000000","2024-05-25T20:01:17.629Z","sell","maker"
"0.25180000","20.70000000","2024-05-25T20:01:14.274Z","sell","maker"
"0.25180000","20.70000000","2024-05-25T20:01:12.894Z","sell","maker"
"0.25200000","20.60000000","2024-05-25T20:01:11.326Z","sell","maker"
"0.25190000","7.60000000","2024-05-25T20:00:56.836Z","sell","maker"
"0.25130000","984.00000000","2024-05-25T20:00:36.963Z","buy","maker"
"0.25150000","4.30000000","2024-05-25T20:00:36.452Z","sell","maker"
"0.25110000","174.50000000","2024-05-25T20:00:33.705Z","buy","maker"
"0.25150000","1224.80000000","2024-05-25T20:00:06.516Z","sell","maker"
"0.25150000","1574.70000000","2024-05-25T20:00:06.510Z","sell","maker"
"0.25150000","1217.00000000","2024-05-25T20:00:06.510Z","sell","maker"
"0.25150000","2383.50000000","2024-05-25T20:00:05.697Z","sell","maker"
"0.25140000","57.10000000","2024-05-25T20:00:02.129Z","buy","maker"
"0.25130000","2052.00000000","2024-05-25T19:59:51.924Z","sell","maker"
"0.25130000","280.00000000","2024-05-25T19:59:51.913Z","buy","maker"
"0.25130000","7.10000000","2024-05-25T19:58:48.290Z","buy","maker"
"0.25160000","398.70000000","2024-05-25T19:58:21.525Z","sell","maker"
"0.25160000","461.30000000","2024-05-25T19:58:21.523Z","sell","maker"
"0.25150000","3794.20000000","2024-05-25T19:58:21.386Z","sell","maker"
"0.25150000","280.00000000","2024-05-25T19:58:21.386Z","sell","maker"
"0.25150000","5369.60000000","2024-05-25T19:58:21.386Z","sell","maker"
"0.25140000","280.00000000","2024-05-25T19:58:21.386Z","sell","maker"
"0.25140000","280.00000000","2024-05-25T19:58:21.381Z","sell","maker"
"0.25150000","3546.30000000","2024-05-25T19:58:07.332Z","sell","maker"
"0.25150000","280.00000000","2024-05-25T19:58:07.332Z","sell","maker"
"0.25140000","280.00000000","2024-05-25T19:58:07.332Z","sell","maker"
"0.25100000","134.00000000","2024-05-25T19:57:17.311Z","buy","maker"
"0.25110000","672.50000000","2024-05-25T19:57:17.311Z","buy","maker"
"0.25150000","280.00000000","2024-05-25T19:57:12.659Z","buy","maker"
"0.25160000","389.80000000","2024-05-25T19:56:16.220Z","buy","maker"
"0.25160000","280.00000000","2024-05-25T19:56:03.309Z","sell","maker"
"0.25120000","8809.50000000","2024-05-25T19:55:24.129Z","buy","maker"
"0.25120000","770.00000000","2024-05-25T19:55:24.129Z","buy","maker"
"0.25130000","99.50000000","2024-05-25T19:55:24.128Z","buy","maker"
"0.25140000","20.90000000","2024-05-25T19:55:24.128Z","buy","maker"
"0.25150000","770.00000000","2024-05-25T19:55:22.974Z","buy","maker"
"0.25150000","8656.10000000","2024-05-25T19:55:22.974Z","buy","maker"
"0.25150000","280.00000000","2024-05-25T19:55:22.974Z","buy","maker"
"0.25160000","280.00000000","2024-05-25T19:55:22.972Z","buy","maker"
"0.25190000","5514.90000000","2024-05-25T19:55:21.853Z","buy","maker"
"0.25190000","3934.00000000","2024-05-25T19:55:21.850Z","buy","maker"
"0.25190000","790.00000000","2024-05-25T19:55:21.850Z","buy","maker"
"0.25190000","280.00000000","2024-05-25T19:55:21.850Z","buy","maker"
"0.25200000","280.00000000","2024-05-25T19:55:21.850Z","buy","maker"
"0.25240000","490.10000000","2024-05-25T19:55:12.747Z","sell","maker"
"0.25240000","280.00000000","2024-05-25T19:55:12.747Z","sell","maker"
"0.25250000","4.00000000","2024-05-25T19:54:51.563Z","sell","maker"
"0.25250000","129.00000000","2024-05-25T19:54:49.021Z","sell","maker"
"0.25250000","280.00000000","2024-05-25T19:54:49.021Z","sell","maker"
"0.25180000","604.20000000","2024-05-25T19:54:34.149Z","buy","maker"
"0.25190000","22298.60000000","2024-05-25T19:54:32.961Z","sell","maker"
"0.25190000","280.00000000","2024-05-25T19:54:32.951Z","buy","maker"
"0.25220000","653.40000000","2024-05-25T19:54:31.385Z","sell","maker"
"0.25230000","280.00000000","2024-05-25T19:54:17.519Z","buy","maker"
"0.25230000","5.10000000","2024-05-25T19:54:02.339Z","buy","maker"
"0.25250000","280.00000000","2024-05-25T19:53:51.506Z","buy","maker"
"0.25260000","176.90000000","2024-05-25T19:53:43.197Z","buy","maker"
"0.25260000","280.00000000","2024-05-25T19:53:43.197Z","buy","maker"
"0.25280000","280.00000000","2024-05-25T19:53:30.957Z","sell","maker"
"0.25280000","852.10000000","2024-05-25T19:53:30.954Z","sell","maker"
"0.25270000","280.00000000","2024-05-25T19:53:30.954Z","sell","maker"
"0.25280000","6000.00000000","2024-05-25T19:53:30.951Z","sell","maker"
"0.25280000","1720.00000000","2024-05-25T19:53:30.949Z","sell","maker"
"0.25280000","280.00000000","2024-05-25T19:53:30.949Z","sell","maker"
"0.25270000","280.00000000","2024-05-25T19:53:30.947Z","sell","maker"
"0.25260000","1199.70000000","2024-05-25T19:53:30.940Z","sell","maker"
"0.25260000","100.30000000","2024-05-25T19:53:26.907Z","sell","maker"
"0.25260000","280.00000000","2024-05-25T19:52:49.951Z","sell","maker"
"0.25240000","280.00000000","2024-05-25T19:52:47.930Z","sell","maker"
"0.25260000","1300.00000000","2024-05-25T19:52:26.976Z","sell","maker"
"0.25260000","72.70000000","2024-05-25T19:52:26.849Z","sell","maker"
"0.25260000","280.00000000","2024-05-25T19:52:26.849Z","sell","maker"
"0.25260000","135.30000000","2024-05-25T19:52:26.849Z","sell","maker"
"0.25190000","681.70000000","2024-05-25T19:52:17.918Z","buy","maker"
"0.25190000","820.00000000","2024-05-25T19:52:17.918Z","buy","maker"
"0.25200000","1300.00000000","2024-05-25T19:52:17.918Z","buy","maker"
"0.25210000","1300.00000000","2024-05-25T19:52:17.918Z","buy","maker"
"0.25210000","860.00000000","2024-05-25T19:52:17.918Z","buy","maker"
"0.25210000","2806.20000000","2024-05-25T19:52:17.918Z","buy","maker"
"0.25210000","280.00000000","2024-05-25T19:52:17.918Z","buy","maker"
"0.25210000","1326.10000000","2024-05-25T19:52:17.918Z","buy","maker"
"0.25220000","1006.90000000","2024-05-25T19:52:17.918Z","buy","maker"
"0.25220000","9052.20000000","2024-05-25T19:52:17.918Z","buy","maker"
"0.25220000","280.00000000","2024-05-25T19:52:17.918Z","buy","maker"
"0.25220000","1222.60000000","2024-05-25T19:52:17.918Z","buy","maker"
"0.25230000","280.00000000","2024-05-25T19:52:17.918Z","buy","maker"
"0.25230000","914.00000000","2024-05-25T19:52:17.918Z","buy","maker"
"0.25220000","280.00000000","2024-05-25T19:52:02.926Z","sell","maker"
"0.25220000","208.00000000","2024-05-25T19:52:02.926Z","sell","maker"
"0.25210000","60.00000000","2024-05-25T19:52:02.504Z","sell","maker"
"0.25170000","629.90000000","2024-05-25T19:51:47.463Z","buy","maker"
"0.25170000","1366.20000000","2024-05-25T19:51:47.463Z","buy","maker"
"0.25190000","3.90000000","2024-05-25T19:51:47.463Z","buy","maker"
"0.25210000","3100.00000000","2024-05-25T19:51:00.054Z","buy","maker"
"0.25210000","280.00000000","2024-05-25T19:50:50.653Z","sell","maker"
"0.25180000","1.40000000","2024-05-25T19:50:35.727Z","buy","maker"
"0.25190000","1510.60000000","2024-05-25T19:50:35.716Z","buy","maker"
"0.25190000","1652.40000000","2024-05-25T19:50:35.712Z","buy","maker"
"0.25190000","796.90000000","2024-05-25T19:50:35.712Z","buy","maker"
"0.25210000","2.00000000","2024-05-25T19:50:29.925Z","sell","maker"
"0.25200000","35.40000000","2024-05-25T19:50:03.956Z","sell","maker"
"0.25160000","137.80000000","2024-05-25T19:49:16.556Z","buy","maker"
"0.25170000","39.70000000","2024-05-25T19:49:16.556Z","buy","maker"
"0.25190000","20.90000000","2024-05-25T19:49:16.556Z","buy","maker"
"0.25230000","20.80000000","2024-05-25T19:49:00.229Z","sell","maker"
"0.25210000","280.00000000","2024-05-25T19:48:39.216Z","buy","maker"
"0.25210000","215.30000000","2024-05-25T19:48:39.216Z","buy","maker"
"0.25260000","37.90000000","2024-05-25T19:48:36.579Z","sell","maker"
"0.25230000","280.00000000","2024-05-25T19:48:35.335Z","buy","maker"
"0.25280000","201.70000000","2024-05-25T19:48:29.204Z","sell","maker"
"0.25280000","78.30000000","2024-05-25T19:48:27.663Z","sell","maker"
"0.25250000","9782.10000000","2024-05-25T19:48:26.607Z","buy","maker"
"0.25250000","860.00000000","2024-05-25T19:48:26.607Z","buy","maker"
"0.25250000","280.00000000","2024-05-25T19:48:26.607Z","buy","maker"
"0.25260000","280.00000000","2024-05-25T19:48:26.604Z","buy","maker"
"0.25310000","110.80000000","2024-05-25T19:48:10.450Z","sell","maker"
"0.25300000","280.00000000","2024-05-25T19:48:10.450Z","sell","maker"
"0.25290000","720.00000000","2024-05-25T19:48:06.739Z","buy","maker"
"0.25290000","2806.20000000","2024-05-25T19:48:06.739Z","buy","maker"
"0.25300000","1363.50000000","2024-05-25T19:48:06.735Z","buy","maker"
"0.25310000","876.10000000","2024-05-25T19:48:04.018Z","buy","maker"
"0.25300000","52.90000000","2024-05-25T19:47:52.778Z","buy","maker"
"0.25300000","10.00000000","2024-05-25T19:47:52.778Z","buy","maker"
"0.25300000","20.80000000","2024-05-25T19:47:52.778Z","buy","maker"
"0.25350000","280.00000000","2024-05-25T19:47:06.225Z","buy","maker"
"0.25360000","1866.50000000","2024-05-25T19:46:49.787Z","buy","maker"
"0.25360000","280.00000000","2024-05-25T19:46:49.787Z","buy","maker"
"0.25360000","145.60000000","2024-05-25T19:46:49.787Z","buy","maker"
"0.25370000","208.00000000","2024-05-25T19:46:49.787Z","buy","maker"
"0.25370000","280.00000000","2024-05-25T19:46:49.787Z","buy","maker"
"0.25380000","6750.30000000","2024-05-25T19:46:46.497Z","buy","maker"
"0.25380000","280.00000000","2024-05-25T19:46:46.497Z","buy","maker"
"0.25390000","280.00000000","2024-05-25T19:46:46.497Z","buy","maker"
"0.25390000","280.00000000","2024-05-25T19:46:46.492Z","buy","maker"
"0.25410000","2053.40000000","2024-05-25T19:46:44.183Z","sell","maker"
"0.25410000","830.00000000","2024-05-25T19:46:44.183Z","sell","maker"
"0.25400000","1026.70000000","2024-05-25T19:46:44.173Z","sell","maker"
"0.25400000","513.40000000","2024-05-25T19:46:44.173Z","sell","maker"
"0.25390000","15000.00000000","2024-05-25T19:46:44.172Z","sell","maker"
"0.25390000","770.00000000","2024-05-25T19:46:44.172Z","sell","maker"
"0.25380000","3784.90000000","2024-05-25T19:46:44.161Z","sell","maker"
"0.25380000","256.70000000","2024-05-25T19:46:44.161Z","sell","maker"
"0.25370000","9761.90000000","2024-05-25T19:46:44.160Z","sell","maker"
"0.25370000","630.00000000","2024-05-25T19:46:44.160Z","sell","maker"
"0.25370000","280.00000000","2024-05-25T19:46:44.160Z","sell","maker"
"0.25360000","280.00000000","2024-05-25T19:46:44.160Z","sell","maker"
"0.25350000","280.00000000","2024-05-25T19:46:44.159Z","sell","maker"
"0.25360000","2806.20000000","2024-05-25T19:46:44.152Z","sell","maker"
"0.25360000","208.00000000","2024-05-25T19:46:44.152Z","sell","maker"
"0.25360000","280.00000000","2024-05-25T19:46:44.152Z","sell","maker"
"0.25350000","280.00000000","2024-05-25T19:46:44.152Z","sell","maker"
"0.25310000","48.70000000","2024-05-25T19:46:13.527Z","buy","maker"
"0.25370000","38.10000000","2024-05-25T19:45:22.934Z","sell","maker"
"0.25320000","280.00000000","2024-05-25T19:44:46.075Z","buy","maker"
"0.25320000","880.00000000","2024-05-25T19:44:46.075Z","buy","maker"
"0.25330000","76.90000000","2024-05-25T19:44:46.075Z","buy","maker"
"0.25370000","15.60000000","2024-05-25T19:43:57.502Z","sell","maker"
"0.25370000","35.20000000","2024-05-25T19:43:50.412Z","sell","maker"
"0.25370000","91.80000000","2024-05-25T19:43:41.868Z","sell","maker"
"0.25370000","280.00000000","2024-05-25T19:43:41.868Z","sell","maker"
"0.25350000","280.00000000","2024-05-25T19:43:32.753Z","buy","maker"
"0.25390000","5.30000000","2024-05-25T19:43:30.231Z","sell","maker"
"0.25380000","280.00000000","2024-05-25T19:43:19.323Z","buy","maker"
"0.25380000","280.00000000","2024-05-25T19:43:19.308Z","buy","maker"
"0.25390000","208.00000000","2024-05-25T19:43:19.149Z","buy","maker"
"0.25400000","280.00000000","2024-05-25T19:43:13.388Z","buy","maker"
"0.25420000","57.00000000","2024-05-25T19:43:12.167Z","sell","maker"
"0.25440000","91.50000000","2024-05-25T19:43:03.535Z","sell","maker"
"0.25430000","57.10000000","2024-05-25T19:42:40.608Z","sell","maker"
"0.25420000","758.70000000","2024-05-25T19:42:39.671Z","sell","maker"
"0.25420000","280.00000000","2024-05-25T19:42:39.671Z","sell","maker"
"0.25410000","238.50000000","2024-05-25T19:42:39.671Z","sell","maker"
"0.25410000","41.50000000","2024-05-25T19:42:31.501Z","sell","maker"
"0.25400000","80.00000000","2024-05-25T19:42:20.628Z","sell","maker"
"0.25400000","280.00000000","2024-05-25T19:42:20.628Z","sell","maker"
"0.25400000","125.00000000","2024-05-25T19:42:20.628Z","sell","maker"
"0.25390000","280.00000000","2024-05-25T19:42:20.628Z","sell","maker"
"0.25380000","280.00000000","2024-05-25T19:41:52.868Z","sell","maker"
"0.25350000","740.00000000","2024-05-25T19:41:48.169Z","buy","maker"
"0.25370000","1.60000000","2024-05-25T19:41:48.169Z","buy","maker"
"0.25420000","352.60000000","2024-05-25T19:41:33.053Z","sell","maker"
"0.25410000","280.00000000","2024-05-25T19:41:30.933Z","buy","maker"
"0.25440000","1300.00000000","2024-05-25T19:40:50.137Z","sell","maker"
"0.25400000","204.60000000","2024-05-25T19:40:33.560Z","buy","maker"
"0.25400000","1300.00000000","2024-05-25T19:40:33.560Z","buy","maker"
"0.25410000","2806.20000000","2024-05-25T19:40:33.560Z","buy","maker"
"0.25410000","1300.00000000","2024-05-25T19:40:33.560Z","buy","maker"
"0.25410000","860.00000000","2024-05-25T19:40:33.560Z","buy","maker"
"0.25420000","859.70000000","2024-05-25T19:40:33.560Z","buy","maker"
"0.25420000","280.00000000","2024-05-25T19:40:33.560Z","buy","maker"
"0.25430000","860.00000000","2024-05-25T19:40:33.560Z","buy","maker"
"0.25430000","9622.50000000","2024-05-25T19:40:33.560Z","buy","maker"
"0.25430000","280.00000000","2024-05-25T19:40:33.560Z","buy","maker"
"0.25440000","280.00000000","2024-05-25T19:40:33.560Z","buy","maker"
"0.25460000","280.00000000","2024-05-25T19:40:27.131Z","sell","maker"
"0.25470000","193.30000000","2024-05-25T19:40:16.051Z","sell","maker"
"0.25470000","181.00000000","2024-05-25T19:40:16.051Z","sell","maker"
"0.25430000","100.50000000","2024-05-25T19:40:11.047Z","buy","maker"
"0.25470000","23.30000000","2024-05-25T19:39:38.229Z","sell","maker"
"0.25470000","3.70000000","2024-05-25T19:39:23.480Z","sell","maker"
"0.25450000","280.00000000","2024-05-25T19:39:18.093Z","sell","maker"
"0.25420000","9156.80000000","2024-05-25T19:39:09.869Z","buy","maker"
"0.25420000","280.00000000","2024-05-25T19:39:09.869Z","buy","maker"
"0.25420000","166.20000000","2024-05-25T19:39:09.869Z","buy","maker"
"0.25430000","680.00000000","2024-05-25T19:39:09.866Z","buy","maker"
"0.25430000","208.00000000","2024-05-25T19:39:09.866Z","buy","maker"
"0.25430000","280.00000000","2024-05-25T19:39:09.866Z","buy","maker"
"0.25440000","280.00000000","2024-05-25T19:39:09.865Z","buy","maker"
"0.25470000","186.20000000","2024-05-25T19:38:48.454Z","sell","maker"
"0.25460000","248.80000000","2024-05-25T19:38:25.206Z","sell","maker"
"0.25450000","280.00000000","2024-05-25T19:38:05.652Z","buy","maker"
"0.25440000","9.40000000","2024-05-25T19:37:24.411Z","sell","maker"
"0.25440000","280.00000000","2024-05-25T19:37:24.411Z","sell","maker"
"0.25430000","280.00000000","2024-05-25T19:37:24.411Z","sell","maker"
"0.25430000","52.20000000","2024-05-25T19:37:02.067Z","sell","maker"
"0.25440000","280.00000000","2024-05-25T19:36:31.570Z","sell","maker"
"0.25440000","1108.10000000","2024-05-25T19:36:31.570Z","sell","maker"
"0.25440000","1698.10000000","2024-05-25T19:36:31.562Z","sell","maker"
"0.25440000","280.00000000","2024-05-25T19:36:31.562Z","sell","maker"
"0.25400000","15010.90000000","2024-05-25T19:35:31.605Z","sell","maker"
"0.25400000","2473.70000000","2024-05-25T19:35:31.548Z","buy","maker"
"0.25400000","840.00000000","2024-05-25T19:35:31.548Z","buy","maker"
"0.25400000","280.00000000","2024-05-25T19:35:31.548Z","buy","maker"
"0.25410000","280.00000000","2024-05-25T19:35:31.548Z","buy","maker"
"0.25410000","208.00000000","2024-05-25T19:35:31.548Z","buy","maker"
"0.25420000","208.00000000","2024-05-25T19:35:24.945Z","buy","maker"
"0.25440000","660.00000000","2024-05-25T19:35:15.264Z","buy","maker"
"0.25440000","208.00000000","2024-05-25T19:35:15.264Z","buy","maker"
"0.25460000","62.30000000","2024-05-25T19:35:07.933Z","buy","maker"
"0.25510000","172.30000000","2024-05-25T19:34:59.323Z","sell","maker"
"0.25490000","2806.20000000","2024-05-25T19:34:53.852Z","sell","maker"
"0.25490000","280.00000000","2024-05-25T19:34:53.852Z","sell","maker"
"0.25510000","81.80000000","2024-05-25T19:34:33.430Z","sell","maker"
"0.25520000","208.00000000","2024-05-25T19:34:03.547Z","buy","maker"
"0.25600000","115.40000000","2024-05-25T19:33:36.124Z","sell","maker"
"0.25600000","2232.50000000","2024-05-25T19:33:20.969Z","sell","maker"
"0.25600000","280.00000000","2024-05-25T19:33:20.969Z","sell","maker"
"0.25610000","106.60000000","2024-05-25T19:33:11.595Z","sell","maker"
"0.25600000","280.00000000","2024-05-25T19:33:11.595Z","sell","maker"
"0.25540000","8617.90000000","2024-05-25T19:32:44.808Z","buy","maker"
"0.25540000","280.00000000","2024-05-25T19:32:44.808Z","buy","maker"
"0.25550000","280.00000000","2024-05-25T19:32:44.807Z","buy","maker"
"0.25570000","208.00000000","2024-05-25T19:32:18.971Z","buy","maker"
"0.25580000","208.00000000","2024-05-25T19:32:15.691Z","buy","maker"
"0.25610000","280.00000000","2024-05-25T19:31:57.358Z","buy","maker"
"0.25610000","851.70000000","2024-05-25T19:31:57.358Z","buy","maker"
"0.25610000","208.00000000","2024-05-25T19:31:57.358Z","buy","maker"
"0.25630000","280.00000000","2024-05-25T19:31:42.229Z","buy","maker"
"0.25640000","280.00000000","2024-05-25T19:31:36.413Z","sell","maker"
"0.25640000","264.60000000","2024-05-25T19:31:36.413Z","sell","maker"
"0.25640000","529.20000000","2024-05-25T19:31:36.413Z","sell","maker"
"0.25630000","2194.90000000","2024-05-25T19:31:17.802Z","sell","maker"
"0.25630000","280.00000000","2024-05-25T19:31:17.802Z","sell","maker"
"0.25630000","1047.90000000","2024-05-25T19:31:17.802Z","sell","maker"
"0.25580000","208.00000000","2024-05-25T19:30:33.612Z","buy","maker"
"0.25590000","280.00000000","2024-05-25T19:30:20.285Z","buy","maker"
"0.25630000","54.60000000","2024-05-25T19:29:54.728Z","sell","maker"
"0.25620000","280.00000000","2024-05-25T19:29:54.728Z","sell","maker"
"0.25560000","3.60000000","2024-05-25T19:29:01.847Z","buy","maker"
"0.25610000","280.00000000","2024-05-25T19:28:54.546Z","buy","maker"
"0.25630000","2806.20000000","2024-05-25T19:28:45.058Z","sell","maker"
"0.25630000","280.00000000","2024-05-25T19:28:45.058Z","sell","maker"
"0.25580000","510.60000000","2024-05-25T19:28:11.292Z","buy","maker"
"0.25580000","680.00000000","2024-05-25T19:28:11.292Z","buy","maker"
"0.25580000","208.00000000","2024-05-25T19:28:11.292Z","buy","maker"
"0.25580000","280.00000000","2024-05-25T19:28:11.292Z","buy","maker"
"0.25620000","280.00000000","2024-05-25T19:28:06.542Z","sell","maker"
"0.25620000","280.00000000","2024-05-25T19:28:06.526Z","sell","maker"
"0.25620000","280.00000000","2024-05-25T19:28:06.480Z","sell","maker"
"0.25620000","272.90000000","2024-05-25T19:28:06.465Z","sell","maker"
"0.25620000","280.00000000","2024-05-25T19:28:06.465Z","sell","maker"
"0.25620000","551.20000000","2024-05-25T19:28:06.465Z","sell","maker"
"0.25620000","6916.20000000","2024-05-25T19:28:06.465Z","sell","maker"
"0.25620000","2958.10000000","2024-05-25T19:28:06.464Z","sell","maker"
"0.25610000","280.00000000","2024-05-25T19:28:06.461Z","sell","maker"
"0.25600000","280.00000000","2024-05-25T19:27:56.117Z","sell","maker"
"0.25600000","3853.20000000","2024-05-25T19:27:56.117Z","sell","maker"
"0.25590000","275.60000000","2024-05-25T19:27:55.935Z","sell","maker"
"0.25570000","280.00000000","2024-05-25T19:27:54.995Z","buy","maker"
"0.25580000","280.00000000","2024-05-25T19:27:54.638Z","sell","maker"
"0.25520000","500.00000000","2024-05-25T19:27:54.497Z","buy","maker"
"0.25530000","208.00000000","2024-05-25T19:27:54.497Z","buy","maker"
"0.25540000","208.00000000","2024-05-25T19:27:54.497Z","buy","maker"
"0.25520000","511.50000000","2024-05-25T19:27:54.403Z","buy","maker"
"0.25520000","620.10000000","2024-05-25T19:27:54.396Z","buy","maker"
"0.25530000","1653.20000000","2024-05-25T19:27:54.396Z","buy","maker"
"0.25530000","208.00000000","2024-05-25T19:27:54.396Z","buy","maker"
"0.25550000","618.60000000","2024-05-25T19:27:54.396Z","buy","maker"
"0.25550000","208.00000000","2024-05-25T19:27:54.396Z","buy","maker"
"0.25550000","20.60000000","2024-05-25T19:27:54.396Z","buy","maker"
"0.25580000","2755.30000000","2024-05-25T19:27:54.351Z","buy","maker"
"0.25590000","2806.20000000","2024-05-25T19:27:54.351Z","buy","maker"
"0.25590000","5374.50000000","2024-05-25T19:27:54.351Z","buy","maker"
"0.25590000","9625.50000000","2024-05-25T19:27:54.344Z","buy","maker"
"0.25590000","5613.70000000","2024-05-25T19:27:54.344Z","buy","maker"
"0.25600000","1102.10000000","2024-05-25T19:27:54.344Z","buy","maker"
"0.25600000","2204.20000000","2024-05-25T19:27:54.344Z","buy","maker"
"0.25610000","551.10000000","2024-05-25T19:27:54.343Z","buy","maker"
"0.25610000","10.00000000","2024-05-25T19:27:54.343Z","buy","maker"
"0.25620000","3686.10000000","2024-05-25T19:27:54.342Z","buy","maker"
"0.25620000","561.10000000","2024-05-25T19:27:54.342Z","buy","maker"
"0.25630000","1818.90000000","2024-05-25T19:27:54.341Z","buy","maker"
"0.25630000","426.20000000","2024-05-25T19:27:54.339Z","buy","maker"