"price","volume","timestamp","type"
"0.2503","3599.7","2024-05-25T21:53:07.207Z","ask"
"0.2504","13834.1","2024-05-25T21:53:07.207Z","ask"
"0.2505","3566.1","2024-05-25T21:53:07.207Z","ask"
"0.2506","3065.2","2024-05-25T21:53:07.207Z","ask"
"0.2507","1938.3","2024-05-25T21:53:07.207Z","ask"
"0.2508","15500","2024-05-25T21:53:07.207Z","ask"
"0.2509","2726.7","2024-05-25T21:53:07.207Z","ask"
"0.2511","2620.9","2024-05-25T21:53:07.207Z","ask"
"0.2519","8546.7","2024-05-25T21:53:07.207Z","ask"
"0.253","10","2024-05-25T21:53:07.207Z","ask"
"0.2533","6552.1","2024-05-25T21:53:07.207Z","ask"
"0.2534","105.5","2024-05-25T21:53:07.207Z","ask"
"0.2544","11264.2","2024-05-25T21:53:07.207Z","ask"
"0.2545","105541.3","2024-05-25T21:53:07.207Z","ask"
"0.255","20104.2","2024-05-25T21:53:07.207Z","ask"
"0.2554","7862.6","2024-05-25T21:53:07.207Z","ask"
"0.2561","10","2024-05-25T21:53:07.207Z","ask"
"0.2565","103.6","2024-05-25T21:53:07.207Z","ask"
"0.2568","78.5","2024-05-25T21:53:07.207Z","ask"
"0.257","19718","2024-05-25T21:53:07.207Z","ask"
"0.2572","1363.5","2024-05-25T21:53:07.207Z","ask"
"0.2574","28.9","2024-05-25T21:53:07.207Z","ask"
"0.258","16354","2024-05-25T21:53:07.207Z","ask"
"0.2586","18.6","2024-05-25T21:53:07.207Z","ask"
"0.2587","68.4","2024-05-25T21:53:07.207Z","ask"
"0.2588","389.6","2024-05-25T21:53:07.207Z","ask"
"0.2589","8523.8","2024-05-25T21:53:07.207Z","ask"
"0.2591","10","2024-05-25T21:53:07.207Z","ask"
"0.2592","7129.4","2024-05-25T21:53:07.207Z","ask"
"0.2597","48.4","2024-05-25T21:53:07.207Z","ask"
"0.2606","4037.5","2024-05-25T21:53:07.207Z","ask"
"0.262","962","2024-05-25T21:53:07.207Z","ask"
"0.2621","10","2024-05-25T21:53:07.207Z","ask"
"0.2625","28.9","2024-05-25T21:53:07.207Z","ask"
"0.2628","37.9","2024-05-25T21:53:07.207Z","ask"
"0.263","302","2024-05-25T21:53:07.207Z","ask"
"0.2632","0.4","2024-05-25T21:53:07.207Z","ask"
"0.2634","98.1","2024-05-25T21:53:07.207Z","ask"
"0.2636","0.4","2024-05-25T21:53:07.207Z","ask"
"0.2638","0.4","2024-05-25T21:53:07.207Z","ask"
"0.264","451.7","2024-05-25T21:53:07.207Z","ask"
"0.2642","0.4","2024-05-25T21:53:07.207Z","ask"
"0.2644","0.4","2024-05-25T21:53:07.207Z","ask"
"0.2646","0.4","2024-05-25T21:53:07.207Z","ask"
"0.2647","0.6","2024-05-25T21:53:07.207Z","ask"
"0.2648","0.4","2024-05-25T21:53:07.207Z","ask"
"0.2649","741.9","2024-05-25T21:53:07.207Z","ask"
"0.265","1174.6","2024-05-25T21:53:07.207Z","ask"
"0.2651","28.7","2024-05-25T21:53:07.207Z","ask"
"0.2652","10","2024-05-25T21:53:07.207Z","ask"
"0.2653","25.7","2024-05-25T21:53:07.207Z","ask"
"0.266","738.4","2024-05-25T21:53:07.207Z","ask"
"0.2662","412.4","2024-05-25T21:53:07.207Z","ask"
"0.2663","7364.6","2024-05-25T21:53:07.207Z","ask"
"0.2665","28.9","2024-05-25T21:53:07.207Z","ask"
"0.2667","52","2024-05-25T21:53:07.207Z","ask"
"0.2668","47.1","2024-05-25T21:53:07.207Z","ask"
"0.2669","735.7","2024-05-25T21:53:07.207Z","ask"
"0.267","14682.5","2024-05-25T21:53:07.207Z","ask"
"0.2676","18","2024-05-25T21:53:07.207Z","ask"
"0.2678","0.4","2024-05-25T21:53:07.207Z","ask"
"0.2679","22.2","2024-05-25T21:53:07.207Z","ask"
"0.268","2199.1","2024-05-25T21:53:07.207Z","ask"
"0.2681","0.2","2024-05-25T21:53:07.207Z","ask"
"0.2682","0.4","2024-05-25T21:53:07.207Z","ask"
"0.2683","0.2","2024-05-25T21:53:07.207Z","ask"
"0.2685","0.6","2024-05-25T21:53:07.207Z","ask"
"0.2687","0.6","2024-05-25T21:53:07.207Z","ask"
"0.2689","730.8","2024-05-25T21:53:07.207Z","ask"
"0.2691","5149.7","2024-05-25T21:53:07.207Z","ask"
"0.2692","0.6","2024-05-25T21:53:07.207Z","ask"
"0.2694","0.6","2024-05-25T21:53:07.207Z","ask"
"0.2696","200.8","2024-05-25T21:53:07.207Z","ask"
"0.2698","0.4","2024-05-25T21:53:07.207Z","ask"
"0.2699","154.9","2024-05-25T21:53:07.207Z","ask"
"0.27","4970","2024-05-25T21:53:07.207Z","ask"
"0.2701","0.2","2024-05-25T21:53:07.207Z","ask"
"0.2702","0.4","2024-05-25T21:53:07.207Z","ask"
"0.2703","0.2","2024-05-25T21:53:07.207Z","ask"
"0.2704","0.4","2024-05-25T21:53:07.207Z","ask"
"0.2705","342.3","2024-05-25T21:53:07.207Z","ask"
"0.2706","0.4","2024-05-25T21:53:07.207Z","ask"
"0.2707","0.2","2024-05-25T21:53:07.207Z","ask"
"0.2708","0.4","2024-05-25T21:53:07.207Z","ask"
"0.2709","0.2","2024-05-25T21:53:07.207Z","ask"
"0.2711","725.3","2024-05-25T21:53:07.207Z","ask"
"0.2713","0.6","2024-05-25T21:53:07.207Z","ask"
"0.2714","261","2024-05-25T21:53:07.207Z","ask"
"0.2715","12500.6","2024-05-25T21:53:07.207Z","ask"
"0.2723","76.9","2024-05-25T21:53:07.207Z","ask"
"0.2727","45.5","2024-05-25T21:53:07.207Z","ask"
"0.2729","150.7","2024-05-25T21:53:07.207Z","ask"
"0.273","5377.2","2024-05-25T21:53:07.207Z","ask"
"0.2732","2808.4","2024-05-25T21:53:07.207Z","ask"
"0.2734","38.8","2024-05-25T21:53:07.207Z","ask"
"0.2737","45.5","2024-05-25T21:53:07.207Z","ask"
"0.2742","45.8","2024-05-25T21:53:07.207Z","ask"
"0.2747","3838.5","2024-05-25T21:53:07.207Z","ask"
"0.275","5124.5","2024-05-25T21:53:07.207Z","ask"
"0.276","88.5","2024-05-25T21:53:07.207Z","ask"
"0.2761","37.8","2024-05-25T21:53:07.207Z","ask"
"0.2763","110.2","2024-05-25T21:53:07.207Z","ask"
"0.277","17.4","2024-05-25T21:53:07.207Z","ask"
"0.2773","446.4","2024-05-25T21:53:07.207Z","ask"
"0.2774","1.4","2024-05-25T21:53:07.207Z","ask"
"0.2776","1.4","2024-05-25T21:53:07.207Z","ask"
"0.2786","113.5","2024-05-25T21:53:07.207Z","ask"
"0.2789","100","2024-05-25T21:53:07.207Z","ask"
"0.2798","4904.9","2024-05-25T21:53:07.207Z","ask"
"0.28","55918.9","2024-05-25T21:53:07.207Z","ask"
"0.2801","14.8","2024-05-25T21:53:07.207Z","ask"
"0.2811","10.8","2024-05-25T21:53:07.207Z","ask"
"0.2814","34.8","2024-05-25T21:53:07.207Z","ask"
"0.2815","372.7","2024-05-25T21:53:07.207Z","ask"
"0.2817","44.6","2024-05-25T21:53:07.207Z","ask"
"0.2818","22.9","2024-05-25T21:53:07.207Z","ask"
"0.282","2293.4","2024-05-25T21:53:07.207Z","ask"
"0.2826","21283.8","2024-05-25T21:53:07.207Z","ask"
"0.2835","40","2024-05-25T21:53:07.207Z","ask"
"0.2844","3.5","2024-05-25T21:53:07.207Z","ask"
"0.285","1960.6","2024-05-25T21:53:07.207Z","ask"
"0.2852","3696.4","2024-05-25T21:53:07.207Z","ask"
"0.2855","0.4","2024-05-25T21:53:07.207Z","ask"
"0.2856","22.6","2024-05-25T21:53:07.207Z","ask"
"0.2866","62.2","2024-05-25T21:53:07.207Z","ask"
"0.2867","1062.9","2024-05-25T21:53:07.207Z","ask"
"0.2888","94.7","2024-05-25T21:53:07.207Z","ask"
"0.289","630.8","2024-05-25T21:53:07.207Z","ask"
"0.2895","43.4","2024-05-25T21:53:07.207Z","ask"
"0.29","9781.7","2024-05-25T21:53:07.207Z","ask"
"0.2904","3630.5","2024-05-25T21:53:07.207Z","ask"
"0.2923","29.7","2024-05-25T21:53:07.207Z","ask"
"0.2938","97.9","2024-05-25T21:53:07.207Z","ask"
"0.2951","170","2024-05-25T21:53:07.207Z","ask"
"0.2953","22808.4","2024-05-25T21:53:07.207Z","ask"
"0.2958","3564.4","2024-05-25T21:53:07.207Z","ask"
"0.2965","3.5","2024-05-25T21:53:07.207Z","ask"
"0.2974","42.2","2024-05-25T21:53:07.207Z","ask"
"0.2977","3.5","2024-05-25T21:53:07.207Z","ask"
"0.2978","9871.3","2024-05-25T21:53:07.207Z","ask"
"0.2992","6.9","2024-05-25T21:53:07.207Z","ask"
"0.2999","67.3","2024-05-25T21:53:07.207Z","ask"
"0.3","9038.9","2024-05-25T21:53:07.207Z","ask"
"0.301","3787.5","2024-05-25T21:53:07.207Z","ask"
"0.3014","45.1","2024-05-25T21:53:07.207Z","ask"
"0.3025","49.9","2024-05-25T21:53:07.207Z","ask"
"0.3063","3442.7","2024-05-25T21:53:07.207Z","ask"
"0.3068","23.6","2024-05-25T21:53:07.207Z","ask"
"0.3075","13314.5","2024-05-25T21:53:07.207Z","ask"
"0.3089","3452.3","2024-05-25T21:53:07.207Z","ask"
"0.3092","10.7","2024-05-25T21:53:07.207Z","ask"
"0.31","3085.8","2024-05-25T21:53:07.207Z","ask"
"0.3104","100","2024-05-25T21:53:07.207Z","ask"
"0.3111","22","2024-05-25T21:53:07.207Z","ask"
"0.3115","3804.8","2024-05-25T21:53:07.207Z","ask"
"0.3125","160","2024-05-25T21:53:07.207Z","ask"
"0.3136","43","2024-05-25T21:53:07.207Z","ask"
"0.3169","3906.8","2024-05-25T21:53:07.207Z","ask"
"0.3173","8.9","2024-05-25T21:53:07.207Z","ask"
"0.3177","6.4","2024-05-25T21:53:07.207Z","ask"
"0.32","3430.5","2024-05-25T21:53:07.207Z","ask"
"0.3205","3.5","2024-05-25T21:53:07.207Z","ask"
"0.322","171.4","2024-05-25T21:53:07.207Z","ask"
"0.3221","3790.4","2024-05-25T21:53:07.207Z","ask"
"0.3225","35","2024-05-25T21:53:07.207Z","ask"
"0.323","375.6","2024-05-25T21:53:07.207Z","ask"
"0.3235","3.5","2024-05-25T21:53:07.207Z","ask"
"0.3237","9.4","2024-05-25T21:53:07.207Z","ask"
"0.3238","3.5","2024-05-25T21:53:07.207Z","ask"
"0.324","7","2024-05-25T21:53:07.207Z","ask"
"0.3243","8.9","2024-05-25T21:53:07.207Z","ask"
"0.325","54295","2024-05-25T21:53:07.207Z","ask"
"0.3259","527.3","2024-05-25T21:53:07.207Z","ask"
"0.3268","6.4","2024-05-25T21:53:07.207Z","ask"
"0.3274","3220.6","2024-05-25T21:53:07.207Z","ask"
"0.3281","7","2024-05-25T21:53:07.207Z","ask"
"0.3295","54.5","2024-05-25T21:53:07.207Z","ask"
"0.33","17400.2","2024-05-25T21:53:07.207Z","ask"
"0.3326","3809.2","2024-05-25T21:53:07.207Z","ask"
"0.333","3.5","2024-05-25T21:53:07.207Z","ask"
"0.3331","3.5","2024-05-25T21:53:07.207Z","ask"
"0.3335","3.5","2024-05-25T21:53:07.207Z","ask"
"0.334","7000","2024-05-25T21:53:07.207Z","ask"
"0.3362","2243.1","2024-05-25T21:53:07.207Z","ask"
"0.3379","3120","2024-05-25T21:53:07.207Z","ask"
"0.3385","171.9","2024-05-25T21:53:07.207Z","ask"
"0.339","680.8","2024-05-25T21:53:07.207Z","ask"
"0.34","17901.6","2024-05-25T21:53:07.207Z","ask"
"0.3401","101194.4","2024-05-25T21:53:07.207Z","ask"
"0.3403","44.2","2024-05-25T21:53:07.207Z","ask"
"0.3432","3810.6","2024-05-25T21:53:07.207Z","ask"
"0.3435","35","2024-05-25T21:53:07.207Z","ask"
"0.3448","3.7","2024-05-25T21:53:07.207Z","ask"
"0.345","12","2024-05-25T21:53:07.207Z","ask"
"0.3452","3.5","2024-05-25T21:53:07.207Z","ask"
"0.3468","1695.1","2024-05-25T21:53:07.207Z","ask"
"0.347","44.6","2024-05-25T21:53:07.207Z","ask"
"0.3485","3078.6","2024-05-25T21:53:07.207Z","ask"
"0.3487","5887.1","2024-05-25T21:53:07.207Z","ask"
"0.3488","2296.1","2024-05-25T21:53:07.207Z","ask"
"0.3495","500","2024-05-25T21:53:07.207Z","ask"
"0.35","14881.2","2024-05-25T21:53:07.207Z","ask"
"0.3521","529.5","2024-05-25T21:53:07.207Z","ask"
"0.3528","300","2024-05-25T21:53:07.207Z","ask"
"0.3543","3025.8","2024-05-25T21:53:07.207Z","ask"
"0.3546","26.1","2024-05-25T21:53:07.207Z","ask"
"0.3555","40.3","2024-05-25T21:53:07.207Z","ask"
"0.3574","84.2","2024-05-25T21:53:07.207Z","ask"
"0.3575","29494.8","2024-05-25T21:53:07.207Z","ask"
"0.3582","303.5","2024-05-25T21:53:07.207Z","ask"
"0.3585","2940.7","2024-05-25T21:53:07.207Z","ask"
"0.359","44.7","2024-05-25T21:53:07.207Z","ask"
"0.36","15169.2","2024-05-25T21:53:07.207Z","ask"
"0.361","9863.4","2024-05-25T21:53:07.207Z","ask"
"0.3614","195.7","2024-05-25T21:53:07.207Z","ask"
"0.3627","2906.5","2024-05-25T21:53:07.207Z","ask"
"0.3645","30","2024-05-25T21:53:07.207Z","ask"
"0.365","96.2","2024-05-25T21:53:07.207Z","ask"
"0.3664","7.5","2024-05-25T21:53:07.207Z","ask"
"0.367","2873","2024-05-25T21:53:07.207Z","ask"
"0.3684","100","2024-05-25T21:53:07.207Z","ask"
"0.369","326.4","2024-05-25T21:53:07.207Z","ask"
"0.37","2497.8","2024-05-25T21:53:07.207Z","ask"
"0.3704","100","2024-05-25T21:53:07.207Z","ask"
"0.3712","2840.3","2024-05-25T21:53:07.207Z","ask"
"0.3726","61.9","2024-05-25T21:53:07.207Z","ask"
"0.3749","100","2024-05-25T21:53:07.207Z","ask"
"0.375","75995.8","2024-05-25T21:53:07.207Z","ask"
"0.3754","2808.4","2024-05-25T21:53:07.207Z","ask"
"0.3755","10","2024-05-25T21:53:07.207Z","ask"
"0.3774","20","2024-05-25T21:53:07.207Z","ask"
"0.3789","22.1","2024-05-25T21:53:07.207Z","ask"
"0.3796","2777.1","2024-05-25T21:53:07.207Z","ask"
"0.38","467.9","2024-05-25T21:53:07.207Z","ask"
"0.3839","2746.6","2024-05-25T21:53:07.207Z","ask"
"0.384","52.3","2024-05-25T21:53:07.207Z","ask"
"0.385","21.2","2024-05-25T21:53:07.207Z","ask"
"0.3865","30","2024-05-25T21:53:07.207Z","ask"
"0.387","6512.7","2024-05-25T21:53:07.207Z","ask"
"0.3881","2716.7","2024-05-25T21:53:07.207Z","ask"
"0.3889","328.6","2024-05-25T21:53:07.207Z","ask"
"0.39","29205.3","2024-05-25T21:53:07.207Z","ask"
"0.3906","56.5","2024-05-25T21:53:07.207Z","ask"
"0.3923","2687.4","2024-05-25T21:53:07.207Z","ask"
"0.3948","500","2024-05-25T21:53:07.207Z","ask"
"0.395","58.4","2024-05-25T21:53:07.207Z","ask"
"0.396","1523","2024-05-25T21:53:07.207Z","ask"
"0.3965","2658.8","2024-05-25T21:53:07.207Z","ask"
"0.3974","63.1","2024-05-25T21:53:07.207Z","ask"
"0.3977","12","2024-05-25T21:53:07.207Z","ask"
"0.3988","148","2024-05-25T21:53:07.207Z","ask"
"0.3999","27329","2024-05-25T21:53:07.207Z","ask"
"0.4","49759.2","2024-05-25T21:53:07.207Z","ask"
"0.4008","2630.8","2024-05-25T21:53:07.207Z","ask"
"0.405","22605.3","2024-05-25T21:53:07.207Z","ask"
"0.4085","30","2024-05-25T21:53:07.207Z","ask"
"0.4092","2576.5","2024-05-25T21:53:07.207Z","ask"
"0.4098","10","2024-05-25T21:53:07.207Z","ask"
"0.4099","600","2024-05-25T21:53:07.207Z","ask"
"0.41","15680.2","2024-05-25T21:53:07.207Z","ask"
"0.4134","2550.1","2024-05-25T21:53:07.207Z","ask"
"0.4144","25","2024-05-25T21:53:07.207Z","ask"
"0.415","1260","2024-05-25T21:53:07.208Z","ask"
"0.4175","1250","2024-05-25T21:53:07.208Z","ask"
"0.4176","2524.3","2024-05-25T21:53:07.208Z","ask"
"0.4181","50","2024-05-25T21:53:07.208Z","ask"
"0.4187","119.8","2024-05-25T21:53:07.208Z","ask"
"0.42","10759.9","2024-05-25T21:53:07.208Z","ask"
"0.4211","80","2024-05-25T21:53:07.208Z","ask"
"0.4217","476.2","2024-05-25T21:53:07.208Z","ask"
"0.4219","2499.1","2024-05-25T21:53:07.208Z","ask"
"0.4248","200","2024-05-25T21:53:07.208Z","ask"
"0.4251","6599","2024-05-25T21:53:07.208Z","ask"
"0.426","282.4","2024-05-25T21:53:07.208Z","ask"
"0.4261","2474.3","2024-05-25T21:53:07.208Z","ask"
"0.4265","25","2024-05-25T21:53:07.208Z","ask"
"0.4271","254.4","2024-05-25T21:53:07.208Z","ask"
"0.4278","82.1","2024-05-25T21:53:07.208Z","ask"
"0.4285","1050","2024-05-25T21:53:07.208Z","ask"
"0.4297","1100.1","2024-05-25T21:53:07.208Z","ask"
"0.43","11969.8","2024-05-25T21:53:07.208Z","ask"
"0.4303","2450","2024-05-25T21:53:07.208Z","ask"
"0.431","35786.5","2024-05-25T21:53:07.208Z","ask"
"0.4315","30","2024-05-25T21:53:07.208Z","ask"
"0.4325","138.4","2024-05-25T21:53:07.208Z","ask"
"0.4335","24321.5","2024-05-25T21:53:07.208Z","ask"
"0.4338","250","2024-05-25T21:53:07.208Z","ask"
"0.4345","2426.2","2024-05-25T21:53:07.208Z","ask"
"0.435","1250","2024-05-25T21:53:07.208Z","ask"
"0.4359","2616.4","2024-05-25T21:53:07.208Z","ask"
"0.438","50","2024-05-25T21:53:07.208Z","ask"
"0.4389","250","2024-05-25T21:53:07.208Z","ask"
"0.4399","28.3","2024-05-25T21:53:07.208Z","ask"
"0.44","5977","2024-05-25T21:53:07.208Z","ask"
"0.4407","2394.2","2024-05-25T21:53:07.208Z","ask"
"0.4425","402.7","2024-05-25T21:53:07.208Z","ask"
"0.444","372","2024-05-25T21:53:07.208Z","ask"
"0.4449","30","2024-05-25T21:53:07.208Z","ask"
"0.445","8000","2024-05-25T21:53:07.208Z","ask"
"0.4454","54.8","2024-05-25T21:53:07.208Z","ask"
"0.4456","2365.8","2024-05-25T21:53:07.208Z","ask"
"0.447","300","2024-05-25T21:53:07.208Z","ask"
"0.4478","284","2024-05-25T21:53:07.208Z","ask"
"0.448","10","2024-05-25T21:53:07.208Z","ask"
"0.4488","148.1","2024-05-25T21:53:07.208Z","ask"
"0.4489","400","2024-05-25T21:53:07.208Z","ask"
"0.4498","2360.2","2024-05-25T21:53:07.208Z","ask"
"0.45","25787.5","2024-05-25T21:53:07.208Z","ask"
"0.451","400","2024-05-25T21:53:07.208Z","ask"
"0.4512","1000","2024-05-25T21:53:07.208Z","ask"
"0.4521","151","2024-05-25T21:53:07.208Z","ask"
"0.4524","16.4","2024-05-25T21:53:07.208Z","ask"
"0.4526","55.8","2024-05-25T21:53:07.208Z","ask"
"0.4544","2359.7","2024-05-25T21:53:07.208Z","ask"
"0.4547","110.5","2024-05-25T21:53:07.208Z","ask"
"0.4555","30","2024-05-25T21:53:07.208Z","ask"
"0.4578","100","2024-05-25T21:53:07.208Z","ask"
"0.458","43.8","2024-05-25T21:53:07.208Z","ask"
"0.459","2359.1","2024-05-25T21:53:07.208Z","ask"
"0.46","15856.3","2024-05-25T21:53:07.208Z","ask"
"0.4612","25","2024-05-25T21:53:07.208Z","ask"
"0.4616","113843.7","2024-05-25T21:53:07.208Z","ask"
"0.4617","12","2024-05-25T21:53:07.208Z","ask"
"0.4621","500","2024-05-25T21:53:07.208Z","ask"
"0.4641","2422.1","2024-05-25T21:53:07.208Z","ask"
"0.4644","109","2024-05-25T21:53:07.208Z","ask"
"0.47","2475.9","2024-05-25T21:53:07.208Z","ask"
"0.4721","5000","2024-05-25T21:53:07.208Z","ask"
"0.4723","7602.8","2024-05-25T21:53:07.208Z","ask"
"0.4748","300","2024-05-25T21:53:07.208Z","ask"
"0.475","25","2024-05-25T21:53:07.208Z","ask"
"0.477","350","2024-05-25T21:53:07.208Z","ask"
"0.4795","30","2024-05-25T21:53:07.208Z","ask"
"0.48","3132","2024-05-25T21:53:07.208Z","ask"
"0.483","313.5","2024-05-25T21:53:07.208Z","ask"
"0.485","17","2024-05-25T21:53:07.208Z","ask"
"0.4889","300","2024-05-25T21:53:07.208Z","ask"
"0.49","24100.9","2024-05-25T21:53:07.208Z","ask"
"0.492","130","2024-05-25T21:53:07.208Z","ask"
"0.494","2091.6","2024-05-25T21:53:07.208Z","ask"
"0.4948","400","2024-05-25T21:53:07.208Z","ask"
"0.4973","151","2024-05-25T21:53:07.208Z","ask"
"0.4994","293.3","2024-05-25T21:53:07.208Z","ask"
"0.4999","114.1","2024-05-25T21:53:07.208Z","ask"
"0.5","50792.7","2024-05-25T21:53:07.208Z","ask"
"0.5017","12","2024-05-25T21:53:07.208Z","ask"
"0.5022","121.6","2024-05-25T21:53:07.208Z","ask"
"0.5028","113.3","2024-05-25T21:53:07.208Z","ask"
"0.503","45.8","2024-05-25T21:53:07.208Z","ask"
"0.5045","30","2024-05-25T21:53:07.208Z","ask"
"0.5056","83.7","2024-05-25T21:53:07.208Z","ask"
"0.51","586.4","2024-05-25T21:53:07.208Z","ask"
"0.5106","55","2024-05-25T21:53:07.208Z","ask"
"0.5122","7157.5","2024-05-25T21:53:07.208Z","ask"
"0.5123","3667.8","2024-05-25T21:53:07.208Z","ask"
"0.5145","2311.1","2024-05-25T21:53:07.208Z","ask"
"0.5184","100","2024-05-25T21:53:07.208Z","ask"
"0.52","1532.7","2024-05-25T21:53:07.208Z","ask"
"0.5201","113843.7","2024-05-25T21:53:07.208Z","ask"
"0.521","5000","2024-05-25T21:53:07.208Z","ask"
"0.5212","67.4","2024-05-25T21:53:07.208Z","ask"
"0.525","503.9","2024-05-25T21:53:07.208Z","ask"
"0.5264","112","2024-05-25T21:53:07.208Z","ask"
"0.5282","330.4","2024-05-25T21:53:07.208Z","ask"
"0.5286","80","2024-05-25T21:53:07.208Z","ask"
"0.5295","25","2024-05-25T21:53:07.208Z","ask"
"0.5297","50802.4","2024-05-25T21:53:07.208Z","ask"
"0.53","3041.8","2024-05-25T21:53:07.208Z","ask"
"0.5326","47.1","2024-05-25T21:53:07.208Z","ask"
"0.534","3493","2024-05-25T21:53:07.208Z","ask"
"0.537","93.4","2024-05-25T21:53:07.208Z","ask"
"0.54","21934.6","2024-05-25T21:53:07.208Z","ask"
"0.5416","12","2024-05-25T21:53:07.208Z","ask"
"0.5425","151","2024-05-25T21:53:07.208Z","ask"
"0.545","300","2024-05-25T21:53:07.208Z","ask"
"0.5476","1826.2","2024-05-25T21:53:07.208Z","ask"
"0.5478","201","2024-05-25T21:53:07.208Z","ask"
"0.5489","300","2024-05-25T21:53:07.208Z","ask"
"0.5499","22","2024-05-25T21:53:07.208Z","ask"
"0.55","8507.7","2024-05-25T21:53:07.208Z","ask"
"0.5545","25","2024-05-25T21:53:07.208Z","ask"
"0.555","77","2024-05-25T21:53:07.208Z","ask"
"0.5555","612.5","2024-05-25T21:53:07.208Z","ask"
"0.5572","60.6","2024-05-25T21:53:07.208Z","ask"
"0.56","397773","2024-05-25T21:53:07.208Z","ask"
"0.5604","100","2024-05-25T21:53:07.208Z","ask"
"0.5624","500","2024-05-25T21:53:07.208Z","ask"
"0.563","370","2024-05-25T21:53:07.208Z","ask"
"0.565","55","2024-05-25T21:53:07.208Z","ask"
"0.5712","10","2024-05-25T21:53:07.208Z","ask"
"0.5716","1317.5","2024-05-25T21:53:07.208Z","ask"
"0.5748","300","2024-05-25T21:53:07.208Z","ask"
"0.5795","25","2024-05-25T21:53:07.208Z","ask"
"0.58","1309.7","2024-05-25T21:53:07.208Z","ask"
"0.5816","12","2024-05-25T21:53:07.208Z","ask"
"0.582","1000","2024-05-25T21:53:07.208Z","ask"
"0.5889","300","2024-05-25T21:53:07.208Z","ask"
"0.59","179.4","2024-05-25T21:53:07.208Z","ask"
"0.5901","100","2024-05-25T21:53:07.208Z","ask"
"0.5948","400","2024-05-25T21:53:07.208Z","ask"
"0.6","5834","2024-05-25T21:53:07.208Z","ask"
"0.6016","181.8","2024-05-25T21:53:07.208Z","ask"
"0.6045","25","2024-05-25T21:53:07.208Z","ask"
"0.6096","7201","2024-05-25T21:53:07.208Z","ask"
"0.61","283.4","2024-05-25T21:53:07.208Z","ask"
"0.6114","90.2","2024-05-25T21:53:07.208Z","ask"
"0.614","3298.9","2024-05-25T21:53:07.208Z","ask"
"0.62","891.7","2024-05-25T21:53:07.208Z","ask"
"0.6204","100","2024-05-25T21:53:07.208Z","ask"
"0.6215","12","2024-05-25T21:53:07.208Z","ask"
"0.628","80.3","2024-05-25T21:53:07.208Z","ask"
"0.63","72","2024-05-25T21:53:07.208Z","ask"
"0.6318","90","2024-05-25T21:53:07.208Z","ask"
"0.633","638.9","2024-05-25T21:53:07.208Z","ask"
"0.6345","20","2024-05-25T21:53:07.208Z","ask"
"0.64","3932.3","2024-05-25T21:53:07.208Z","ask"
"0.6402","79","2024-05-25T21:53:07.208Z","ask"
"0.6439","325","2024-05-25T21:53:07.208Z","ask"
"0.6455","612.5","2024-05-25T21:53:07.208Z","ask"
"0.6489","250","2024-05-25T21:53:07.208Z","ask"
"0.65","17456.9","2024-05-25T21:53:07.208Z","ask"
"0.66","110.5","2024-05-25T21:53:07.208Z","ask"
"0.6615","12","2024-05-25T21:53:07.208Z","ask"
"0.6616","500","2024-05-25T21:53:07.208Z","ask"
"0.6645","20","2024-05-25T21:53:07.208Z","ask"
"0.6688","1540","2024-05-25T21:53:07.208Z","ask"
"0.67","3159.3","2024-05-25T21:53:07.208Z","ask"
"0.6832","88.4","2024-05-25T21:53:07.208Z","ask"
"0.6842","89","2024-05-25T21:53:07.208Z","ask"
"0.685","12","2024-05-25T21:53:07.208Z","ask"
"0.6888","483.7","2024-05-25T21:53:07.208Z","ask"
"0.6889","400","2024-05-25T21:53:07.208Z","ask"
"0.6899","1560","2024-05-25T21:53:07.208Z","ask"
"0.69","7870.1","2024-05-25T21:53:07.208Z","ask"
"0.694","50","2024-05-25T21:53:07.208Z","ask"
"0.6942","7093.1","2024-05-25T21:53:07.208Z","ask"
"0.6945","20","2024-05-25T21:53:07.208Z","ask"
"0.6948","500","2024-05-25T21:53:07.208Z","ask"
"0.6969","100","2024-05-25T21:53:07.208Z","ask"
"0.698","25","2024-05-25T21:53:07.208Z","ask"
"0.699","250","2024-05-25T21:53:07.208Z","ask"
"0.7","7784.9","2024-05-25T21:53:07.208Z","ask"
"0.7014","12","2024-05-25T21:53:07.208Z","ask"
"0.7023","181.8","2024-05-25T21:53:07.208Z","ask"
"0.7099","19.9","2024-05-25T21:53:07.208Z","ask"
"0.711","191.1","2024-05-25T21:53:07.208Z","ask"
"0.72","1411","2024-05-25T21:53:07.208Z","ask"
"0.7239","60.6","2024-05-25T21:53:07.208Z","ask"
"0.7242","1695.1","2024-05-25T21:53:07.208Z","ask"
"0.7245","20","2024-05-25T21:53:07.208Z","ask"
"0.7299","96.5","2024-05-25T21:53:07.208Z","ask"
"0.73","30449.2","2024-05-25T21:53:07.208Z","ask"
"0.731","1389.4","2024-05-25T21:53:07.208Z","ask"
"0.734","377.3","2024-05-25T21:53:07.208Z","ask"
"0.737","50","2024-05-25T21:53:07.208Z","ask"
"0.74","535.9","2024-05-25T21:53:07.208Z","ask"
"0.7412","30","2024-05-25T21:53:07.208Z","ask"
"0.7414","12","2024-05-25T21:53:07.208Z","ask"
"0.744","23.4","2024-05-25T21:53:07.208Z","ask"
"0.745","320","2024-05-25T21:53:07.208Z","ask"
"0.7465","10","2024-05-25T21:53:07.208Z","ask"
"0.7489","600","2024-05-25T21:53:07.208Z","ask"
"0.7497","10","2024-05-25T21:53:07.208Z","ask"
"0.75","19804.2","2024-05-25T21:53:07.208Z","ask"
"0.7545","20","2024-05-25T21:53:07.208Z","ask"
"0.76","465.7","2024-05-25T21:53:07.208Z","ask"
"0.7634","158.7","2024-05-25T21:53:07.208Z","ask"
"0.7663","131.3","2024-05-25T21:53:07.208Z","ask"
"0.77","2187.1","2024-05-25T21:53:07.208Z","ask"
"0.775","27500","2024-05-25T21:53:07.208Z","ask"
"0.777","77","2024-05-25T21:53:07.208Z","ask"
"0.78","1313.4","2024-05-25T21:53:07.208Z","ask"
"0.7813","12","2024-05-25T21:53:07.208Z","ask"
"0.783","18575.8","2024-05-25T21:53:07.208Z","ask"
"0.7845","20","2024-05-25T21:53:07.208Z","ask"
"0.7889","300","2024-05-25T21:53:07.208Z","ask"
"0.789","250","2024-05-25T21:53:07.208Z","ask"
"0.79","53.2","2024-05-25T21:53:07.208Z","ask"
"0.7948","400","2024-05-25T21:53:07.208Z","ask"
"0.799","157.4","2024-05-25T21:53:07.208Z","ask"
"0.8","221239","2024-05-25T21:53:07.208Z","ask"
"0.808","10.1","2024-05-25T21:53:07.208Z","ask"
"0.81","648.8","2024-05-25T21:53:07.208Z","ask"
"0.8123","20405","2024-05-25T21:53:07.208Z","ask"
"0.8124","60.3","2024-05-25T21:53:07.208Z","ask"
"0.82","12.3","2024-05-25T21:53:07.208Z","ask"
"0.8212","12","2024-05-25T21:53:07.208Z","ask"
"0.83","2467.9","2024-05-25T21:53:07.208Z","ask"
"0.8325","20.6","2024-05-25T21:53:07.208Z","ask"
"0.8378","114.9","2024-05-25T21:53:07.208Z","ask"
"0.8386","25","2024-05-25T21:53:07.208Z","ask"
"0.84","1299.8","2024-05-25T21:53:07.208Z","ask"
"0.843","102","2024-05-25T21:53:07.208Z","ask"
"0.8482","35","2024-05-25T21:53:07.208Z","ask"
"0.8489","350","2024-05-25T21:53:07.208Z","ask"
"0.85","52917.4","2024-05-25T21:53:07.208Z","ask"
"0.86","124.5","2024-05-25T21:53:07.208Z","ask"
"0.861","409","2024-05-25T21:53:07.208Z","ask"
"0.8612","12","2024-05-25T21:53:07.208Z","ask"
"0.8659","24.8","2024-05-25T21:53:07.208Z","ask"
"0.8688","3674.3","2024-05-25T21:53:07.208Z","ask"
"0.87","566.1","2024-05-25T21:53:07.208Z","ask"
"0.8702","25","2024-05-25T21:53:07.208Z","ask"
"0.879","10000","2024-05-25T21:53:07.208Z","ask"
"0.88","20157.9","2024-05-25T21:53:07.208Z","ask"
"0.887","5000","2024-05-25T21:53:07.208Z","ask"
"0.8889","580.4","2024-05-25T21:53:07.208Z","ask"
"0.89","2276.8","2024-05-25T21:53:07.208Z","ask"
"0.8948","600","2024-05-25T21:53:07.208Z","ask"
"0.898","778.8","2024-05-25T21:53:07.208Z","ask"
"0.9","3894.8","2024-05-25T21:53:07.208Z","ask"
"0.9011","12","2024-05-25T21:53:07.208Z","ask"
"0.92","2096.6","2024-05-25T21:53:07.208Z","ask"
"0.929","162.4","2024-05-25T21:53:07.208Z","ask"
"0.93","3.3","2024-05-25T21:53:07.208Z","ask"
"0.933","36.3","2024-05-25T21:53:07.208Z","ask"
"0.9354","134","2024-05-25T21:53:07.208Z","ask"
"0.9389","600","2024-05-25T21:53:07.208Z","ask"
"0.939","10000","2024-05-25T21:53:07.208Z","ask"
"0.94","714","2024-05-25T21:53:07.208Z","ask"
"0.9411","12","2024-05-25T21:53:07.208Z","ask"
"0.9423","54","2024-05-25T21:53:07.208Z","ask"
"0.9444","400","2024-05-25T21:53:07.208Z","ask"
"0.9489","1000","2024-05-25T21:53:07.208Z","ask"
"0.95","39015.2","2024-05-25T21:53:07.208Z","ask"
"0.957","31.8","2024-05-25T21:53:07.208Z","ask"
"0.96","8339.6","2024-05-25T21:53:07.208Z","ask"
"0.97","1159.2","2024-05-25T21:53:07.208Z","ask"
"0.9748","700","2024-05-25T21:53:07.208Z","ask"
"0.98","1868.6","2024-05-25T21:53:07.208Z","ask"
"0.981","12","2024-05-25T21:53:07.208Z","ask"
"0.987","100","2024-05-25T21:53:07.208Z","ask"
"0.9894","1000","2024-05-25T21:53:07.208Z","ask"
"0.99","3824.2","2024-05-25T21:53:07.208Z","ask"
"0.9918","60.6","2024-05-25T21:53:07.208Z","ask"
"1","185184.2","2024-05-25T21:53:07.208Z","ask"
"1.01","103.8","2024-05-25T21:53:07.208Z","ask"
"1.021","12","2024-05-25T21:53:07.208Z","ask"
"1.028","10","2024-05-25T21:53:07.208Z","ask"
"1.0299","170.9","2024-05-25T21:53:07.208Z","ask"
"1.03","493.9","2024-05-25T21:53:07.208Z","ask"
"1.033","10000","2024-05-25T21:53:07.208Z","ask"
"1.04","10","2024-05-25T21:53:07.208Z","ask"
"1.05","3252.6","2024-05-25T21:53:07.208Z","ask"
"1.0555","500","2024-05-25T21:53:07.208Z","ask"
"1.0609","12","2024-05-25T21:53:07.208Z","ask"
"1.07","1600","2024-05-25T21:53:07.208Z","ask"
"1.077","10000","2024-05-25T21:53:07.208Z","ask"
"1.08","13000","2024-05-25T21:53:07.208Z","ask"
"1.09","462.5","2024-05-25T21:53:07.208Z","ask"
"1.0936","10","2024-05-25T21:53:07.208Z","ask"
"1.094","200","2024-05-25T21:53:07.208Z","ask"
"1.0952","913.1","2024-05-25T21:53:07.208Z","ask"
"1.099","25","2024-05-25T21:53:07.208Z","ask"
"1.1","8638.2","2024-05-25T21:53:07.208Z","ask"
"1.1008","12","2024-05-25T21:53:07.208Z","ask"
"1.11","111","2024-05-25T21:53:07.208Z","ask"
"1.111","50","2024-05-25T21:53:07.208Z","ask"
"1.1117","21.6","2024-05-25T21:53:07.208Z","ask"
"1.12","1072.1","2024-05-25T21:53:07.208Z","ask"
"1.13","12","2024-05-25T21:53:07.208Z","ask"
"1.1408","12","2024-05-25T21:53:07.208Z","ask"
"1.148","100","2024-05-25T21:53:07.208Z","ask"
"1.15","285.6","2024-05-25T21:53:07.208Z","ask"
"1.16","3294.6","2024-05-25T21:53:07.208Z","ask"
"1.1625","400","2024-05-25T21:53:07.208Z","ask"
"1.17","9411.4","2024-05-25T21:53:07.208Z","ask"
"1.175","21","2024-05-25T21:53:07.208Z","ask"
"1.177","10000","2024-05-25T21:53:07.208Z","ask"
"1.18","46.2","2024-05-25T21:53:07.208Z","ask"
"1.1807","12","2024-05-25T21:53:07.208Z","ask"
"1.189","100","2024-05-25T21:53:07.208Z","ask"
"1.19","374","2024-05-25T21:53:07.208Z","ask"
"1.194","200","2024-05-25T21:53:07.208Z","ask"
"1.2","66040.9","2024-05-25T21:53:07.208Z","ask"
"1.21","1110.4","2024-05-25T21:53:07.208Z","ask"
"1.22","688.7","2024-05-25T21:53:07.208Z","ask"
"1.2207","12","2024-05-25T21:53:07.208Z","ask"
"1.222","2500.2","2024-05-25T21:53:07.208Z","ask"
"1.23","408.1","2024-05-25T21:53:07.208Z","ask"
"1.24","5462.5","2024-05-25T21:53:07.208Z","ask"
"1.248","200","2024-05-25T21:53:07.208Z","ask"
"1.25","123761.6","2024-05-25T21:53:07.208Z","ask"
"1.26","536.4","2024-05-25T21:53:07.208Z","ask"
"1.2606","12","2024-05-25T21:53:07.208Z","ask"
"1.2723","35","2024-05-25T21:53:07.208Z","ask"
"1.2756","1331.9","2024-05-25T21:53:07.208Z","ask"
"1.289","150","2024-05-25T21:53:07.208Z","ask"
"1.29","62541.6","2024-05-25T21:53:07.208Z","ask"
"1.294","200","2024-05-25T21:53:07.208Z","ask"
"1.3","5525.1","2024-05-25T21:53:07.208Z","ask"
"1.3006","12","2024-05-25T21:53:07.208Z","ask"
"1.31","44961.9","2024-05-25T21:53:07.208Z","ask"
"1.3233","106.4","2024-05-25T21:53:07.208Z","ask"
"1.3288","7875","2024-05-25T21:53:07.208Z","ask"
"1.33","1132.6","2024-05-25T21:53:07.208Z","ask"
"1.3405","12","2024-05-25T21:53:07.208Z","ask"
"1.348","100","2024-05-25T21:53:07.208Z","ask"
"1.35","42698.9","2024-05-25T21:53:07.208Z","ask"
"1.36","1543.7","2024-05-25T21:53:07.208Z","ask"
"1.366","100","2024-05-25T21:53:07.208Z","ask"
"1.369","300","2024-05-25T21:53:07.208Z","ask"
"1.3698","121","2024-05-25T21:53:07.210Z","ask"
"1.37","1000","2024-05-25T21:53:07.210Z","ask"
"1.3805","12","2024-05-25T21:53:07.210Z","ask"
"1.389","200","2024-05-25T21:53:07.210Z","ask"
"1.39","50","2024-05-25T21:53:07.210Z","ask"
"1.394","196","2024-05-25T21:53:07.210Z","ask"
"1.4","1417.3","2024-05-25T21:53:07.210Z","ask"
"1.4065","2250.9","2024-05-25T21:53:07.210Z","ask"
"1.4093","10","2024-05-25T21:53:07.210Z","ask"
"1.41","7093.1","2024-05-25T21:53:07.210Z","ask"
"1.4204","12","2024-05-25T21:53:07.210Z","ask"
"1.4265","60.6","2024-05-25T21:53:07.210Z","ask"
"1.44","403.6","2024-05-25T21:53:07.210Z","ask"
"1.444","200","2024-05-25T21:53:07.210Z","ask"
"1.45","506.6","2024-05-25T21:53:07.210Z","ask"
"1.4603","12","2024-05-25T21:53:07.210Z","ask"
"1.47","342.1","2024-05-25T21:53:07.210Z","ask"
"1.474","200","2024-05-25T21:53:07.210Z","ask"
"1.489","300","2024-05-25T21:53:07.210Z","ask"
"1.49","5144.9","2024-05-25T21:53:07.210Z","ask"
"1.494","300","2024-05-25T21:53:07.210Z","ask"
"1.5","133882.6","2024-05-25T21:53:07.210Z","ask"
"1.5003","12","2024-05-25T21:53:07.210Z","ask"
"1.51","200","2024-05-25T21:53:07.210Z","ask"
"1.52","403.8","2024-05-25T21:53:07.211Z","ask"
"1.53","51.4","2024-05-25T21:53:07.211Z","ask"
"1.5402","12","2024-05-25T21:53:07.211Z","ask"
"1.55","38304.3","2024-05-25T21:53:07.211Z","ask"
"1.56","41795.6","2024-05-25T21:53:07.211Z","ask"
"1.5611","65","2024-05-25T21:53:07.211Z","ask"
"1.58","28","2024-05-25T21:53:07.211Z","ask"
"1.5802","12","2024-05-25T21:53:07.211Z","ask"
"1.59","46352.3","2024-05-25T21:53:07.211Z","ask"
"1.5997","500","2024-05-25T21:53:07.211Z","ask"
"1.6","13208.1","2024-05-25T21:53:07.211Z","ask"
"1.62","852.2","2024-05-25T21:53:07.211Z","ask"
"1.6201","12","2024-05-25T21:53:07.211Z","ask"
"1.6432","10","2024-05-25T21:53:07.211Z","ask"
"1.648","100","2024-05-25T21:53:07.211Z","ask"
"1.65","14505.8","2024-05-25T21:53:07.211Z","ask"
"1.66","20000.3","2024-05-25T21:53:07.211Z","ask"
"1.6601","12","2024-05-25T21:53:07.211Z","ask"
"1.666","300","2024-05-25T21:53:07.211Z","ask"
"1.6844","50","2024-05-25T21:53:07.211Z","ask"
"1.689","100","2024-05-25T21:53:07.211Z","ask"
"1.69","255.9","2024-05-25T21:53:07.211Z","ask"
"1.6911","324","2024-05-25T21:53:07.211Z","ask"
"1.694","100","2024-05-25T21:53:07.211Z","ask"
"1.6964","35","2024-05-25T21:53:07.211Z","ask"
"1.6999","14.3","2024-05-25T21:53:07.211Z","ask"
"1.7","8366.5","2024-05-25T21:53:07.211Z","ask"
"1.7007","350","2024-05-25T21:53:07.211Z","ask"
"1.71","530.7","2024-05-25T21:53:07.211Z","ask"
"1.72","2629","2024-05-25T21:53:07.211Z","ask"
"1.73","327","2024-05-25T21:53:07.211Z","ask"
"1.738","100","2024-05-25T21:53:07.211Z","ask"
"1.748","200","2024-05-25T21:53:07.211Z","ask"
"1.75","2039.3","2024-05-25T21:53:07.211Z","ask"
"1.77","2152.6","2024-05-25T21:53:07.211Z","ask"
"1.7778","60.6","2024-05-25T21:53:07.211Z","ask"
"1.78","12","2024-05-25T21:53:07.211Z","ask"
"1.7877","766","2024-05-25T21:53:07.211Z","ask"
"1.789","150","2024-05-25T21:53:07.211Z","ask"
"1.79","3338.5","2024-05-25T21:53:07.211Z","ask"
"1.7907","180.2","2024-05-25T21:53:07.211Z","ask"
"1.794","200","2024-05-25T21:53:07.211Z","ask"
"1.8","48071.6","2024-05-25T21:53:07.211Z","ask"
"1.82","1090","2024-05-25T21:53:07.211Z","ask"
"1.848","100","2024-05-25T21:53:07.211Z","ask"
"1.85","19582.6","2024-05-25T21:53:07.211Z","ask"
"1.88","10786.4","2024-05-25T21:53:07.211Z","ask"
"1.8888","924","2024-05-25T21:53:07.211Z","ask"
"1.889","300","2024-05-25T21:53:07.211Z","ask"
"1.89","364.4","2024-05-25T21:53:07.211Z","ask"
"1.894","300","2024-05-25T21:53:07.211Z","ask"
"1.9","3294.3","2024-05-25T21:53:07.211Z","ask"
"1.91","13041","2024-05-25T21:53:07.211Z","ask"
"1.93","521","2024-05-25T21:53:07.211Z","ask"
"1.938","300","2024-05-25T21:53:07.211Z","ask"
"1.944","300","2024-05-25T21:53:07.211Z","ask"
"1.948","500","2024-05-25T21:53:07.211Z","ask"
"1.96","1000","2024-05-25T21:53:07.211Z","ask"
"1.976","1018","2024-05-25T21:53:07.211Z","ask"
"1.98","25","2024-05-25T21:53:07.211Z","ask"
"2","19289.7","2024-05-25T21:53:07.211Z","ask"
"2.0099","500","2024-05-25T21:53:07.211Z","ask"
"2.02","825","2024-05-25T21:53:07.211Z","ask"
"2.03","1200","2024-05-25T21:53:07.211Z","ask"
"2.07","1021.7","2024-05-25T21:53:07.211Z","ask"
"2.0807","21.6","2024-05-25T21:53:07.211Z","ask"
"2.1","5849","2024-05-25T21:53:07.211Z","ask"
"2.12","80","2024-05-25T21:53:07.211Z","ask"
"2.1291","60.6","2024-05-25T21:53:07.211Z","ask"
"2.1904","456.5","2024-05-25T21:53:07.211Z","ask"
"2.2","967.3","2024-05-25T21:53:07.211Z","ask"
"2.22","2500.2","2024-05-25T21:53:07.211Z","ask"
"2.23","300","2024-05-25T21:53:07.211Z","ask"
"2.24","10.6","2024-05-25T21:53:07.211Z","ask"
"2.248","191.2","2024-05-25T21:53:07.211Z","ask"
"2.25","130.7","2024-05-25T21:53:07.211Z","ask"
"2.3","1100","2024-05-25T21:53:07.211Z","ask"
"2.33","1300","2024-05-25T21:53:07.211Z","ask"
"2.35","21","2024-05-25T21:53:07.211Z","ask"
"2.37","100","2024-05-25T21:53:07.211Z","ask"
"2.389","180","2024-05-25T21:53:07.211Z","ask"
"2.4","1073.8","2024-05-25T21:53:07.211Z","ask"
"2.42","160","2024-05-25T21:53:07.211Z","ask"
"2.43","12","2024-05-25T21:53:07.211Z","ask"
"2.48","1653.4","2024-05-25T21:53:07.211Z","ask"
"2.489","300","2024-05-25T21:53:07.211Z","ask"
"2.49","175","2024-05-25T21:53:07.211Z","ask"
"2.5","6382.4","2024-05-25T21:53:07.211Z","ask"
"2.55","100","2024-05-25T21:53:07.211Z","ask"
"2.6","2748.5","2024-05-25T21:53:07.211Z","ask"
"2.61","38.3","2024-05-25T21:53:07.211Z","ask"
"2.6352","60.6","2024-05-25T21:53:07.211Z","ask"
"2.65","7200","2024-05-25T21:53:07.211Z","ask"
"2.67","1500","2024-05-25T21:53:07.211Z","ask"
"2.689","100","2024-05-25T21:53:07.211Z","ask"
"2.7","2077.1","2024-05-25T21:53:07.211Z","ask"
"2.72","3.7","2024-05-25T21:53:07.211Z","ask"
"2.748","150","2024-05-25T21:53:07.211Z","ask"
"2.75","125","2024-05-25T21:53:07.211Z","ask"
"2.79","26050","2024-05-25T21:53:07.211Z","ask"
"2.794","60","2024-05-25T21:53:07.211Z","ask"
"2.8","921","2024-05-25T21:53:07.211Z","ask"
"2.85","21.2","2024-05-25T21:53:07.211Z","ask"
"2.88","2000","2024-05-25T21:53:07.211Z","ask"
"2.889","150","2024-05-25T21:53:07.211Z","ask"
"2.8905","21.6","2024-05-25T21:53:07.211Z","ask"
"2.9","1100","2024-05-25T21:53:07.211Z","ask"
"2.927","60.6","2024-05-25T21:53:07.211Z","ask"
"2.948","200","2024-05-25T21:53:07.211Z","ask"
"2.98","2049.4","2024-05-25T21:53:07.211Z","ask"
"3","12804.6","2024-05-25T21:53:07.211Z","ask"
"3.01","2000","2024-05-25T21:53:07.211Z","ask"
"3.122","40.6","2024-05-25T21:53:07.211Z","ask"
"3.2","900","2024-05-25T21:53:07.211Z","ask"
"3.23","58","2024-05-25T21:53:07.211Z","ask"
"3.2664","61.3","2024-05-25T21:53:07.211Z","ask"
"3.293","40","2024-05-25T21:53:07.211Z","ask"
"3.33","10429.3","2024-05-25T21:53:07.211Z","ask"
"3.389","80","2024-05-25T21:53:07.211Z","ask"
"3.4","1251.2","2024-05-25T21:53:07.211Z","ask"
"3.44","29","2024-05-25T21:53:07.211Z","ask"
"3.444","50","2024-05-25T21:53:07.211Z","ask"
"3.489","80","2024-05-25T21:53:07.211Z","ask"
"3.5","110","2024-05-25T21:53:07.211Z","ask"
"3.57","500","2024-05-25T21:53:07.211Z","ask"
"3.6207","539.6","2024-05-25T21:53:07.211Z","ask"
"3.64","4278","2024-05-25T21:53:07.211Z","ask"
"3.689","50","2024-05-25T21:53:07.211Z","ask"
"3.69","250","2024-05-25T21:53:07.211Z","ask"
"3.71","240","2024-05-25T21:53:07.211Z","ask"
"3.748","50","2024-05-25T21:53:07.211Z","ask"
"3.75","3.6","2024-05-25T21:53:07.211Z","ask"
"3.794","50","2024-05-25T21:53:07.211Z","ask"
"3.889","90","2024-05-25T21:53:07.211Z","ask"
"3.89","120","2024-05-25T21:53:07.211Z","ask"
"3.9276","161.8","2024-05-25T21:53:07.211Z","ask"
"3.948","120","2024-05-25T21:53:07.211Z","ask"
"3.9792","539.6","2024-05-25T21:53:07.211Z","ask"
"4","87711.6","2024-05-25T21:53:07.211Z","ask"
"4.03","750","2024-05-25T21:53:07.211Z","ask"
"4.12","419","2024-05-25T21:53:07.211Z","ask"
"4.2023","539.6","2024-05-25T21:53:07.211Z","ask"
"4.248","100","2024-05-25T21:53:07.211Z","ask"
"4.3","311.2","2024-05-25T21:53:07.211Z","ask"
"4.389","100","2024-05-25T21:53:07.211Z","ask"
"4.489","100","2024-05-25T21:53:07.211Z","ask"
"4.5","138.2","2024-05-25T21:53:07.211Z","ask"
"4.5609","539.6","2024-05-25T21:53:07.211Z","ask"
"4.67","1000","2024-05-25T21:53:07.211Z","ask"
"4.748","100","2024-05-25T21:53:07.211Z","ask"
"4.75","500","2024-05-25T21:53:07.211Z","ask"
"4.7869","250","2024-05-25T21:53:07.211Z","ask"
"4.88","4279.1","2024-05-25T21:53:07.211Z","ask"
"4.889","100","2024-05-25T21:53:07.211Z","ask"
"4.948","100","2024-05-25T21:53:07.211Z","ask"
"4.984","1000","2024-05-25T21:53:07.211Z","ask"
"5","48142.6","2024-05-25T21:53:07.211Z","ask"
"5.01","6948","2024-05-25T21:53:07.211Z","ask"
"5.03","1250","2024-05-25T21:53:07.211Z","ask"
"5.1425","539.6","2024-05-25T21:53:07.211Z","ask"
"5.5","7205.2","2024-05-25T21:53:07.211Z","ask"
"5.6","10.5","2024-05-25T21:53:07.211Z","ask"
"5.6126","539.6","2024-05-25T21:53:07.211Z","ask"
"5.77","1500","2024-05-25T21:53:07.211Z","ask"
"5.8","30","2024-05-25T21:53:07.211Z","ask"
"6","755.4","2024-05-25T21:53:07.211Z","ask"
"6.03","1750","2024-05-25T21:53:07.211Z","ask"
"6.0827","539.6","2024-05-25T21:53:07.211Z","ask"
"6.5","100","2024-05-25T21:53:07.211Z","ask"
"6.73","1000","2024-05-25T21:53:07.211Z","ask"
"6.76","539.6","2024-05-25T21:53:07.211Z","ask"
"7","447.8","2024-05-25T21:53:07.211Z","ask"
"7.03","1000","2024-05-25T21:53:07.211Z","ask"
"7.1504","539.6","2024-05-25T21:53:07.211Z","ask"
"7.6046","540.3","2024-05-25T21:53:07.211Z","ask"
"7.77","1361.5","2024-05-25T21:53:07.211Z","ask"
"8","1100.7","2024-05-25T21:53:07.211Z","ask"
"9","45","2024-05-25T21:53:07.211Z","ask"
"9.11","61.9","2024-05-25T21:53:07.211Z","ask"
"10","110416.7","2024-05-25T21:53:07.211Z","ask"
"11","20","2024-05-25T21:53:07.211Z","ask"
"11.2","10.5","2024-05-25T21:53:07.211Z","ask"
"11.4727","14.5","2024-05-25T21:53:07.211Z","ask"
"12","347.2","2024-05-25T21:53:07.211Z","ask"
"12.777","62","2024-05-25T21:53:07.211Z","ask"
"13","120","2024-05-25T21:53:07.211Z","ask"
"14","125","2024-05-25T21:53:07.211Z","ask"
"14.07","55.8","2024-05-25T21:53:07.211Z","ask"
"15","20","2024-05-25T21:53:07.211Z","ask"
"16","47","2024-05-25T21:53:07.211Z","ask"
"17","20","2024-05-25T21:53:07.211Z","ask"
"19","45","2024-05-25T21:53:07.211Z","ask"
"20","334.9","2024-05-25T21:53:07.211Z","ask"
"24","25","2024-05-25T21:53:07.211Z","ask"
"25","1432.3","2024-05-25T21:53:07.211Z","ask"
"27","25","2024-05-25T21:53:07.211Z","ask"
"29.12","25","2024-05-25T21:53:07.211Z","ask"
"30","70","2024-05-25T21:53:07.211Z","ask"
"32","47","2024-05-25T21:53:07.211Z","ask"
"34","25","2024-05-25T21:53:07.211Z","ask"
"35","25","2024-05-25T21:53:07.211Z","ask"
"37","25","2024-05-25T21:53:07.211Z","ask"
"39","10000","2024-05-25T21:53:07.211Z","ask"
"40","70","2024-05-25T21:53:07.211Z","ask"
"45","25","2024-05-25T21:53:07.211Z","ask"
"50","70","2024-05-25T21:53:07.211Z","ask"
"55","25","2024-05-25T21:53:07.211Z","ask"
"60","25","2024-05-25T21:53:07.211Z","ask"
"64","47","2024-05-25T21:53:07.211Z","ask"
"70","112","2024-05-25T21:53:07.211Z","ask"
"77","30.3","2024-05-25T21:53:07.211Z","ask"
"78","10010","2024-05-25T21:53:07.211Z","ask"
"80","25","2024-05-25T21:53:07.211Z","ask"
"90","45","2024-05-25T21:53:07.211Z","ask"
"95","20000","2024-05-25T21:53:07.211Z","ask"
"99.2385","121","2024-05-25T21:53:07.211Z","ask"
"100","1236.8","2024-05-25T21:53:07.211Z","ask"
"128","49","2024-05-25T21:53:07.211Z","ask"
"159","10000","2024-05-25T21:53:07.211Z","ask"
"200","102.1","2024-05-25T21:53:07.211Z","ask"
"235","10","2024-05-25T21:53:07.211Z","ask"
"299.99","53.8","2024-05-25T21:53:07.211Z","ask"
"319","10000","2024-05-25T21:53:07.211Z","ask"
"480","412.5","2024-05-25T21:53:07.211Z","ask"
"500","1995.4","2024-05-25T21:53:07.211Z","ask"
"600","13.2","2024-05-25T21:53:07.211Z","ask"
"638","10000","2024-05-25T21:53:07.211Z","ask"
"1000","67","2024-05-25T21:53:07.211Z","ask"
"1275","10000","2024-05-25T21:53:07.211Z","ask"
"1500","136.7","2024-05-25T21:53:07.211Z","ask"
"2000","209.3","2024-05-25T21:53:07.211Z","ask"
"0.2499","2380.4","2024-05-25T21:53:07.211Z","bid"
"0.2498","12792.5","2024-05-25T21:53:07.211Z","bid"
"0.2497","799.3","2024-05-25T21:53:07.211Z","bid"
"0.2496","17806.2","2024-05-25T21:53:07.211Z","bid"
"0.2495","4247.2","2024-05-25T21:53:07.211Z","bid"
"0.2493","5613.7","2024-05-25T21:53:07.211Z","bid"
"0.2491","9998.2","2024-05-25T21:53:07.211Z","bid"
"0.249","195.4","2024-05-25T21:53:07.211Z","bid"
"0.2489","8679.4","2024-05-25T21:53:07.211Z","bid"
"0.2486","123736","2024-05-25T21:53:07.211Z","bid"
"0.2485","4014","2024-05-25T21:53:07.211Z","bid"
"0.2483","1953.7","2024-05-25T21:53:07.211Z","bid"
"0.2478","5665.6","2024-05-25T21:53:07.211Z","bid"
"0.2477","807.4","2024-05-25T21:53:07.211Z","bid"
"0.2476","807.6","2024-05-25T21:53:07.211Z","bid"
"0.2475","8756.2","2024-05-25T21:53:07.211Z","bid"
"0.2474","2913.6","2024-05-25T21:53:07.211Z","bid"
"0.2473","799","2024-05-25T21:53:07.211Z","bid"
"0.2472","799","2024-05-25T21:53:07.211Z","bid"
"0.2471","800","2024-05-25T21:53:07.211Z","bid"
"0.247","810","2024-05-25T21:53:07.211Z","bid"
"0.2467","5694.8","2024-05-25T21:53:07.211Z","bid"
"0.2466","13096","2024-05-25T21:53:07.211Z","bid"
"0.2464","1217.7","2024-05-25T21:53:07.211Z","bid"
"0.2463","1218.1","2024-05-25T21:53:07.211Z","bid"
"0.2462","210.4","2024-05-25T21:53:07.211Z","bid"
"0.2461","4977.9","2024-05-25T21:53:07.211Z","bid"
"0.246","145834.1","2024-05-25T21:53:07.211Z","bid"
"0.2459","108.1","2024-05-25T21:53:07.211Z","bid"
"0.2458","646.4","2024-05-25T21:53:07.211Z","bid"
"0.2456","39.6","2024-05-25T21:53:07.211Z","bid"
"0.2453","2806.2","2024-05-25T21:53:07.211Z","bid"
"0.2451","5861.2","2024-05-25T21:53:07.211Z","bid"
"0.245","11.2","2024-05-25T21:53:07.211Z","bid"
"0.2446","1246.4","2024-05-25T21:53:07.211Z","bid"
"0.2445","49","2024-05-25T21:53:07.211Z","bid"
"0.2444","108.7","2024-05-25T21:53:07.211Z","bid"
"0.2442","416.1","2024-05-25T21:53:07.211Z","bid"
"0.2441","2089.8","2024-05-25T21:53:07.211Z","bid"
"0.2439","10","2024-05-25T21:53:07.211Z","bid"
"0.2437","4220.1","2024-05-25T21:53:07.211Z","bid"
"0.2436","102.7","2024-05-25T21:53:07.211Z","bid"
"0.2432","633.7","2024-05-25T21:53:07.211Z","bid"
"0.243","610.8","2024-05-25T21:53:07.211Z","bid"
"0.2429","142776.7","2024-05-25T21:53:07.211Z","bid"
"0.2428","761.7","2024-05-25T21:53:07.211Z","bid"
"0.2427","1256.1","2024-05-25T21:53:07.211Z","bid"
"0.2426","141.1","2024-05-25T21:53:07.211Z","bid"
"0.2424","1023.1","2024-05-25T21:53:07.211Z","bid"
"0.2423","1424.6","2024-05-25T21:53:07.211Z","bid"
"0.242","49","2024-05-25T21:53:07.211Z","bid"
"0.2419","3780.9","2024-05-25T21:53:07.211Z","bid"
"0.2416","141.7","2024-05-25T21:53:07.211Z","bid"
"0.2415","316.3","2024-05-25T21:53:07.211Z","bid"
"0.2409","1275.5","2024-05-25T21:53:07.211Z","bid"
"0.2406","846.8","2024-05-25T21:53:07.211Z","bid"
"0.2403","813","2024-05-25T21:53:07.211Z","bid"
"0.2402","131944.2","2024-05-25T21:53:07.211Z","bid"
"0.2401","1269.7","2024-05-25T21:53:07.211Z","bid"
"0.24","1036.3","2024-05-25T21:53:07.211Z","bid"
"0.2397","19.3","2024-05-25T21:53:07.211Z","bid"
"0.2396","142.9","2024-05-25T21:53:07.211Z","bid"
"0.2394","52.8","2024-05-25T21:53:07.211Z","bid"
"0.2392","152.6","2024-05-25T21:53:07.211Z","bid"
"0.2391","1275","2024-05-25T21:53:07.211Z","bid"
"0.2389","1314.4","2024-05-25T21:53:07.211Z","bid"
"0.2388","11262.3","2024-05-25T21:53:07.211Z","bid"
"0.2386","143.5","2024-05-25T21:53:07.211Z","bid"
"0.2383","856.6","2024-05-25T21:53:07.211Z","bid"
"0.2379","10","2024-05-25T21:53:07.211Z","bid"
"0.2375","229.2","2024-05-25T21:53:07.211Z","bid"
"0.2372","68.3","2024-05-25T21:53:07.211Z","bid"
"0.2367","42","2024-05-25T21:53:07.211Z","bid"
"0.2366","144.7","2024-05-25T21:53:07.211Z","bid"
"0.2365","1699.5","2024-05-25T21:53:07.211Z","bid"
"0.2361","222","2024-05-25T21:53:07.211Z","bid"
"0.236","509.9","2024-05-25T21:53:07.211Z","bid"
"0.2356","145.4","2024-05-25T21:53:07.211Z","bid"
"0.2355","27.7","2024-05-25T21:53:07.211Z","bid"
"0.235","36.4","2024-05-25T21:53:07.211Z","bid"
"0.2348","10","2024-05-25T21:53:07.211Z","bid"
"0.2346","146","2024-05-25T21:53:07.211Z","bid"
"0.2344","1044.8","2024-05-25T21:53:07.211Z","bid"
"0.2336","151.6","2024-05-25T21:53:07.211Z","bid"
"0.2334","47.8","2024-05-25T21:53:07.211Z","bid"
"0.2327","2568.4","2024-05-25T21:53:07.211Z","bid"
"0.2324","3161.4","2024-05-25T21:53:07.211Z","bid"
"0.2316","1302.4","2024-05-25T21:53:07.211Z","bid"
"0.2315","10706.2","2024-05-25T21:53:07.211Z","bid"
"0.2311","52.5","2024-05-25T21:53:07.211Z","bid"
"0.2307","2098.3","2024-05-25T21:53:07.211Z","bid"
"0.2306","3186.1","2024-05-25T21:53:07.211Z","bid"
"0.23","440.3","2024-05-25T21:53:07.211Z","bid"
"0.2298","9591.6","2024-05-25T21:53:07.211Z","bid"
"0.2289","3209.8","2024-05-25T21:53:07.211Z","bid"
"0.2283","1072.7","2024-05-25T21:53:07.211Z","bid"
"0.2281","3221","2024-05-25T21:53:07.211Z","bid"
"0.2274","134.1","2024-05-25T21:53:07.211Z","bid"
"0.2271","3235.2","2024-05-25T21:53:07.211Z","bid"
"0.2264","1973.8","2024-05-25T21:53:07.211Z","bid"
"0.225","2638.3","2024-05-25T21:53:07.211Z","bid"
"0.2249","54","2024-05-25T21:53:07.211Z","bid"
"0.2248","1449","2024-05-25T21:53:07.211Z","bid"
"0.2247","4196.3","2024-05-25T21:53:07.211Z","bid"
"0.2238","20.7","2024-05-25T21:53:07.211Z","bid"
"0.2235","44.5","2024-05-25T21:53:07.211Z","bid"
"0.2231","343.7","2024-05-25T21:53:07.211Z","bid"
"0.221","40.7","2024-05-25T21:53:07.211Z","bid"
"0.2208","8019.3","2024-05-25T21:53:07.211Z","bid"
"0.22","241.2","2024-05-25T21:53:07.211Z","bid"
"0.2199","23887.9","2024-05-25T21:53:07.211Z","bid"
"0.2192","4900.6","2024-05-25T21:53:07.211Z","bid"
"0.2191","8081.7","2024-05-25T21:53:07.211Z","bid"
"0.2189","55.4","2024-05-25T21:53:07.211Z","bid"
"0.2183","24342.9","2024-05-25T21:53:07.211Z","bid"
"0.2182","458.1","2024-05-25T21:53:07.211Z","bid"
"0.2175","8141","2024-05-25T21:53:07.211Z","bid"
"0.2169","2721.1","2024-05-25T21:53:07.211Z","bid"
"0.2167","8171.1","2024-05-25T21:53:07.211Z","bid"
"0.2163","21.4","2024-05-25T21:53:07.211Z","bid"
"0.216","340.1","2024-05-25T21:53:07.211Z","bid"
"0.2157","8209","2024-05-25T21:53:07.211Z","bid"
"0.2151","4994","2024-05-25T21:53:07.211Z","bid"
"0.215","13","2024-05-25T21:53:07.211Z","bid"
"0.2135","10643.3","2024-05-25T21:53:07.211Z","bid"
"0.2132","96.1","2024-05-25T21:53:07.211Z","bid"
"0.213","57","2024-05-25T21:53:07.211Z","bid"
"0.2121","222","2024-05-25T21:53:07.211Z","bid"
"0.2115","81.9","2024-05-25T21:53:07.211Z","bid"
"0.2104","5118","2024-05-25T21:53:07.211Z","bid"
"0.21","487","2024-05-25T21:53:07.211Z","bid"
"0.2093","17.2","2024-05-25T21:53:07.211Z","bid"
"0.2091","72","2024-05-25T21:53:07.211Z","bid"
"0.209","177.1","2024-05-25T21:53:07.211Z","bid"
"0.2078","90","2024-05-25T21:53:07.211Z","bid"
"0.2073","147.6","2024-05-25T21:53:07.211Z","bid"
"0.206","878.9","2024-05-25T21:53:07.211Z","bid"
"0.2053","147.7","2024-05-25T21:53:07.211Z","bid"
"0.2052","863","2024-05-25T21:53:07.211Z","bid"
"0.205","11","2024-05-25T21:53:07.211Z","bid"
"0.2048","300.3","2024-05-25T21:53:07.211Z","bid"
"0.2042","50","2024-05-25T21:53:07.211Z","bid"
"0.2038","333","2024-05-25T21:53:07.211Z","bid"
"0.2034","93.3","2024-05-25T21:53:07.211Z","bid"
"0.2033","267","2024-05-25T21:53:07.211Z","bid"
"0.2029","197","2024-05-25T21:53:07.211Z","bid"
"0.2019","22.9","2024-05-25T21:53:07.211Z","bid"
"0.2017","173.4","2024-05-25T21:53:07.211Z","bid"
"0.2011","4960.2","2024-05-25T21:53:07.211Z","bid"
"0.2006","161.7","2024-05-25T21:53:07.211Z","bid"
"0.2","88691","2024-05-25T21:53:07.211Z","bid"
"0.199","2512.5","2024-05-25T21:53:07.211Z","bid"
"0.1975","25","2024-05-25T21:53:07.211Z","bid"
"0.1972","50.5","2024-05-25T21:53:07.211Z","bid"
"0.1963","61.8","2024-05-25T21:53:07.211Z","bid"
"0.1951","23.7","2024-05-25T21:53:07.211Z","bid"
"0.195","510","2024-05-25T21:53:07.211Z","bid"
"0.1946","255","2024-05-25T21:53:07.211Z","bid"
"0.1943","15.3","2024-05-25T21:53:07.211Z","bid"
"0.1932","257.3","2024-05-25T21:53:07.211Z","bid"
"0.193","4682.9","2024-05-25T21:53:07.211Z","bid"
"0.1922","5189.9","2024-05-25T21:53:07.211Z","bid"
"0.191","63.6","2024-05-25T21:53:07.211Z","bid"
"0.19","50262.9","2024-05-25T21:53:07.211Z","bid"
"0.1886","24.5","2024-05-25T21:53:07.211Z","bid"
"0.1871","86.3","2024-05-25T21:53:07.211Z","bid"
"0.1863","2061.3","2024-05-25T21:53:07.211Z","bid"
"0.186","14.5","2024-05-25T21:53:07.211Z","bid"
"0.1859","65.3","2024-05-25T21:53:07.211Z","bid"
"0.1852","1610.9","2024-05-25T21:53:07.211Z","bid"
"0.185","33.8","2024-05-25T21:53:07.211Z","bid"
"0.1841","54.1","2024-05-25T21:53:07.211Z","bid"
"0.184","687","2024-05-25T21:53:07.211Z","bid"
"0.1836","5433","2024-05-25T21:53:07.211Z","bid"
"0.183","546.4","2024-05-25T21:53:07.211Z","bid"
"0.1809","67.1","2024-05-25T21:53:07.211Z","bid"
"0.18","24598.6","2024-05-25T21:53:07.211Z","bid"
"0.1799","1056.1","2024-05-25T21:53:07.211Z","bid"
"0.1797","110.6","2024-05-25T21:53:07.211Z","bid"
"0.1793","55768.5","2024-05-25T21:53:07.211Z","bid"
"0.1791","167.5","2024-05-25T21:53:07.211Z","bid"
"0.1786","0.5","2024-05-25T21:53:07.212Z","bid"
"0.1775","33.8","2024-05-25T21:53:07.212Z","bid"
"0.1761","68.9","2024-05-25T21:53:07.212Z","bid"
"0.175","8332.8","2024-05-25T21:53:07.212Z","bid"
"0.1744","1432.9","2024-05-25T21:53:07.212Z","bid"
"0.1738","200","2024-05-25T21:53:07.212Z","bid"
"0.173","201.5","2024-05-25T21:53:07.212Z","bid"
"0.1713","70.9","2024-05-25T21:53:07.212Z","bid"
"0.171","2907.8","2024-05-25T21:53:07.212Z","bid"
"0.1709","58.2","2024-05-25T21:53:07.212Z","bid"
"0.17","2967.6","2024-05-25T21:53:07.212Z","bid"
"0.168","1800","2024-05-25T21:53:07.212Z","bid"
"0.1676","2079.9","2024-05-25T21:53:07.212Z","bid"
"0.1674","1800","2024-05-25T21:53:07.212Z","bid"
"0.1667","72.8","2024-05-25T21:53:07.212Z","bid"
"0.1663","500","2024-05-25T21:53:07.212Z","bid"
"0.165","518","2024-05-25T21:53:07.212Z","bid"
"0.1638","10000","2024-05-25T21:53:07.212Z","bid"
"0.1622","74.8","2024-05-25T21:53:07.212Z","bid"
"0.162","6000","2024-05-25T21:53:07.212Z","bid"
"0.1617","250","2024-05-25T21:53:07.212Z","bid"
"0.1602","310","2024-05-25T21:53:07.212Z","bid"
"0.16","25599.7","2024-05-25T21:53:07.212Z","bid"
"0.1579","76.9","2024-05-25T21:53:07.212Z","bid"
"0.1578","63.1","2024-05-25T21:53:07.212Z","bid"
"0.1568","10","2024-05-25T21:53:07.212Z","bid"
"0.156","1192.7","2024-05-25T21:53:07.212Z","bid"
"0.155","259.7","2024-05-25T21:53:07.212Z","bid"
"0.1545","1295.4","2024-05-25T21:53:07.212Z","bid"
"0.1537","79","2024-05-25T21:53:07.212Z","bid"
"0.1533","236.4","2024-05-25T21:53:07.212Z","bid"
"0.153","1000","2024-05-25T21:53:07.212Z","bid"
"0.1525","1600","2024-05-25T21:53:07.212Z","bid"
"0.151","105711.9","2024-05-25T21:53:07.212Z","bid"
"0.1509","329.5","2024-05-25T21:53:07.212Z","bid"
"0.1507","989.8","2024-05-25T21:53:07.212Z","bid"
"0.15","17607.4","2024-05-25T21:53:07.212Z","bid"
"0.1499","54189.1","2024-05-25T21:53:07.212Z","bid"
"0.1463","7500","2024-05-25T21:53:07.212Z","bid"
"0.146","681.1","2024-05-25T21:53:07.212Z","bid"
"0.1446","68.8","2024-05-25T21:53:07.212Z","bid"
"0.1421","354","2024-05-25T21:53:07.212Z","bid"
"0.141","18","2024-05-25T21:53:07.212Z","bid"
"0.1409","1000","2024-05-25T21:53:07.212Z","bid"
"0.1405","1000","2024-05-25T21:53:07.212Z","bid"
"0.14","1110.6","2024-05-25T21:53:07.212Z","bid"
"0.1381","5400.9","2024-05-25T21:53:07.212Z","bid"
"0.133","730.9","2024-05-25T21:53:07.212Z","bid"
"0.132","15","2024-05-25T21:53:07.212Z","bid"
"0.1313","2000","2024-05-25T21:53:07.212Z","bid"
"0.131","7867.2","2024-05-25T21:53:07.212Z","bid"
"0.13","1791.2","2024-05-25T21:53:07.212Z","bid"
"0.129","77.5","2024-05-25T21:53:07.212Z","bid"
"0.1277","200","2024-05-25T21:53:07.212Z","bid"
"0.121","8425.2","2024-05-25T21:53:07.212Z","bid"
"0.12","42182.1","2024-05-25T21:53:07.212Z","bid"
"0.115","300","2024-05-25T21:53:07.212Z","bid"
"0.11","1701.6","2024-05-25T21:53:07.212Z","bid"
"0.108","41.3","2024-05-25T21:53:07.212Z","bid"
"0.1079","125","2024-05-25T21:53:07.212Z","bid"
"0.1072","506.3","2024-05-25T21:53:07.212Z","bid"
"0.105","262.5","2024-05-25T21:53:07.212Z","bid"
"0.103","1451.7","2024-05-25T21:53:07.212Z","bid"
"0.1027","500","2024-05-25T21:53:07.212Z","bid"
"0.1021","1413","2024-05-25T21:53:07.212Z","bid"
"0.102","43.7","2024-05-25T21:53:07.212Z","bid"
"0.101","10247","2024-05-25T21:53:07.212Z","bid"
"0.1005","1000","2024-05-25T21:53:07.212Z","bid"
"0.1","30183.8","2024-05-25T21:53:07.212Z","bid"
"0.099","44.8","2024-05-25T21:53:07.212Z","bid"
"0.0957","500","2024-05-25T21:53:07.212Z","bid"
"0.095","2029","2024-05-25T21:53:07.212Z","bid"
"0.0921","442.5","2024-05-25T21:53:07.212Z","bid"
"0.091","175","2024-05-25T21:53:07.212Z","bid"
"0.09","5530","2024-05-25T21:53:07.212Z","bid"
"0.089","123.9","2024-05-25T21:53:07.212Z","bid"
"0.085","11764.7","2024-05-25T21:53:07.212Z","bid"
"0.0815","5420","2024-05-25T21:53:07.212Z","bid"
"0.08","2025.2","2024-05-25T21:53:07.212Z","bid"
"0.075","20","2024-05-25T21:53:07.212Z","bid"
"0.07","3100","2024-05-25T21:53:07.212Z","bid"
"0.05","1398.6","2024-05-25T21:53:07.212Z","bid"
"0.0468","25","2024-05-25T21:53:07.212Z","bid"
"0.0463","21.6","2024-05-25T21:53:07.212Z","bid"
"0.0358","5893.1","2024-05-25T21:53:07.212Z","bid"
"0.0333","50","2024-05-25T21:53:07.212Z","bid"
"0.03","167","2024-05-25T21:53:07.212Z","bid"
"0.016","6212.5","2024-05-25T21:53:07.212Z","bid"
"0.01","600","2024-05-25T21:53:07.212Z","bid"
"0.0089","120","2024-05-25T21:53:07.212Z","bid"
"0.0049","205","2024-05-25T21:53:07.212Z","bid"
"0.001","1000","2024-05-25T21:53:07.212Z","bid"
"0.0002","955000","2024-05-25T21:53:07.212Z","bid"
"0.0001","1089420","2024-05-25T21:53:07.212Z","bid"