"price","volume","timestamp","type"
"0.1662","3390.3","2024-05-25T20:35:46.595Z","ask"
"0.1663","5847.8","2024-05-25T20:35:46.595Z","ask"
"0.1664","15956.1","2024-05-25T20:35:46.595Z","ask"
"0.1665","70903.7","2024-05-25T20:35:46.595Z","ask"
"0.1666","2010.9","2024-05-25T20:35:46.595Z","ask"
"0.1668","9292.5","2024-05-25T20:35:46.595Z","ask"
"0.1669","7999.4","2024-05-25T20:35:46.595Z","ask"
"0.1673","9999.3","2024-05-25T20:35:46.595Z","ask"
"0.1674","1199.5","2024-05-25T20:35:46.595Z","ask"
"0.1676","421.4","2024-05-25T20:35:46.595Z","ask"
"0.1683","119.8","2024-05-25T20:35:46.595Z","ask"
"0.1687","20019.6","2024-05-25T20:35:46.595Z","ask"
"0.169","395.7","2024-05-25T20:35:46.595Z","ask"
"0.1695","297.9","2024-05-25T20:35:46.595Z","ask"
"0.1697","2946.3","2024-05-25T20:35:46.595Z","ask"
"0.1698","24409","2024-05-25T20:35:46.595Z","ask"
"0.1701","2745.4","2024-05-25T20:35:46.595Z","ask"
"0.1707","25019.2","2024-05-25T20:35:46.595Z","ask"
"0.171","1793","2024-05-25T20:35:46.595Z","ask"
"0.1711","2.6","2024-05-25T20:35:46.595Z","ask"
"0.1713","1720.9","2024-05-25T20:35:46.595Z","ask"
"0.1715","12290.5","2024-05-25T20:35:46.595Z","ask"
"0.1716","24098.5","2024-05-25T20:35:46.595Z","ask"
"0.172","217.1","2024-05-25T20:35:46.595Z","ask"
"0.1725","209.4","2024-05-25T20:35:46.595Z","ask"
"0.1727","21","2024-05-25T20:35:46.595Z","ask"
"0.1733","323.9","2024-05-25T20:35:46.595Z","ask"
"0.1734","22424.4","2024-05-25T20:35:46.595Z","ask"
"0.1738","29997.9","2024-05-25T20:35:46.595Z","ask"
"0.1744","153.4","2024-05-25T20:35:46.595Z","ask"
"0.1745","720.2","2024-05-25T20:35:46.595Z","ask"
"0.1747","21","2024-05-25T20:35:46.595Z","ask"
"0.175","200","2024-05-25T20:35:46.595Z","ask"
"0.1751","3.4","2024-05-25T20:35:46.595Z","ask"
"0.1752","217.1","2024-05-25T20:35:46.595Z","ask"
"0.1758","1324.3","2024-05-25T20:35:46.595Z","ask"
"0.1761","3.6","2024-05-25T20:35:46.595Z","ask"
"0.1765","284.3","2024-05-25T20:35:46.595Z","ask"
"0.1768","21","2024-05-25T20:35:46.595Z","ask"
"0.1775","31.5","2024-05-25T20:35:46.595Z","ask"
"0.1776","249.7","2024-05-25T20:35:46.595Z","ask"
"0.1777","217.1","2024-05-25T20:35:46.595Z","ask"
"0.178","12.1","2024-05-25T20:35:46.595Z","ask"
"0.1789","991.8","2024-05-25T20:35:46.595Z","ask"
"0.179","2223.3","2024-05-25T20:35:46.595Z","ask"
"0.1793","399.7","2024-05-25T20:35:46.595Z","ask"
"0.1799","0.7","2024-05-25T20:35:46.596Z","ask"
"0.18","4773","2024-05-25T20:35:46.596Z","ask"
"0.1805","1","2024-05-25T20:35:46.596Z","ask"
"0.181","618","2024-05-25T20:35:46.596Z","ask"
"0.1811","26101.3","2024-05-25T20:35:46.596Z","ask"
"0.1817","188.1","2024-05-25T20:35:46.596Z","ask"
"0.1825","188.1","2024-05-25T20:35:46.596Z","ask"
"0.1834","800","2024-05-25T20:35:46.596Z","ask"
"0.1835","22100.7","2024-05-25T20:35:46.596Z","ask"
"0.1843","1015.5","2024-05-25T20:35:46.596Z","ask"
"0.1849","997.5","2024-05-25T20:35:46.596Z","ask"
"0.185","11645.2","2024-05-25T20:35:46.596Z","ask"
"0.1855","157.5","2024-05-25T20:35:46.596Z","ask"
"0.1857","32.5","2024-05-25T20:35:46.596Z","ask"
"0.1865","55441.2","2024-05-25T20:35:46.596Z","ask"
"0.1872","14519.6","2024-05-25T20:35:46.596Z","ask"
"0.1875","214.2","2024-05-25T20:35:46.596Z","ask"
"0.188","200.4","2024-05-25T20:35:46.596Z","ask"
"0.1888","15012.5","2024-05-25T20:35:46.596Z","ask"
"0.1891","1349.4","2024-05-25T20:35:46.596Z","ask"
"0.1894","31.9","2024-05-25T20:35:46.596Z","ask"
"0.1896","16064","2024-05-25T20:35:46.596Z","ask"
"0.19","4068.2","2024-05-25T20:35:46.596Z","ask"
"0.1901","16021.1","2024-05-25T20:35:46.596Z","ask"
"0.1904","52.8","2024-05-25T20:35:46.596Z","ask"
"0.1906","15978.4","2024-05-25T20:35:46.596Z","ask"
"0.191","214.2","2024-05-25T20:35:46.596Z","ask"
"0.1911","15935.9","2024-05-25T20:35:46.596Z","ask"
"0.1916","15893.7","2024-05-25T20:35:46.596Z","ask"
"0.1917","1150","2024-05-25T20:35:46.596Z","ask"
"0.1918","2647","2024-05-25T20:35:46.596Z","ask"
"0.1921","31796","2024-05-25T20:35:46.596Z","ask"
"0.1922","12996.2","2024-05-25T20:35:46.596Z","ask"
"0.1925","44738.5","2024-05-25T20:35:46.596Z","ask"
"0.195","51581.1","2024-05-25T20:35:46.596Z","ask"
"0.1957","79.4","2024-05-25T20:35:46.596Z","ask"
"0.1959","1000","2024-05-25T20:35:46.596Z","ask"
"0.1976","115.3","2024-05-25T20:35:46.596Z","ask"
"0.198","22469.6","2024-05-25T20:35:46.596Z","ask"
"0.1983","2.6","2024-05-25T20:35:46.596Z","ask"
"0.1994","15291","2024-05-25T20:35:46.596Z","ask"
"0.2","4833.6","2024-05-25T20:35:46.596Z","ask"
"0.2006","49974.9","2024-05-25T20:35:46.596Z","ask"
"0.2008","1000","2024-05-25T20:35:46.596Z","ask"
"0.2016","0.4","2024-05-25T20:35:46.596Z","ask"
"0.2017","1810.5","2024-05-25T20:35:46.596Z","ask"
"0.202","1868.7","2024-05-25T20:35:46.596Z","ask"
"0.2021","1821.3","2024-05-25T20:35:46.596Z","ask"
"0.2033","2.7","2024-05-25T20:35:46.596Z","ask"
"0.2034","2908.7","2024-05-25T20:35:46.596Z","ask"
"0.2037","996.8","2024-05-25T20:35:46.596Z","ask"
"0.204","588.3","2024-05-25T20:35:46.596Z","ask"
"0.205","63","2024-05-25T20:35:46.596Z","ask"
"0.2069","845.5","2024-05-25T20:35:46.596Z","ask"
"0.2078","200.4","2024-05-25T20:35:46.596Z","ask"
"0.208","4100","2024-05-25T20:35:46.596Z","ask"
"0.2086","1116.7","2024-05-25T20:35:46.596Z","ask"
"0.21","68181","2024-05-25T20:35:46.596Z","ask"
"0.2107","50","2024-05-25T20:35:46.596Z","ask"
"0.2144","2410","2024-05-25T20:35:46.596Z","ask"
"0.2145","1500","2024-05-25T20:35:46.596Z","ask"
"0.215","12","2024-05-25T20:35:46.596Z","ask"
"0.2185","45","2024-05-25T20:35:46.596Z","ask"
"0.22","15689.2","2024-05-25T20:35:46.596Z","ask"
"0.2211","545.1","2024-05-25T20:35:46.596Z","ask"
"0.2221","28.2","2024-05-25T20:35:46.596Z","ask"
"0.2231","2.2","2024-05-25T20:35:46.596Z","ask"
"0.2233","568.6","2024-05-25T20:35:46.596Z","ask"
"0.2263","13.4","2024-05-25T20:35:46.596Z","ask"
"0.2269","69.3","2024-05-25T20:35:46.596Z","ask"
"0.2272","0.5","2024-05-25T20:35:46.596Z","ask"
"0.2286","4218.7","2024-05-25T20:35:46.596Z","ask"
"0.2289","4502.2","2024-05-25T20:35:46.596Z","ask"
"0.23","79286","2024-05-25T20:35:46.596Z","ask"
"0.2305","5069","2024-05-25T20:35:46.596Z","ask"
"0.231","121","2024-05-25T20:35:46.596Z","ask"
"0.2325","881.2","2024-05-25T20:35:46.596Z","ask"
"0.2335","45","2024-05-25T20:35:46.596Z","ask"
"0.237","23771","2024-05-25T20:35:46.596Z","ask"
"0.238","76","2024-05-25T20:35:46.596Z","ask"
"0.239","1000","2024-05-25T20:35:46.596Z","ask"
"0.2391","22.9","2024-05-25T20:35:46.596Z","ask"
"0.24","1535.9","2024-05-25T20:35:46.596Z","ask"
"0.2404","208","2024-05-25T20:35:46.596Z","ask"
"0.2408","1986.7","2024-05-25T20:35:46.596Z","ask"
"0.241","337.6","2024-05-25T20:35:46.596Z","ask"
"0.2412","3337.9","2024-05-25T20:35:46.596Z","ask"
"0.2413","10.5","2024-05-25T20:35:46.596Z","ask"
"0.2419","66.5","2024-05-25T20:35:46.596Z","ask"
"0.2428","10.5","2024-05-25T20:35:46.596Z","ask"
"0.2444","1011.2","2024-05-25T20:35:46.596Z","ask"
"0.2447","1498.6","2024-05-25T20:35:46.596Z","ask"
"0.245","35116.5","2024-05-25T20:35:46.596Z","ask"
"0.2451","1000","2024-05-25T20:35:46.596Z","ask"
"0.2455","21","2024-05-25T20:35:46.596Z","ask"
"0.247","1968.2","2024-05-25T20:35:46.596Z","ask"
"0.2475","22.3","2024-05-25T20:35:46.596Z","ask"
"0.248","9247.5","2024-05-25T20:35:46.596Z","ask"
"0.2485","40","2024-05-25T20:35:46.596Z","ask"
"0.249","1000","2024-05-25T20:35:46.596Z","ask"
"0.2492","22.6","2024-05-25T20:35:46.596Z","ask"
"0.25","41097.4","2024-05-25T20:35:46.596Z","ask"
"0.2516","31.8","2024-05-25T20:35:46.596Z","ask"
"0.2542","11.9","2024-05-25T20:35:46.596Z","ask"
"0.2543","5000","2024-05-25T20:35:46.596Z","ask"
"0.255","2959.3","2024-05-25T20:35:46.596Z","ask"
"0.2569","32.3","2024-05-25T20:35:46.596Z","ask"
"0.257","971.7","2024-05-25T20:35:46.596Z","ask"
"0.2572","46297.9","2024-05-25T20:35:46.596Z","ask"
"0.258","64.5","2024-05-25T20:35:46.596Z","ask"
"0.2589","26909.8","2024-05-25T20:35:46.596Z","ask"
"0.259","25023","2024-05-25T20:35:46.596Z","ask"
"0.2594","1266.4","2024-05-25T20:35:46.596Z","ask"
"0.2598","10028.5","2024-05-25T20:35:46.596Z","ask"
"0.26","54401.9","2024-05-25T20:35:46.596Z","ask"
"0.2618","378","2024-05-25T20:35:46.596Z","ask"
"0.262","6500","2024-05-25T20:35:46.596Z","ask"
"0.2625","23","2024-05-25T20:35:46.596Z","ask"
"0.2628","6136.9","2024-05-25T20:35:46.596Z","ask"
"0.2629","40688.4","2024-05-25T20:35:46.596Z","ask"
"0.2635","40","2024-05-25T20:35:46.596Z","ask"
"0.2637","9718.7","2024-05-25T20:35:46.596Z","ask"
"0.2644","25.1","2024-05-25T20:35:46.596Z","ask"
"0.2652","864.6","2024-05-25T20:35:46.596Z","ask"
"0.2654","415.1","2024-05-25T20:35:46.596Z","ask"
"0.2655","268.7","2024-05-25T20:35:46.596Z","ask"
"0.2657","21","2024-05-25T20:35:46.596Z","ask"
"0.2668","1391.2","2024-05-25T20:35:46.596Z","ask"
"0.2671","6293.7","2024-05-25T20:35:46.596Z","ask"
"0.2689","79.4","2024-05-25T20:35:46.596Z","ask"
"0.269","5675.2","2024-05-25T20:35:46.596Z","ask"
"0.2699","244.2","2024-05-25T20:35:46.596Z","ask"
"0.27","4871","2024-05-25T20:35:46.596Z","ask"
"0.2707","42.4","2024-05-25T20:35:46.596Z","ask"
"0.2715","45","2024-05-25T20:35:46.596Z","ask"
"0.2719","746.8","2024-05-25T20:35:46.596Z","ask"
"0.272","54","2024-05-25T20:35:46.596Z","ask"
"0.2744","1760.1","2024-05-25T20:35:46.596Z","ask"
"0.275","400","2024-05-25T20:35:46.596Z","ask"
"0.2757","4276.2","2024-05-25T20:35:46.596Z","ask"
"0.2758","888","2024-05-25T20:35:46.596Z","ask"
"0.2765","7000","2024-05-25T20:35:46.596Z","ask"
"0.2766","20","2024-05-25T20:35:46.596Z","ask"
"0.2772","2288.9","2024-05-25T20:35:46.596Z","ask"
"0.2777","741.7","2024-05-25T20:35:46.596Z","ask"
"0.2785","40","2024-05-25T20:35:46.596Z","ask"
"0.28","7721.7","2024-05-25T20:35:46.596Z","ask"
"0.2804","34600","2024-05-25T20:35:46.596Z","ask"
"0.2824","7049.2","2024-05-25T20:35:46.596Z","ask"
"0.283","100","2024-05-25T20:35:46.596Z","ask"
"0.284","27915.5","2024-05-25T20:35:46.596Z","ask"
"0.285","23354.4","2024-05-25T20:35:46.596Z","ask"
"0.2856","128.1","2024-05-25T20:35:46.596Z","ask"
"0.2865","7500","2024-05-25T20:35:46.596Z","ask"
"0.287","10.5","2024-05-25T20:35:46.596Z","ask"
"0.2879","202","2024-05-25T20:35:46.596Z","ask"
"0.288","3030","2024-05-25T20:35:46.596Z","ask"
"0.2889","13029.5","2024-05-25T20:35:46.596Z","ask"
"0.2893","719.4","2024-05-25T20:35:46.596Z","ask"
"0.29","67329.4","2024-05-25T20:35:46.596Z","ask"
"0.2901","377.5","2024-05-25T20:35:46.596Z","ask"
"0.2925","500","2024-05-25T20:35:46.596Z","ask"
"0.2935","12739.5","2024-05-25T20:35:46.596Z","ask"
"0.2938","261.2","2024-05-25T20:35:46.596Z","ask"
"0.294","34","2024-05-25T20:35:46.596Z","ask"
"0.2945","293328.4","2024-05-25T20:35:46.596Z","ask"
"0.2946","190.1","2024-05-25T20:35:46.596Z","ask"
"0.2947","101.7","2024-05-25T20:35:46.596Z","ask"
"0.2961","1654.9","2024-05-25T20:35:46.596Z","ask"
"0.2966","38635.1","2024-05-25T20:35:46.596Z","ask"
"0.2968","168.5","2024-05-25T20:35:46.596Z","ask"
"0.2983","9987.7","2024-05-25T20:35:46.596Z","ask"
"0.2991","500","2024-05-25T20:35:46.596Z","ask"
"0.2994","607.6","2024-05-25T20:35:46.596Z","ask"
"0.2999","26.9","2024-05-25T20:35:46.596Z","ask"
"0.3","63390.6","2024-05-25T20:35:46.596Z","ask"
"0.3009","0.4","2024-05-25T20:35:46.596Z","ask"
"0.3021","124.2","2024-05-25T20:35:46.596Z","ask"
"0.3022","12500","2024-05-25T20:35:46.596Z","ask"
"0.305","203.1","2024-05-25T20:35:46.596Z","ask"
"0.3065","71.9","2024-05-25T20:35:46.596Z","ask"
"0.3076","62.2","2024-05-25T20:35:46.596Z","ask"
"0.3083","60","2024-05-25T20:35:46.596Z","ask"
"0.3085","35","2024-05-25T20:35:46.596Z","ask"
"0.3088","400","2024-05-25T20:35:46.596Z","ask"
"0.309","1819.5","2024-05-25T20:35:46.596Z","ask"
"0.31","38417.4","2024-05-25T20:35:46.596Z","ask"
"0.314","75","2024-05-25T20:35:46.596Z","ask"
"0.315","40901.2","2024-05-25T20:35:46.596Z","ask"
"0.3163","225","2024-05-25T20:35:46.596Z","ask"
"0.3167","1000","2024-05-25T20:35:46.596Z","ask"
"0.3169","39.8","2024-05-25T20:35:46.596Z","ask"
"0.3172","15446.5","2024-05-25T20:35:46.596Z","ask"
"0.3179","15","2024-05-25T20:35:46.596Z","ask"
"0.3194","38.4","2024-05-25T20:35:46.596Z","ask"
"0.32","77615.3","2024-05-25T20:35:46.596Z","ask"
"0.3207","288","2024-05-25T20:35:46.596Z","ask"
"0.321","109","2024-05-25T20:35:46.596Z","ask"
"0.322","50000","2024-05-25T20:35:46.596Z","ask"
"0.3222","50","2024-05-25T20:35:46.596Z","ask"
"0.3232","23500","2024-05-25T20:35:46.596Z","ask"
"0.3234","2288.9","2024-05-25T20:35:46.596Z","ask"
"0.3235","35","2024-05-25T20:35:46.596Z","ask"
"0.325","17138","2024-05-25T20:35:46.596Z","ask"
"0.3253","49.4","2024-05-25T20:35:46.596Z","ask"
"0.3264","156.7","2024-05-25T20:35:46.596Z","ask"
"0.3281","14.8","2024-05-25T20:35:46.596Z","ask"
"0.329","452.2","2024-05-25T20:35:46.596Z","ask"
"0.3295","1226.2","2024-05-25T20:35:46.596Z","ask"
"0.3296","15","2024-05-25T20:35:46.596Z","ask"
"0.33","102191.4","2024-05-25T20:35:46.596Z","ask"
"0.3304","151.2","2024-05-25T20:35:46.596Z","ask"
"0.3324","1000","2024-05-25T20:35:46.596Z","ask"
"0.3326","141.6","2024-05-25T20:35:46.596Z","ask"
"0.3333","3288.8","2024-05-25T20:35:46.596Z","ask"
"0.3336","446","2024-05-25T20:35:46.596Z","ask"
"0.3339","162.1","2024-05-25T20:35:46.596Z","ask"
"0.3344","50000","2024-05-25T20:35:46.596Z","ask"
"0.336","59916.3","2024-05-25T20:35:46.596Z","ask"
"0.3366","410","2024-05-25T20:35:46.596Z","ask"
"0.3385","35","2024-05-25T20:35:46.596Z","ask"
"0.339","79.9","2024-05-25T20:35:46.596Z","ask"
"0.3397","100","2024-05-25T20:35:46.596Z","ask"
"0.34","5151.7","2024-05-25T20:35:46.596Z","ask"
"0.342","2000","2024-05-25T20:35:46.596Z","ask"
"0.3421","79.4","2024-05-25T20:35:46.596Z","ask"
"0.3428","1722","2024-05-25T20:35:46.596Z","ask"
"0.3444","1200","2024-05-25T20:35:46.596Z","ask"
"0.345","223.5","2024-05-25T20:35:46.596Z","ask"
"0.3489","209.9","2024-05-25T20:35:46.596Z","ask"
"0.3495","500","2024-05-25T20:35:46.596Z","ask"
"0.35","90435.9","2024-05-25T20:35:46.596Z","ask"
"0.3521","1112.6","2024-05-25T20:35:46.596Z","ask"
"0.3535","30","2024-05-25T20:35:46.596Z","ask"
"0.354","200","2024-05-25T20:35:46.596Z","ask"
"0.355","2001.9","2024-05-25T20:35:46.596Z","ask"
"0.3575","20","2024-05-25T20:35:46.596Z","ask"
"0.3599","28","2024-05-25T20:35:46.596Z","ask"
"0.36","6243.9","2024-05-25T20:35:46.596Z","ask"
"0.3636","26","2024-05-25T20:35:46.596Z","ask"
"0.365","52.2","2024-05-25T20:35:46.596Z","ask"
"0.367","30000","2024-05-25T20:35:46.596Z","ask"
"0.3671","136.1","2024-05-25T20:35:46.596Z","ask"
"0.3685","30","2024-05-25T20:35:46.596Z","ask"
"0.3688","1000","2024-05-25T20:35:46.596Z","ask"
"0.369","100","2024-05-25T20:35:46.596Z","ask"
"0.37","8727.4","2024-05-25T20:35:46.596Z","ask"
"0.3706","125","2024-05-25T20:35:46.596Z","ask"
"0.371","243.7","2024-05-25T20:35:46.596Z","ask"
"0.373","456.6","2024-05-25T20:35:46.596Z","ask"
"0.3748","237.2","2024-05-25T20:35:46.596Z","ask"
"0.375","68","2024-05-25T20:35:46.596Z","ask"
"0.3756","8993.9","2024-05-25T20:35:46.596Z","ask"
"0.3761","82","2024-05-25T20:35:46.596Z","ask"
"0.378","2000","2024-05-25T20:35:46.596Z","ask"
"0.38","193084.9","2024-05-25T20:35:46.596Z","ask"
"0.3822","29.2","2024-05-25T20:35:46.596Z","ask"
"0.3835","30","2024-05-25T20:35:46.596Z","ask"
"0.3847","11182.6","2024-05-25T20:35:46.596Z","ask"
"0.3863","150","2024-05-25T20:35:46.597Z","ask"
"0.3869","44.2","2024-05-25T20:35:46.597Z","ask"
"0.388","1808.7","2024-05-25T20:35:46.597Z","ask"
"0.3889","480","2024-05-25T20:35:46.597Z","ask"
"0.389","1260.2","2024-05-25T20:35:46.597Z","ask"
"0.39","81859.9","2024-05-25T20:35:46.597Z","ask"
"0.3944","1500","2024-05-25T20:35:46.597Z","ask"
"0.3948","3600","2024-05-25T20:35:46.597Z","ask"
"0.395","1250","2024-05-25T20:35:46.597Z","ask"
"0.3981","5000","2024-05-25T20:35:46.597Z","ask"
"0.3985","75","2024-05-25T20:35:46.597Z","ask"
"0.3995","500","2024-05-25T20:35:46.597Z","ask"
"0.4","111149.6","2024-05-25T20:35:46.597Z","ask"
"0.4003","191.8","2024-05-25T20:35:46.597Z","ask"
"0.401","426.3","2024-05-25T20:35:46.597Z","ask"
"0.404","420","2024-05-25T20:35:46.597Z","ask"
"0.4068","250","2024-05-25T20:35:46.597Z","ask"
"0.4079","122.5","2024-05-25T20:35:46.597Z","ask"
"0.4097","100","2024-05-25T20:35:46.597Z","ask"
"0.41","4337.9","2024-05-25T20:35:46.597Z","ask"
"0.4111","1829","2024-05-25T20:35:46.597Z","ask"
"0.4124","600","2024-05-25T20:35:46.597Z","ask"
"0.4129","1722","2024-05-25T20:35:46.597Z","ask"
"0.4139","5140.9","2024-05-25T20:35:46.597Z","ask"
"0.4151","3497.8","2024-05-25T20:35:46.597Z","ask"
"0.4153","79.4","2024-05-25T20:35:46.597Z","ask"
"0.4185","25","2024-05-25T20:35:46.597Z","ask"
"0.4199","5289.5","2024-05-25T20:35:46.597Z","ask"
"0.42","29617.5","2024-05-25T20:35:46.597Z","ask"
"0.425","25","2024-05-25T20:35:46.597Z","ask"
"0.4267","14147","2024-05-25T20:35:46.597Z","ask"
"0.4277","150","2024-05-25T20:35:46.597Z","ask"
"0.43","12668.7","2024-05-25T20:35:46.597Z","ask"
"0.432","111","2024-05-25T20:35:46.597Z","ask"
"0.433","121","2024-05-25T20:35:46.597Z","ask"
"0.434","458","2024-05-25T20:35:46.597Z","ask"
"0.435","3422.7","2024-05-25T20:35:46.597Z","ask"
"0.4374","11","2024-05-25T20:35:46.597Z","ask"
"0.4385","20","2024-05-25T20:35:46.597Z","ask"
"0.4396","113.7","2024-05-25T20:35:46.597Z","ask"
"0.44","80970.7","2024-05-25T20:35:46.597Z","ask"
"0.4425","260.6","2024-05-25T20:35:46.597Z","ask"
"0.444","123","2024-05-25T20:35:46.597Z","ask"
"0.4444","2000","2024-05-25T20:35:46.597Z","ask"
"0.445","890","2024-05-25T20:35:46.597Z","ask"
"0.4489","500","2024-05-25T20:35:46.597Z","ask"
"0.4495","893.3","2024-05-25T20:35:46.597Z","ask"
"0.45","99708.8","2024-05-25T20:35:46.597Z","ask"
"0.4526","51684.2","2024-05-25T20:35:46.597Z","ask"
"0.4532","110.2","2024-05-25T20:35:46.597Z","ask"
"0.454","200","2024-05-25T20:35:46.597Z","ask"
"0.4546","412","2024-05-25T20:35:46.597Z","ask"
"0.4548","10.5","2024-05-25T20:35:46.597Z","ask"
"0.455","197.1","2024-05-25T20:35:46.597Z","ask"
"0.4585","20","2024-05-25T20:35:46.597Z","ask"
"0.46","100","2024-05-25T20:35:46.597Z","ask"
"0.4678","11","2024-05-25T20:35:46.597Z","ask"
"0.4699","27.9","2024-05-25T20:35:46.597Z","ask"
"0.47","42410.7","2024-05-25T20:35:46.597Z","ask"
"0.471","95","2024-05-25T20:35:46.597Z","ask"
"0.475","72829.1","2024-05-25T20:35:46.597Z","ask"
"0.4785","20","2024-05-25T20:35:46.597Z","ask"
"0.48","10204.2","2024-05-25T20:35:46.597Z","ask"
"0.485","25","2024-05-25T20:35:46.597Z","ask"
"0.4885","79.4","2024-05-25T20:35:46.597Z","ask"
"0.4889","800","2024-05-25T20:35:46.597Z","ask"
"0.489","300","2024-05-25T20:35:46.597Z","ask"
"0.4897","100","2024-05-25T20:35:46.597Z","ask"
"0.49","128380.9","2024-05-25T20:35:46.597Z","ask"
"0.491","378.6","2024-05-25T20:35:46.597Z","ask"
"0.4936","93","2024-05-25T20:35:46.597Z","ask"
"0.4948","11000.6","2024-05-25T20:35:46.597Z","ask"
"0.495","105","2024-05-25T20:35:46.597Z","ask"
"0.4985","70","2024-05-25T20:35:46.597Z","ask"
"0.4995","1339.9","2024-05-25T20:35:46.597Z","ask"
"0.4999","3762.7","2024-05-25T20:35:46.597Z","ask"
"0.5","142239.4","2024-05-25T20:35:46.597Z","ask"
"0.5036","99.2","2024-05-25T20:35:46.597Z","ask"
"0.51","200.2","2024-05-25T20:35:46.597Z","ask"
"0.516","1300","2024-05-25T20:35:46.597Z","ask"
"0.5185","20","2024-05-25T20:35:46.597Z","ask"
"0.52","9981.5","2024-05-25T20:35:46.597Z","ask"
"0.5201","1358","2024-05-25T20:35:46.597Z","ask"
"0.5209","113.7","2024-05-25T20:35:46.597Z","ask"
"0.525","25.5","2024-05-25T20:35:46.597Z","ask"
"0.53","9554.2","2024-05-25T20:35:46.597Z","ask"
"0.532","54124.1","2024-05-25T20:35:46.597Z","ask"
"0.535","11.5","2024-05-25T20:35:46.597Z","ask"
"0.5385","20","2024-05-25T20:35:46.597Z","ask"
"0.5399","15.2","2024-05-25T20:35:46.597Z","ask"
"0.54","40189.9","2024-05-25T20:35:46.597Z","ask"
"0.5442","150","2024-05-25T20:35:46.597Z","ask"
"0.545","102.8","2024-05-25T20:35:46.597Z","ask"
"0.5489","500","2024-05-25T20:35:46.597Z","ask"
"0.5495","670","2024-05-25T20:35:46.597Z","ask"
"0.55","18013.1","2024-05-25T20:35:46.597Z","ask"
"0.5568","11","2024-05-25T20:35:46.597Z","ask"
"0.5585","20","2024-05-25T20:35:46.597Z","ask"
"0.5595","489.3","2024-05-25T20:35:46.597Z","ask"
"0.56","1110.9","2024-05-25T20:35:46.597Z","ask"
"0.5617","79.4","2024-05-25T20:35:46.597Z","ask"
"0.5621","25","2024-05-25T20:35:46.597Z","ask"
"0.5678","2087.9","2024-05-25T20:35:46.597Z","ask"
"0.5699","1221.2","2024-05-25T20:35:46.597Z","ask"
"0.57","1730","2024-05-25T20:35:46.597Z","ask"
"0.572","530","2024-05-25T20:35:46.597Z","ask"
"0.5759","17397.8","2024-05-25T20:35:46.597Z","ask"
"0.5777","50","2024-05-25T20:35:46.597Z","ask"
"0.5781","432.8","2024-05-25T20:35:46.597Z","ask"
"0.5785","15","2024-05-25T20:35:46.597Z","ask"
"0.579","650","2024-05-25T20:35:46.597Z","ask"
"0.58","10947.2","2024-05-25T20:35:46.597Z","ask"
"0.5836","36.4","2024-05-25T20:35:46.597Z","ask"
"0.5889","500","2024-05-25T20:35:46.597Z","ask"
"0.59","1879.2","2024-05-25T20:35:46.598Z","ask"
"0.5948","1000","2024-05-25T20:35:46.598Z","ask"
"0.5985","15","2024-05-25T20:35:46.598Z","ask"
"0.5995","335","2024-05-25T20:35:46.598Z","ask"
"0.6","55348.9","2024-05-25T20:35:46.598Z","ask"
"0.602","184.6","2024-05-25T20:35:46.598Z","ask"
"0.6053","84.1","2024-05-25T20:35:46.598Z","ask"
"0.61","1000","2024-05-25T20:35:46.598Z","ask"
"0.6142","500","2024-05-25T20:35:46.598Z","ask"
"0.6146","207.6","2024-05-25T20:35:46.598Z","ask"
"0.6161","513","2024-05-25T20:35:46.598Z","ask"
"0.6172","150","2024-05-25T20:35:46.598Z","ask"
"0.6185","15","2024-05-25T20:35:46.598Z","ask"
"0.6197","100","2024-05-25T20:35:46.598Z","ask"
"0.62","10805.2","2024-05-25T20:35:46.598Z","ask"
"0.6217","80.4","2024-05-25T20:35:46.598Z","ask"
"0.628","754","2024-05-25T20:35:46.598Z","ask"
"0.63","266.3","2024-05-25T20:35:46.598Z","ask"
"0.6325","644","2024-05-25T20:35:46.598Z","ask"
"0.6349","79.4","2024-05-25T20:35:46.598Z","ask"
"0.6384","104","2024-05-25T20:35:46.598Z","ask"
"0.64","4956.5","2024-05-25T20:35:46.598Z","ask"
"0.6435","15","2024-05-25T20:35:46.598Z","ask"
"0.6489","500","2024-05-25T20:35:46.598Z","ask"
"0.649","650","2024-05-25T20:35:46.598Z","ask"
"0.6495","335","2024-05-25T20:35:46.598Z","ask"
"0.6499","100","2024-05-25T20:35:46.598Z","ask"
"0.65","6546.5","2024-05-25T20:35:46.598Z","ask"
"0.6515","113.7","2024-05-25T20:35:46.598Z","ask"
"0.659","52","2024-05-25T20:35:46.598Z","ask"
"0.66","5382.3","2024-05-25T20:35:46.598Z","ask"
"0.6651","600.9","2024-05-25T20:35:46.598Z","ask"
"0.6656","5000","2024-05-25T20:35:46.598Z","ask"
"0.6685","465","2024-05-25T20:35:46.598Z","ask"
"0.67","303.6","2024-05-25T20:35:46.598Z","ask"
"0.6711","5000","2024-05-25T20:35:46.598Z","ask"
"0.6789","2088","2024-05-25T20:35:46.598Z","ask"
"0.68","5626.9","2024-05-25T20:35:46.598Z","ask"
"0.687","101819.3","2024-05-25T20:35:46.598Z","ask"
"0.6894","1500","2024-05-25T20:35:46.598Z","ask"
"0.6899","969.4","2024-05-25T20:35:46.598Z","ask"
"0.69","400","2024-05-25T20:35:46.598Z","ask"
"0.6908","72.3","2024-05-25T20:35:46.598Z","ask"
"0.6935","15","2024-05-25T20:35:46.598Z","ask"
"0.6955","47.8","2024-05-25T20:35:46.598Z","ask"
"0.6971","400","2024-05-25T20:35:46.598Z","ask"
"0.6985","50","2024-05-25T20:35:46.598Z","ask"
"0.7","112759.5","2024-05-25T20:35:46.598Z","ask"
"0.7081","79.4","2024-05-25T20:35:46.598Z","ask"
"0.71","331.7","2024-05-25T20:35:46.598Z","ask"
"0.72","6626.8","2024-05-25T20:35:46.598Z","ask"
"0.7296","625","2024-05-25T20:35:46.598Z","ask"
"0.74","8000","2024-05-25T20:35:46.598Z","ask"
"0.7489","1000","2024-05-25T20:35:46.598Z","ask"
"0.75","144821.5","2024-05-25T20:35:46.598Z","ask"
"0.76","568.6","2024-05-25T20:35:46.598Z","ask"
"0.7675","65.1","2024-05-25T20:35:46.598Z","ask"
"0.77","665.2","2024-05-25T20:35:46.598Z","ask"
"0.775","31402.1","2024-05-25T20:35:46.598Z","ask"
"0.777","1500","2024-05-25T20:35:46.598Z","ask"
"0.78","21819.9","2024-05-25T20:35:46.598Z","ask"
"0.7813","79.4","2024-05-25T20:35:46.598Z","ask"
"0.79","1281","2024-05-25T20:35:46.598Z","ask"
"0.7948","1000","2024-05-25T20:35:46.598Z","ask"
"0.8","88566.6","2024-05-25T20:35:46.598Z","ask"
"0.8058","36.4","2024-05-25T20:35:46.598Z","ask"
"0.81","374.7","2024-05-25T20:35:46.598Z","ask"
"0.82","6455.9","2024-05-25T20:35:46.598Z","ask"
"0.84","1000","2024-05-25T20:35:46.598Z","ask"
"0.8489","208.4","2024-05-25T20:35:46.598Z","ask"
"0.85","37100.7","2024-05-25T20:35:46.598Z","ask"
"0.8545","79.4","2024-05-25T20:35:46.598Z","ask"
"0.8617","58","2024-05-25T20:35:46.598Z","ask"
"0.8634","113.7","2024-05-25T20:35:46.598Z","ask"
"0.87","2359.1","2024-05-25T20:35:46.598Z","ask"
"0.874","50128","2024-05-25T20:35:46.598Z","ask"
"0.8748","200","2024-05-25T20:35:46.598Z","ask"
"0.88","2416.2","2024-05-25T20:35:46.598Z","ask"
"0.882","1411.6","2024-05-25T20:35:46.598Z","ask"
"0.8851","130.3","2024-05-25T20:35:46.598Z","ask"
"0.8889","300","2024-05-25T20:35:46.598Z","ask"
"0.89","1276.5","2024-05-25T20:35:46.598Z","ask"
"0.8948","562","2024-05-25T20:35:46.598Z","ask"
"0.8985","50","2024-05-25T20:35:46.598Z","ask"
"0.899","321.8","2024-05-25T20:35:46.598Z","ask"
"0.9","21745.7","2024-05-25T20:35:46.598Z","ask"
"0.9248","500","2024-05-25T20:35:46.598Z","ask"
"0.9277","79.4","2024-05-25T20:35:46.598Z","ask"
"0.9297","100","2024-05-25T20:35:46.598Z","ask"
"0.93","13002.4","2024-05-25T20:35:46.598Z","ask"
"0.9389","409","2024-05-25T20:35:46.598Z","ask"
"0.94","21276.5","2024-05-25T20:35:46.598Z","ask"
"0.9444","300","2024-05-25T20:35:46.598Z","ask"
"0.9471","1250","2024-05-25T20:35:46.598Z","ask"
"0.9489","500","2024-05-25T20:35:46.598Z","ask"
"0.95","105039.3","2024-05-25T20:35:46.598Z","ask"
"0.9575","52.2","2024-05-25T20:35:46.598Z","ask"
"0.96","14133.5","2024-05-25T20:35:46.598Z","ask"
"0.97","830","2024-05-25T20:35:46.598Z","ask"
"0.9748","400","2024-05-25T20:35:46.598Z","ask"
"0.9759","244.3","2024-05-25T20:35:46.598Z","ask"
"0.98","64716.8","2024-05-25T20:35:46.598Z","ask"
"0.9827","5189.5","2024-05-25T20:35:46.598Z","ask"
"0.985","643.8","2024-05-25T20:35:46.598Z","ask"
"0.988","3440","2024-05-25T20:35:46.598Z","ask"
"0.9894","500","2024-05-25T20:35:46.598Z","ask"
"0.99","49502.7","2024-05-25T20:35:46.598Z","ask"
"0.997","252","2024-05-25T20:35:46.598Z","ask"
"1","564636.9","2024-05-25T20:35:46.598Z","ask"
"1.0009","79.4","2024-05-25T20:35:46.598Z","ask"
"1.0083","55.6","2024-05-25T20:35:46.598Z","ask"
"1.02","1369.6","2024-05-25T20:35:46.598Z","ask"
"1.0347","113.7","2024-05-25T20:35:46.598Z","ask"
"1.04","70","2024-05-25T20:35:46.598Z","ask"
"1.05","6000","2024-05-25T20:35:46.598Z","ask"
"1.0741","79.4","2024-05-25T20:35:46.598Z","ask"
"1.0744","36.4","2024-05-25T20:35:46.598Z","ask"
"1.08","6756.1","2024-05-25T20:35:46.598Z","ask"
"1.087","400","2024-05-25T20:35:46.598Z","ask"
"1.0872","79.4","2024-05-25T20:35:46.598Z","ask"
"1.09","50","2024-05-25T20:35:46.598Z","ask"
"1.1","1018276.4","2024-05-25T20:35:46.598Z","ask"
"1.11","8966.9","2024-05-25T20:35:46.598Z","ask"
"1.1143","1443","2024-05-25T20:35:46.598Z","ask"
"1.1206","14.5","2024-05-25T20:35:46.598Z","ask"
"1.16","6166.6","2024-05-25T20:35:46.598Z","ask"
"1.189","149.2","2024-05-25T20:35:46.598Z","ask"
"1.19","3384.9","2024-05-25T20:35:46.598Z","ask"
"1.194","106.1","2024-05-25T20:35:46.598Z","ask"
"1.2","13514.7","2024-05-25T20:35:46.598Z","ask"
"1.206","113.7","2024-05-25T20:35:46.598Z","ask"
"1.21","111","2024-05-25T20:35:46.598Z","ask"
"1.23","169","2024-05-25T20:35:46.598Z","ask"
"1.24","1000","2024-05-25T20:35:46.598Z","ask"
"1.248","200","2024-05-25T20:35:46.598Z","ask"
"1.25","1881.9","2024-05-25T20:35:46.598Z","ask"
"1.2594","1027.5","2024-05-25T20:35:46.598Z","ask"
"1.26","30","2024-05-25T20:35:46.598Z","ask"
"1.262","6130","2024-05-25T20:35:46.598Z","ask"
"1.277","400","2024-05-25T20:35:46.598Z","ask"
"1.289","100","2024-05-25T20:35:46.598Z","ask"
"1.29","75","2024-05-25T20:35:46.598Z","ask"
"1.294","150","2024-05-25T20:35:46.598Z","ask"
"1.3","48697.5","2024-05-25T20:35:46.598Z","ask"
"1.31","64","2024-05-25T20:35:46.598Z","ask"
"1.3121","900","2024-05-25T20:35:46.598Z","ask"
"1.33","1585.8","2024-05-25T20:35:46.598Z","ask"
"1.348","100","2024-05-25T20:35:46.598Z","ask"
"1.35","323.8","2024-05-25T20:35:46.598Z","ask"
"1.369","69","2024-05-25T20:35:46.598Z","ask"
"1.37","100","2024-05-25T20:35:46.598Z","ask"
"1.3889","200","2024-05-25T20:35:46.598Z","ask"
"1.394","100","2024-05-25T20:35:46.598Z","ask"
"1.4","26127.7","2024-05-25T20:35:46.598Z","ask"
"1.42","10000","2024-05-25T20:35:46.598Z","ask"
"1.444","100","2024-05-25T20:35:46.598Z","ask"
"1.4527","113.7","2024-05-25T20:35:46.598Z","ask"
"1.474","100","2024-05-25T20:35:46.598Z","ask"
"1.48","188.7","2024-05-25T20:35:46.598Z","ask"
"1.489","200","2024-05-25T20:35:46.598Z","ask"
"1.4897","100","2024-05-25T20:35:46.598Z","ask"
"1.49","85.5","2024-05-25T20:35:46.598Z","ask"
"1.492","125","2024-05-25T20:35:46.598Z","ask"
"1.494","222","2024-05-25T20:35:46.598Z","ask"
"1.5","115925.9","2024-05-25T20:35:46.598Z","ask"
"1.51","200","2024-05-25T20:35:46.598Z","ask"
"1.57","100","2024-05-25T20:35:46.598Z","ask"
"1.58","10.5","2024-05-25T20:35:46.598Z","ask"
"1.6","2878.4","2024-05-25T20:35:46.598Z","ask"
"1.612","185.2","2024-05-25T20:35:46.598Z","ask"
"1.62","2961.8","2024-05-25T20:35:46.598Z","ask"
"1.64","283","2024-05-25T20:35:46.598Z","ask"
"1.65","375.1","2024-05-25T20:35:46.598Z","ask"
"1.66","80947.2","2024-05-25T20:35:46.598Z","ask"
"1.68","5687.7","2024-05-25T20:35:46.598Z","ask"
"1.689","180","2024-05-25T20:35:46.598Z","ask"
"1.7","313","2024-05-25T20:35:46.598Z","ask"
"1.745","5189.5","2024-05-25T20:35:46.598Z","ask"
"1.748","200","2024-05-25T20:35:46.598Z","ask"
"1.75","2010.5","2024-05-25T20:35:46.598Z","ask"
"1.7605","114.3","2024-05-25T20:35:46.598Z","ask"
"1.7702","65.2","2024-05-25T20:35:46.598Z","ask"
"1.7777","50","2024-05-25T20:35:46.598Z","ask"
"1.789","3100.1","2024-05-25T20:35:46.598Z","ask"
"1.79","3762.8","2024-05-25T20:35:46.598Z","ask"
"1.794","100","2024-05-25T20:35:46.598Z","ask"
"1.8","1077.6","2024-05-25T20:35:46.598Z","ask"
"1.81","5242","2024-05-25T20:35:46.598Z","ask"
"1.83","35.6","2024-05-25T20:35:46.598Z","ask"
"1.888","591.6","2024-05-25T20:35:46.598Z","ask"
"1.889","300","2024-05-25T20:35:46.598Z","ask"
"1.89","240.8","2024-05-25T20:35:46.598Z","ask"
"1.9","199.5","2024-05-25T20:35:46.598Z","ask"
"1.948","453","2024-05-25T20:35:46.598Z","ask"
"1.9697","100","2024-05-25T20:35:46.598Z","ask"
"1.98","1866.5","2024-05-25T20:35:46.598Z","ask"
"1.99","1195.3","2024-05-25T20:35:46.598Z","ask"
"2","36515","2024-05-25T20:35:46.598Z","ask"
"2.1","6742.9","2024-05-25T20:35:46.598Z","ask"
"2.16","6372","2024-05-25T20:35:46.598Z","ask"
"2.18","15000","2024-05-25T20:35:46.598Z","ask"
"2.2","888.1","2024-05-25T20:35:46.598Z","ask"
"2.22","350","2024-05-25T20:35:46.598Z","ask"
"2.24","100","2024-05-25T20:35:46.598Z","ask"
"2.248","100","2024-05-25T20:35:46.598Z","ask"
"2.25","2500","2024-05-25T20:35:46.598Z","ask"
"2.38","86.9","2024-05-25T20:35:46.598Z","ask"
"2.389","43.6","2024-05-25T20:35:46.598Z","ask"
"2.4","100","2024-05-25T20:35:46.598Z","ask"
"2.44","200","2024-05-25T20:35:46.598Z","ask"
"2.489","140","2024-05-25T20:35:46.598Z","ask"
"2.49","454.1","2024-05-25T20:35:46.598Z","ask"
"2.5","2401.1","2024-05-25T20:35:46.598Z","ask"
"2.52","1343.6","2024-05-25T20:35:46.598Z","ask"
"2.748","100","2024-05-25T20:35:46.598Z","ask"
"2.8","100.1","2024-05-25T20:35:46.598Z","ask"
"2.84","500","2024-05-25T20:35:46.598Z","ask"
"2.87","203.4","2024-05-25T20:35:46.599Z","ask"
"2.948","120","2024-05-25T20:35:46.599Z","ask"
"2.95","318","2024-05-25T20:35:46.599Z","ask"
"2.98","100","2024-05-25T20:35:46.599Z","ask"
"3","8347.9","2024-05-25T20:35:46.599Z","ask"
"3.1","1081.5","2024-05-25T20:35:46.599Z","ask"
"3.11","1522","2024-05-25T20:35:46.599Z","ask"
"3.2","133","2024-05-25T20:35:46.599Z","ask"
"3.25","2000","2024-05-25T20:35:46.599Z","ask"
"3.3","320.9","2024-05-25T20:35:46.599Z","ask"
"3.32","1007.7","2024-05-25T20:35:46.599Z","ask"
"3.4","100","2024-05-25T20:35:46.599Z","ask"
"3.49","100","2024-05-25T20:35:46.599Z","ask"
"3.5","1016","2024-05-25T20:35:46.599Z","ask"
"3.77","2524","2024-05-25T20:35:46.599Z","ask"
"3.8066","1460.5","2024-05-25T20:35:46.599Z","ask"
"3.98","100","2024-05-25T20:35:46.599Z","ask"
"4","74","2024-05-25T20:35:46.599Z","ask"
"4.04","500","2024-05-25T20:35:46.599Z","ask"
"4.29","755.8","2024-05-25T20:35:46.599Z","ask"
"4.49","100","2024-05-25T20:35:46.599Z","ask"
"4.98","100","2024-05-25T20:35:46.599Z","ask"
"5","2939.4","2024-05-25T20:35:46.599Z","ask"
"5.09","100","2024-05-25T20:35:46.599Z","ask"
"5.2","861","2024-05-25T20:35:46.599Z","ask"
"5.49","200","2024-05-25T20:35:46.599Z","ask"
"5.98","200","2024-05-25T20:35:46.599Z","ask"
"6","44.6","2024-05-25T20:35:46.599Z","ask"
"6.0362","100","2024-05-25T20:35:46.599Z","ask"
"6.4","133","2024-05-25T20:35:46.599Z","ask"
"6.49","200","2024-05-25T20:35:46.599Z","ask"
"6.98","200","2024-05-25T20:35:46.599Z","ask"
"7","100","2024-05-25T20:35:46.599Z","ask"
"7.5","500","2024-05-25T20:35:46.599Z","ask"
"7.98","512.4","2024-05-25T20:35:46.599Z","ask"
"8.5","4192.4","2024-05-25T20:35:46.599Z","ask"
"9","26614.7","2024-05-25T20:35:46.599Z","ask"
"9.99","10","2024-05-25T20:35:46.599Z","ask"
"10","746.9","2024-05-25T20:35:46.599Z","ask"
"12","14.8","2024-05-25T20:35:46.599Z","ask"
"12.5","1500","2024-05-25T20:35:46.599Z","ask"
"12.8","133","2024-05-25T20:35:46.599Z","ask"
"14","926.2","2024-05-25T20:35:46.599Z","ask"
"15","510.5","2024-05-25T20:35:46.599Z","ask"
"16","169.9","2024-05-25T20:35:46.599Z","ask"
"18.1032","6428.3","2024-05-25T20:35:46.599Z","ask"
"24","74.3","2024-05-25T20:35:46.599Z","ask"
"25","133","2024-05-25T20:35:46.599Z","ask"
"28.66","183.1","2024-05-25T20:35:46.599Z","ask"
"33","10.6","2024-05-25T20:35:46.599Z","ask"
"34","39.7","2024-05-25T20:35:46.599Z","ask"
"50","354.5","2024-05-25T20:35:46.599Z","ask"
"70","10.5","2024-05-25T20:35:46.599Z","ask"
"74","29.7","2024-05-25T20:35:46.599Z","ask"
"74.01","1242","2024-05-25T20:35:46.599Z","ask"
"100","2079.7","2024-05-25T20:35:46.599Z","ask"
"144","44.6","2024-05-25T20:35:46.599Z","ask"
"333","10.5","2024-05-25T20:35:46.599Z","ask"
"600","65.8","2024-05-25T20:35:46.599Z","ask"
"640","10.9","2024-05-25T20:35:46.599Z","ask"
"700","10.8","2024-05-25T20:35:46.599Z","ask"
"1000","100","2024-05-25T20:35:46.599Z","ask"
"10000","107.2","2024-05-25T20:35:46.599Z","ask"
"125855","11","2024-05-25T20:35:46.599Z","ask"
"0.166","61.6","2024-05-25T20:35:46.599Z","bid"
"0.1659","3116.5","2024-05-25T20:35:46.599Z","bid"
"0.1658","12754","2024-05-25T20:35:46.599Z","bid"
"0.1657","32224.6","2024-05-25T20:35:46.599Z","bid"
"0.1656","14892.2","2024-05-25T20:35:46.599Z","bid"
"0.1655","27420.7","2024-05-25T20:35:46.599Z","bid"
"0.1654","884.1","2024-05-25T20:35:46.599Z","bid"
"0.1653","10126.3","2024-05-25T20:35:46.599Z","bid"
"0.1652","22796","2024-05-25T20:35:46.599Z","bid"
"0.1651","43766.5","2024-05-25T20:35:46.599Z","bid"
"0.165","9393.9","2024-05-25T20:35:46.599Z","bid"
"0.1649","7072.6","2024-05-25T20:35:46.599Z","bid"
"0.1647","37514.8","2024-05-25T20:35:46.599Z","bid"
"0.1646","338.2","2024-05-25T20:35:46.599Z","bid"
"0.1645","8.9","2024-05-25T20:35:46.599Z","bid"
"0.1643","14892.2","2024-05-25T20:35:46.599Z","bid"
"0.1642","8931.1","2024-05-25T20:35:46.599Z","bid"
"0.1641","14107.1","2024-05-25T20:35:46.599Z","bid"
"0.164","7673.9","2024-05-25T20:35:46.599Z","bid"
"0.1636","22789","2024-05-25T20:35:46.599Z","bid"
"0.1635","211.6","2024-05-25T20:35:46.599Z","bid"
"0.1634","136.3","2024-05-25T20:35:46.599Z","bid"
"0.1633","232.1","2024-05-25T20:35:46.599Z","bid"
"0.1632","8034.9","2024-05-25T20:35:46.599Z","bid"
"0.1631","273","2024-05-25T20:35:46.599Z","bid"
"0.163","84.6","2024-05-25T20:35:46.599Z","bid"
"0.1629","17681.4","2024-05-25T20:35:46.599Z","bid"
"0.1627","3132.7","2024-05-25T20:35:46.599Z","bid"
"0.1626","21","2024-05-25T20:35:46.599Z","bid"
"0.1619","3782.5","2024-05-25T20:35:46.599Z","bid"
"0.1616","22294.9","2024-05-25T20:35:46.599Z","bid"
"0.1609","22101.8","2024-05-25T20:35:46.599Z","bid"
"0.1606","21","2024-05-25T20:35:46.599Z","bid"
"0.1603","3782.5","2024-05-25T20:35:46.599Z","bid"
"0.16","33.3","2024-05-25T20:35:46.599Z","bid"
"0.1599","168.9","2024-05-25T20:35:46.599Z","bid"
"0.1598","26291","2024-05-25T20:35:46.599Z","bid"
"0.1597","62.7","2024-05-25T20:35:46.599Z","bid"
"0.159","62.9","2024-05-25T20:35:46.599Z","bid"
"0.1587","275.6","2024-05-25T20:35:46.599Z","bid"
"0.1586","281.9","2024-05-25T20:35:46.599Z","bid"
"0.1585","197.1","2024-05-25T20:35:46.599Z","bid"
"0.1584","26522.1","2024-05-25T20:35:46.599Z","bid"
"0.1583","63.2","2024-05-25T20:35:46.599Z","bid"
"0.1575","186.9","2024-05-25T20:35:46.599Z","bid"
"0.157","276.7","2024-05-25T20:35:46.599Z","bid"
"0.1567","63.9","2024-05-25T20:35:46.599Z","bid"
"0.1566","21","2024-05-25T20:35:46.599Z","bid"
"0.1562","17","2024-05-25T20:35:46.599Z","bid"
"0.1553","8.1","2024-05-25T20:35:46.599Z","bid"
"0.1551","282","2024-05-25T20:35:46.599Z","bid"
"0.155","13000","2024-05-25T20:35:46.599Z","bid"
"0.1546","670.7","2024-05-25T20:35:46.599Z","bid"
"0.1525","8","2024-05-25T20:35:46.599Z","bid"
"0.1522","98.7","2024-05-25T20:35:46.599Z","bid"
"0.152","653.9","2024-05-25T20:35:46.599Z","bid"
"0.1515","279.8","2024-05-25T20:35:46.599Z","bid"
"0.1511","469.7","2024-05-25T20:35:46.599Z","bid"
"0.1506","71.6","2024-05-25T20:35:46.599Z","bid"
"0.1501","74.4","2024-05-25T20:35:46.599Z","bid"
"0.15","7746.1","2024-05-25T20:35:46.599Z","bid"
"0.1487","1681.2","2024-05-25T20:35:46.599Z","bid"
"0.1481","124.3","2024-05-25T20:35:46.599Z","bid"
"0.148","692.9","2024-05-25T20:35:46.599Z","bid"
"0.1471","99","2024-05-25T20:35:46.599Z","bid"
"0.1465","142.1","2024-05-25T20:35:46.599Z","bid"
"0.1455","212","2024-05-25T20:35:46.599Z","bid"
"0.1452","856.9","2024-05-25T20:35:46.599Z","bid"
"0.145","3479.6","2024-05-25T20:35:46.599Z","bid"
"0.1444","345.1","2024-05-25T20:35:46.599Z","bid"
"0.1439","0.1","2024-05-25T20:35:46.599Z","bid"
"0.1436","440.4","2024-05-25T20:35:46.599Z","bid"
"0.1435","20.7","2024-05-25T20:35:46.599Z","bid"
"0.1428","212","2024-05-25T20:35:46.599Z","bid"
"0.1423","698.8","2024-05-25T20:35:46.599Z","bid"
"0.142","325","2024-05-25T20:35:46.599Z","bid"
"0.1419","352.3","2024-05-25T20:35:46.599Z","bid"
"0.1416","177.3","2024-05-25T20:35:46.599Z","bid"
"0.1415","2120.1","2024-05-25T20:35:46.599Z","bid"
"0.1414","70.4","2024-05-25T20:35:46.599Z","bid"
"0.1408","397.8","2024-05-25T20:35:46.599Z","bid"
"0.14","23411.4","2024-05-25T20:35:46.599Z","bid"
"0.1377","35.9","2024-05-25T20:35:46.599Z","bid"
"0.1355","2499","2024-05-25T20:35:46.599Z","bid"
"0.1341","112","2024-05-25T20:35:46.599Z","bid"
"0.1338","2000","2024-05-25T20:35:46.599Z","bid"
"0.1326","9.5","2024-05-25T20:35:46.599Z","bid"
"0.132","113.1","2024-05-25T20:35:46.599Z","bid"
"0.1301","24588.7","2024-05-25T20:35:46.599Z","bid"
"0.13","9800","2024-05-25T20:35:46.599Z","bid"
"0.1283","203.8","2024-05-25T20:35:46.599Z","bid"
"0.1279","31","2024-05-25T20:35:46.599Z","bid"
"0.1232","7200","2024-05-25T20:35:46.599Z","bid"
"0.1226","79.4","2024-05-25T20:35:46.599Z","bid"
"0.1217","2251","2024-05-25T20:35:46.599Z","bid"
"0.1208","1200","2024-05-25T20:35:46.599Z","bid"
"0.12","6185.1","2024-05-25T20:35:46.599Z","bid"
"0.1196","500","2024-05-25T20:35:46.599Z","bid"
"0.118","20","2024-05-25T20:35:46.599Z","bid"
"0.1153","26","2024-05-25T20:35:46.599Z","bid"
"0.115","43.2","2024-05-25T20:35:46.599Z","bid"
"0.1133","0.1","2024-05-25T20:35:46.599Z","bid"
"0.1123","350","2024-05-25T20:35:46.599Z","bid"
"0.112","18749.9","2024-05-25T20:35:46.599Z","bid"
"0.111","118837.8","2024-05-25T20:35:46.599Z","bid"
"0.11","12679.8","2024-05-25T20:35:46.599Z","bid"
"0.105","94","2024-05-25T20:35:46.599Z","bid"
"0.104","143.6","2024-05-25T20:35:46.599Z","bid"
"0.1014","159.1","2024-05-25T20:35:46.599Z","bid"
"0.1001","600","2024-05-25T20:35:46.599Z","bid"
"0.1","587858.8","2024-05-25T20:35:46.599Z","bid"
"0.095","5352.6","2024-05-25T20:35:46.599Z","bid"
"0.0907","2196.2","2024-05-25T20:35:46.599Z","bid"
"0.09","1111.1","2024-05-25T20:35:46.599Z","bid"
"0.089","558.7","2024-05-25T20:35:46.599Z","bid"
"0.0876","228.3","2024-05-25T20:35:46.599Z","bid"
"0.0859","79.4","2024-05-25T20:35:46.599Z","bid"
"0.0851","14.8","2024-05-25T20:35:46.599Z","bid"
"0.085","1088.2","2024-05-25T20:35:46.599Z","bid"
"0.0828","50","2024-05-25T20:35:46.599Z","bid"
"0.0826","4220.3","2024-05-25T20:35:46.599Z","bid"
"0.082","121.9","2024-05-25T20:35:46.599Z","bid"
"0.0813","107","2024-05-25T20:35:46.599Z","bid"
"0.081","30.1","2024-05-25T20:35:46.599Z","bid"
"0.08","1695.5","2024-05-25T20:35:46.599Z","bid"
"0.079","50","2024-05-25T20:35:46.599Z","bid"
"0.077","51","2024-05-25T20:35:46.599Z","bid"
"0.075","202.5","2024-05-25T20:35:46.599Z","bid"
"0.0737","50","2024-05-25T20:35:46.599Z","bid"
"0.073","304.5","2024-05-25T20:35:46.599Z","bid"
"0.071","2801.4","2024-05-25T20:35:46.599Z","bid"
"0.07","270","2024-05-25T20:35:46.599Z","bid"
"0.0696","100","2024-05-25T20:35:46.599Z","bid"
"0.0679","20","2024-05-25T20:35:46.599Z","bid"
"0.0666","10.5","2024-05-25T20:35:46.599Z","bid"
"0.0656","75","2024-05-25T20:35:46.599Z","bid"
"0.065","967.1","2024-05-25T20:35:46.599Z","bid"
"0.0622","1598","2024-05-25T20:35:46.599Z","bid"
"0.0601","1200","2024-05-25T20:35:46.599Z","bid"
"0.06","8948.3","2024-05-25T20:35:46.599Z","bid"
"0.0599","3319.9","2024-05-25T20:35:46.599Z","bid"
"0.0592","844.5","2024-05-25T20:35:46.599Z","bid"
"0.0511","1500","2024-05-25T20:35:46.599Z","bid"
"0.051","1000","2024-05-25T20:35:46.599Z","bid"
"0.05","1539.7","2024-05-25T20:35:46.599Z","bid"
"0.0493","79.4","2024-05-25T20:35:46.599Z","bid"
"0.0486","2040.7","2024-05-25T20:35:46.599Z","bid"
"0.04","1165.7","2024-05-25T20:35:46.599Z","bid"
"0.031","1500","2024-05-25T20:35:46.599Z","bid"
"0.03","6666.6","2024-05-25T20:35:46.599Z","bid"
"0.0246","3643.3","2024-05-25T20:35:46.599Z","bid"
"0.02","1525","2024-05-25T20:35:46.599Z","bid"
"0.0176","2000","2024-05-25T20:35:46.599Z","bid"
"0.0126","79.4","2024-05-25T20:35:46.599Z","bid"
"0.01","100","2024-05-25T20:35:46.599Z","bid"
"0.0002","5000","2024-05-25T20:35:46.599Z","bid"
"0.0001","487940","2024-05-25T20:35:46.599Z","bid"