"price","volume","time","side","orderType"
"0.16600000","11.00000000","2024-05-25T20:35:27.051Z","buy","maker"
"0.16600000","11.00000000","2024-05-25T20:35:26.715Z","buy","maker"
"0.16600000","11.00000000","2024-05-25T20:35:00.169Z","buy","maker"
"0.16600000","11.00000000","2024-05-25T20:34:59.689Z","buy","maker"
"0.16590000","11.00000000","2024-05-25T20:34:34.060Z","buy","maker"
"0.16590000","11.00000000","2024-05-25T20:34:33.707Z","buy","maker"
"0.16610000","1414.10000000","2024-05-25T20:34:32.946Z","buy","maker"
"0.16610000","104.40000000","2024-05-25T20:34:32.934Z","sell","maker"
"0.16590000","11.00000000","2024-05-25T20:34:08.098Z","buy","maker"
"0.16590000","11.00000000","2024-05-25T20:34:07.739Z","buy","maker"
"0.16590000","11.00000000","2024-05-25T20:33:41.091Z","buy","maker"
"0.16590000","11.00000000","2024-05-25T20:33:40.715Z","buy","maker"
"0.16580000","11.00000000","2024-05-25T20:33:02.328Z","buy","maker"
"0.16580000","11.00000000","2024-05-25T20:33:02.028Z","buy","maker"
"0.16580000","11.00000000","2024-05-25T20:33:01.728Z","buy","maker"
"0.16590000","11.00000000","2024-05-25T20:32:47.746Z","buy","maker"
"0.16580000","11.00000000","2024-05-25T20:32:22.091Z","buy","maker"
"0.16580000","11.00000000","2024-05-25T20:32:21.716Z","buy","maker"
"0.16590000","329.10000000","2024-05-25T20:32:00.817Z","sell","maker"
"0.16590000","305.00000000","2024-05-25T20:32:00.817Z","sell","maker"
"0.16560000","11.00000000","2024-05-25T20:31:56.084Z","buy","maker"
"0.16560000","11.00000000","2024-05-25T20:31:55.719Z","buy","maker"
"0.16560000","11.00000000","2024-05-25T20:31:29.325Z","buy","maker"
"0.16560000","11.00000000","2024-05-25T20:31:28.916Z","buy","maker"
"0.16560000","11.00000000","2024-05-25T20:31:03.054Z","buy","maker"
"0.16560000","11.00000000","2024-05-25T20:31:02.721Z","buy","maker"
"0.16560000","11.00000000","2024-05-25T20:30:36.085Z","buy","maker"
"0.16560000","11.00000000","2024-05-25T20:30:35.691Z","buy","maker"
"0.16560000","11.00000000","2024-05-25T20:30:10.062Z","buy","maker"
"0.16560000","11.00000000","2024-05-25T20:30:09.689Z","buy","maker"
"0.16560000","11.00000000","2024-05-25T20:29:44.104Z","buy","maker"
"0.16560000","11.00000000","2024-05-25T20:29:43.710Z","buy","maker"
"0.16560000","11.00000000","2024-05-25T20:29:04.554Z","buy","maker"
"0.16560000","11.00000000","2024-05-25T20:29:04.242Z","buy","maker"
"0.16560000","11.00000000","2024-05-25T20:29:03.733Z","buy","maker"
"0.16560000","11.00000000","2024-05-25T20:28:38.309Z","buy","maker"
"0.16560000","11.00000000","2024-05-25T20:28:37.906Z","buy","maker"
"0.16560000","11.00000000","2024-05-25T20:28:11.143Z","buy","maker"
"0.16560000","11.00000000","2024-05-25T20:28:10.704Z","buy","maker"
"0.16560000","11.00000000","2024-05-25T20:27:45.059Z","buy","maker"
"0.16560000","11.00000000","2024-05-25T20:27:44.687Z","buy","maker"
"0.16560000","11.00000000","2024-05-25T20:27:19.054Z","buy","maker"
"0.16560000","11.00000000","2024-05-25T20:27:18.702Z","buy","maker"
"0.16560000","11.00000000","2024-05-25T20:26:52.090Z","buy","maker"
"0.16560000","11.00000000","2024-05-25T20:26:51.706Z","buy","maker"
"0.16560000","11.00000000","2024-05-25T20:26:26.046Z","buy","maker"
"0.16560000","11.00000000","2024-05-25T20:26:25.690Z","buy","maker"
"0.16560000","11.00000000","2024-05-25T20:25:59.270Z","buy","maker"
"0.16570000","11.00000000","2024-05-25T20:25:58.702Z","buy","maker"
"0.16560000","11.00000000","2024-05-25T20:25:33.039Z","buy","maker"
"0.16560000","11.00000000","2024-05-25T20:25:32.692Z","buy","maker"
"0.16560000","11.00000000","2024-05-25T20:25:07.146Z","buy","maker"
"0.16560000","11.00000000","2024-05-25T20:25:06.713Z","buy","maker"
"0.16560000","11.00000000","2024-05-25T20:24:27.805Z","buy","maker"
"0.16560000","11.00000000","2024-05-25T20:24:27.315Z","buy","maker"
"0.16560000","11.00000000","2024-05-25T20:24:26.692Z","buy","maker"
"0.16560000","11.00000000","2024-05-25T20:24:01.321Z","buy","maker"
"0.16560000","11.00000000","2024-05-25T20:24:00.839Z","buy","maker"
"0.16560000","11.00000000","2024-05-25T20:23:34.123Z","buy","maker"
"0.16560000","11.00000000","2024-05-25T20:23:33.729Z","buy","maker"
"0.16560000","11.00000000","2024-05-25T20:22:55.569Z","buy","maker"
"0.16560000","11.00000000","2024-05-25T20:22:55.108Z","buy","maker"
"0.16560000","11.00000000","2024-05-25T20:22:54.705Z","buy","maker"
"0.16570000","11.00000000","2024-05-25T20:22:28.131Z","buy","maker"
"0.16570000","11.00000000","2024-05-25T20:22:27.701Z","buy","maker"
"0.16570000","11.00000000","2024-05-25T20:21:49.551Z","buy","maker"
"0.16570000","11.00000000","2024-05-25T20:21:49.074Z","buy","maker"
"0.16570000","11.00000000","2024-05-25T20:21:48.704Z","buy","maker"
"0.16560000","11.00000000","2024-05-25T20:21:22.079Z","buy","maker"
"0.16560000","11.00000000","2024-05-25T20:21:21.707Z","buy","maker"
"0.16560000","11.00000000","2024-05-25T20:20:56.048Z","buy","maker"
"0.16560000","11.00000000","2024-05-25T20:20:55.719Z","buy","maker"
"0.16560000","11.00000000","2024-05-25T20:20:29.342Z","buy","maker"
"0.16560000","11.00000000","2024-05-25T20:20:28.952Z","buy","maker"
"0.16560000","11.00000000","2024-05-25T20:20:03.070Z","buy","maker"
"0.16560000","11.00000000","2024-05-25T20:20:02.723Z","buy","maker"
"0.16560000","11.00000000","2024-05-25T20:19:37.070Z","buy","maker"
"0.16560000","11.00000000","2024-05-25T20:19:36.705Z","buy","maker"
"0.16560000","11.00000000","2024-05-25T20:19:10.821Z","buy","maker"
"0.16560000","11.00000000","2024-05-25T20:19:10.287Z","buy","maker"
"0.16560000","11.00000000","2024-05-25T20:18:44.051Z","buy","maker"
"0.16560000","11.00000000","2024-05-25T20:18:43.696Z","buy","maker"
"0.16560000","11.00000000","2024-05-25T20:18:17.107Z","buy","maker"
"0.16560000","11.00000000","2024-05-25T20:18:16.744Z","buy","maker"
"0.16560000","11.00000000","2024-05-25T20:17:51.036Z","buy","maker"
"0.16560000","11.00000000","2024-05-25T20:17:50.700Z","buy","maker"
"0.16570000","11.00000000","2024-05-25T20:17:31.389Z","buy","maker"
"0.16570000","11.00000000","2024-05-25T20:17:30.822Z","buy","maker"
"0.16560000","11.00000000","2024-05-25T20:16:45.327Z","buy","maker"
"0.16560000","11.00000000","2024-05-25T20:16:45.027Z","buy","maker"
"0.16560000","11.00000000","2024-05-25T20:16:44.680Z","buy","maker"
"0.16560000","11.00000000","2024-05-25T20:16:19.056Z","buy","maker"
"0.16560000","11.00000000","2024-05-25T20:16:18.692Z","buy","maker"
"0.16560000","11.00000000","2024-05-25T20:15:52.143Z","buy","maker"
"0.16560000","11.00000000","2024-05-25T20:15:51.692Z","buy","maker"
"0.16560000","11.00000000","2024-05-25T20:15:26.068Z","buy","maker"
"0.16560000","11.00000000","2024-05-25T20:15:25.748Z","buy","maker"
"0.16560000","11.00000000","2024-05-25T20:14:59.064Z","buy","maker"
"0.16560000","11.00000000","2024-05-25T20:14:58.685Z","buy","maker"
"0.16560000","11.00000000","2024-05-25T20:14:33.314Z","buy","maker"
"0.16560000","11.00000000","2024-05-25T20:14:32.893Z","buy","maker"
"0.16570000","11.00000000","2024-05-25T20:14:07.066Z","buy","maker"
"0.16570000","11.00000000","2024-05-25T20:14:06.694Z","buy","maker"
"0.16560000","11.00000000","2024-05-25T20:13:40.146Z","buy","maker"
"0.16560000","11.00000000","2024-05-25T20:13:39.735Z","buy","maker"
"0.16560000","11.00000000","2024-05-25T20:13:01.569Z","buy","maker"
"0.16560000","11.00000000","2024-05-25T20:13:01.035Z","buy","maker"
"0.16560000","11.00000000","2024-05-25T20:13:00.745Z","buy","maker"
"0.16560000","11.00000000","2024-05-25T20:12:34.375Z","buy","maker"
"0.16560000","11.00000000","2024-05-25T20:12:33.958Z","buy","maker"
"0.16560000","11.00000000","2024-05-25T20:12:08.295Z","buy","maker"
"0.16560000","11.00000000","2024-05-25T20:12:07.832Z","buy","maker"
"0.16560000","11.00000000","2024-05-25T20:11:58.129Z","buy","maker"
"0.16560000","11.00000000","2024-05-25T20:11:57.710Z","buy","maker"
"0.16560000","11.00000000","2024-05-25T20:11:31.144Z","buy","maker"
"0.16560000","11.00000000","2024-05-25T20:11:30.696Z","buy","maker"
"0.16560000","11.00000000","2024-05-25T20:11:05.067Z","buy","maker"
"0.16560000","11.00000000","2024-05-25T20:11:04.712Z","buy","maker"
"0.16560000","11.00000000","2024-05-25T20:10:41.562Z","buy","maker"
"0.16560000","11.00000000","2024-05-25T20:10:41.047Z","buy","maker"
"0.16560000","11.00000000","2024-05-25T20:10:12.091Z","buy","maker"
"0.16560000","11.00000000","2024-05-25T20:10:11.727Z","buy","maker"
"0.16560000","11.00000000","2024-05-25T20:09:46.049Z","buy","maker"
"0.16560000","11.00000000","2024-05-25T20:09:45.711Z","buy","maker"
"0.16560000","11.00000000","2024-05-25T20:09:19.298Z","buy","maker"
"0.16560000","11.00000000","2024-05-25T20:09:18.903Z","buy","maker"
"0.16560000","11.00000000","2024-05-25T20:08:53.284Z","buy","maker"
"0.16560000","11.00000000","2024-05-25T20:08:52.878Z","buy","maker"
"0.16570000","11.00000000","2024-05-25T20:08:13.562Z","buy","maker"
"0.16570000","11.00000000","2024-05-25T20:08:13.261Z","buy","maker"
"0.16580000","11.00000000","2024-05-25T20:08:12.720Z","buy","maker"
"0.16580000","11.00000000","2024-05-25T20:07:47.073Z","buy","maker"
"0.16580000","11.00000000","2024-05-25T20:07:46.697Z","buy","maker"
"0.16580000","11.00000000","2024-05-25T20:07:20.303Z","buy","maker"
"0.16580000","11.00000000","2024-05-25T20:07:19.875Z","buy","maker"
"0.16570000","11.00000000","2024-05-25T20:06:54.063Z","buy","maker"
"0.16570000","11.00000000","2024-05-25T20:06:53.756Z","buy","maker"
"0.16570000","11.00000000","2024-05-25T20:06:28.039Z","buy","maker"
"0.16570000","11.00000000","2024-05-25T20:06:27.696Z","buy","maker"
"0.16570000","11.00000000","2024-05-25T20:06:01.157Z","buy","maker"
"0.16570000","11.00000000","2024-05-25T20:06:00.748Z","buy","maker"
"0.16570000","11.00000000","2024-05-25T20:05:35.056Z","buy","maker"
"0.16570000","11.00000000","2024-05-25T20:05:34.689Z","buy","maker"
"0.16570000","11.00000000","2024-05-25T20:05:08.149Z","buy","maker"
"0.16570000","11.00000000","2024-05-25T20:05:07.731Z","buy","maker"
"0.16570000","11.00000000","2024-05-25T20:04:42.047Z","buy","maker"
"0.16570000","11.00000000","2024-05-25T20:04:41.721Z","buy","maker"
"0.16570000","11.00000000","2024-05-25T20:04:16.065Z","buy","maker"
"0.16570000","11.00000000","2024-05-25T20:04:15.710Z","buy","maker"
"0.16570000","11.00000000","2024-05-25T20:03:49.315Z","buy","maker"
"0.16570000","11.00000000","2024-05-25T20:03:48.873Z","buy","maker"
"0.16570000","11.00000000","2024-05-25T20:03:23.051Z","buy","maker"
"0.16570000","11.00000000","2024-05-25T20:03:22.732Z","buy","maker"
"0.16570000","11.00000000","2024-05-25T20:02:57.083Z","buy","maker"
"0.16570000","11.00000000","2024-05-25T20:02:56.740Z","buy","maker"
"0.16570000","11.00000000","2024-05-25T20:02:30.318Z","buy","maker"
"0.16570000","11.00000000","2024-05-25T20:02:30.013Z","buy","maker"
"0.16570000","11.00000000","2024-05-25T20:02:04.074Z","buy","maker"
"0.16570000","11.00000000","2024-05-25T20:02:03.724Z","buy","maker"
"0.16570000","11.00000000","2024-05-25T20:01:37.101Z","buy","maker"
"0.16570000","11.00000000","2024-05-25T20:01:36.698Z","buy","maker"
"0.16570000","11.00000000","2024-05-25T20:01:11.087Z","buy","maker"
"0.16570000","11.00000000","2024-05-25T20:01:10.686Z","buy","maker"
"0.16570000","11.00000000","2024-05-25T20:00:45.072Z","buy","maker"
"0.16570000","11.00000000","2024-05-25T20:00:44.712Z","buy","maker"
"0.16570000","11.00000000","2024-05-25T20:00:30.793Z","buy","maker"
"0.16570000","11.00000000","2024-05-25T20:00:05.113Z","buy","maker"
"0.16570000","11.00000000","2024-05-25T20:00:04.725Z","buy","maker"
"0.16570000","11.00000000","2024-05-25T19:59:39.050Z","buy","maker"
"0.16570000","11.00000000","2024-05-25T19:59:38.710Z","buy","maker"
"0.16570000","11.00000000","2024-05-25T19:59:12.086Z","buy","maker"
"0.16570000","11.00000000","2024-05-25T19:59:11.727Z","buy","maker"
"0.16570000","11.00000000","2024-05-25T19:58:33.637Z","buy","maker"
"0.16570000","11.00000000","2024-05-25T19:58:33.049Z","buy","maker"
"0.16570000","11.00000000","2024-05-25T19:58:32.708Z","buy","maker"
"0.16570000","11.00000000","2024-05-25T19:58:20.892Z","buy","maker"
"0.16570000","274.80000000","2024-05-25T19:58:00.175Z","buy","maker"
"0.16570000","436.50000000","2024-05-25T19:58:00.175Z","buy","maker"
"0.16570000","11.00000000","2024-05-25T19:57:53.033Z","buy","maker"
"0.16570000","11.00000000","2024-05-25T19:57:52.691Z","buy","maker"
"0.16580000","11.00000000","2024-05-25T19:57:27.254Z","buy","maker"
"0.16590000","6.50000000","2024-05-25T19:57:26.718Z","buy","maker"
"0.16590000","43.00000000","2024-05-25T19:57:05.366Z","buy","maker"
"0.16590000","11.00000000","2024-05-25T19:57:00.205Z","buy","maker"
"0.16590000","11.00000000","2024-05-25T19:56:59.695Z","buy","maker"
"0.16590000","11.00000000","2024-05-25T19:56:34.300Z","buy","maker"
"0.16590000","4.40000000","2024-05-25T19:56:33.708Z","buy","maker"
"0.16590000","6.60000000","2024-05-25T19:56:33.708Z","buy","maker"
"0.16590000","9.10000000","2024-05-25T19:56:07.290Z","buy","maker"
"0.16590000","11.00000000","2024-05-25T19:56:06.930Z","buy","maker"
"0.16600000","22.40000000","2024-05-25T19:55:53.835Z","buy","maker"
"0.16600000","944.60000000","2024-05-25T19:55:53.835Z","buy","maker"
"0.16600000","11.00000000","2024-05-25T19:55:53.713Z","buy","maker"
"0.16600000","11.00000000","2024-05-25T19:55:28.097Z","buy","maker"
"0.16600000","11.00000000","2024-05-25T19:55:27.719Z","buy","maker"
"0.16600000","11.00000000","2024-05-25T19:54:48.572Z","buy","maker"
"0.16600000","11.00000000","2024-05-25T19:54:48.122Z","buy","maker"
"0.16600000","11.00000000","2024-05-25T19:54:47.717Z","buy","maker"
"0.16600000","11.00000000","2024-05-25T19:54:22.044Z","buy","maker"
"0.16600000","11.00000000","2024-05-25T19:54:21.696Z","buy","maker"
"0.16600000","180.40000000","2024-05-25T19:54:21.692Z","buy","maker"
"0.16600000","11.00000000","2024-05-25T19:53:55.085Z","buy","maker"
"0.16600000","11.00000000","2024-05-25T19:53:54.698Z","buy","maker"
"0.16600000","11.00000000","2024-05-25T19:53:29.050Z","buy","maker"
"0.16600000","11.00000000","2024-05-25T19:53:28.734Z","buy","maker"
"0.16600000","11.00000000","2024-05-25T19:53:03.090Z","buy","maker"
"0.16600000","11.00000000","2024-05-25T19:53:02.712Z","buy","maker"
"0.16590000","11.00000000","2024-05-25T19:52:36.337Z","buy","maker"
"0.16590000","11.00000000","2024-05-25T19:52:35.702Z","buy","maker"
"0.16590000","11.00000000","2024-05-25T19:52:10.059Z","buy","maker"
"0.16590000","11.00000000","2024-05-25T19:52:09.706Z","buy","maker"
"0.16590000","11.00000000","2024-05-25T19:51:43.347Z","buy","maker"
"0.16590000","11.00000000","2024-05-25T19:51:42.968Z","buy","maker"
"0.16590000","11.00000000","2024-05-25T19:51:17.074Z","buy","maker"
"0.16590000","11.00000000","2024-05-25T19:51:16.720Z","buy","maker"
"0.16590000","11.00000000","2024-05-25T19:50:51.083Z","buy","maker"
"0.16590000","11.00000000","2024-05-25T19:50:50.709Z","buy","maker"
"0.16590000","11.00000000","2024-05-25T19:50:24.055Z","buy","maker"
"0.16590000","11.00000000","2024-05-25T19:50:23.698Z","buy","maker"
"0.16580000","11.00000000","2024-05-25T19:49:45.548Z","buy","maker"
"0.16580000","11.00000000","2024-05-25T19:49:45.059Z","buy","maker"
"0.16580000","11.00000000","2024-05-25T19:49:44.691Z","buy","maker"
"0.16590000","11.00000000","2024-05-25T19:49:18.121Z","buy","maker"
"0.16590000","11.00000000","2024-05-25T19:49:17.715Z","buy","maker"
"0.16590000","11.00000000","2024-05-25T19:48:39.297Z","buy","maker"
"0.16590000","11.00000000","2024-05-25T19:48:39.032Z","buy","maker"
"0.16590000","11.00000000","2024-05-25T19:48:38.704Z","buy","maker"
"0.16590000","11.00000000","2024-05-25T19:48:12.077Z","buy","maker"
"0.16590000","11.00000000","2024-05-25T19:48:11.702Z","buy","maker"
"0.16580000","11.00000000","2024-05-25T19:47:46.122Z","buy","maker"
"0.16580000","11.00000000","2024-05-25T19:47:45.689Z","buy","maker"
"0.16580000","11.00000000","2024-05-25T19:47:19.159Z","buy","maker"
"0.16580000","11.00000000","2024-05-25T19:47:18.693Z","buy","maker"
"0.16600000","6.00000000","2024-05-25T19:47:08.565Z","sell","maker"
"0.16580000","11.00000000","2024-05-25T19:46:55.716Z","buy","maker"
"0.16580000","11.00000000","2024-05-25T19:46:55.142Z","buy","maker"
"0.16580000","11.00000000","2024-05-25T19:46:27.048Z","buy","maker"
"0.16580000","11.00000000","2024-05-25T19:46:26.715Z","buy","maker"
"0.16580000","11.00000000","2024-05-25T19:45:47.576Z","buy","maker"
"0.16580000","11.00000000","2024-05-25T19:45:47.050Z","buy","maker"
"0.16580000","11.00000000","2024-05-25T19:45:46.707Z","buy","maker"
"0.16590000","11.00000000","2024-05-25T19:45:21.036Z","buy","maker"
"0.16590000","11.00000000","2024-05-25T19:45:20.735Z","buy","maker"
"0.16590000","11.00000000","2024-05-25T19:44:41.550Z","buy","maker"
"0.16590000","11.00000000","2024-05-25T19:44:41.148Z","buy","maker"
"0.16590000","11.00000000","2024-05-25T19:44:40.738Z","buy","maker"
"0.16580000","10.80000000","2024-05-25T19:44:20.581Z","buy","maker"
"0.16580000","11.00000000","2024-05-25T19:44:15.087Z","buy","maker"
"0.16580000","11.00000000","2024-05-25T19:44:14.702Z","buy","maker"
"0.16580000","11.00000000","2024-05-25T19:43:48.058Z","buy","maker"
"0.16580000","11.00000000","2024-05-25T19:43:47.685Z","buy","maker"
"0.16580000","11.00000000","2024-05-25T19:43:22.054Z","buy","maker"
"0.16580000","11.00000000","2024-05-25T19:43:21.738Z","buy","maker"
"0.16580000","11.00000000","2024-05-25T19:42:56.098Z","buy","maker"
"0.16580000","11.00000000","2024-05-25T19:42:55.734Z","buy","maker"
"0.16580000","11.00000000","2024-05-25T19:42:29.130Z","buy","maker"
"0.16580000","11.00000000","2024-05-25T19:42:28.713Z","buy","maker"
"0.16580000","11.00000000","2024-05-25T19:42:03.383Z","buy","maker"
"0.16590000","11.00000000","2024-05-25T19:42:02.711Z","buy","maker"
"0.16590000","11.00000000","2024-05-25T19:41:36.103Z","buy","maker"
"0.16590000","11.00000000","2024-05-25T19:41:35.694Z","buy","maker"
"0.16580000","11.00000000","2024-05-25T19:40:57.566Z","buy","maker"
"0.16580000","11.00000000","2024-05-25T19:40:57.129Z","buy","maker"
"0.16580000","11.00000000","2024-05-25T19:40:56.760Z","buy","maker"
"0.16580000","11.00000000","2024-05-25T19:40:30.102Z","buy","maker"
"0.16580000","11.00000000","2024-05-25T19:40:29.736Z","buy","maker"
"0.16590000","11.00000000","2024-05-25T19:40:11.810Z","buy","maker"
"0.16590000","11.00000000","2024-05-25T19:40:11.476Z","buy","maker"
"0.16590000","32.40000000","2024-05-25T19:40:04.469Z","buy","maker"
"0.16590000","11.00000000","2024-05-25T19:39:38.050Z","buy","maker"
"0.16590000","11.00000000","2024-05-25T19:39:37.731Z","buy","maker"
"0.16590000","11.00000000","2024-05-25T19:39:13.799Z","buy","maker"
"0.16590000","11.00000000","2024-05-25T19:39:13.296Z","buy","maker"
"0.16590000","11.00000000","2024-05-25T19:39:12.806Z","buy","maker"
"0.16590000","11.00000000","2024-05-25T19:39:12.352Z","buy","maker"
"0.16590000","11.00000000","2024-05-25T19:39:11.895Z","buy","maker"
"0.16590000","11.00000000","2024-05-25T19:38:05.158Z","buy","maker"
"0.16590000","11.00000000","2024-05-25T19:38:04.728Z","buy","maker"
"0.16590000","11.00000000","2024-05-25T19:37:39.066Z","buy","maker"
"0.16590000","11.00000000","2024-05-25T19:37:38.712Z","buy","maker"
"0.16590000","11.00000000","2024-05-25T19:36:59.546Z","buy","maker"
"0.16590000","11.00000000","2024-05-25T19:36:59.105Z","buy","maker"
"0.16590000","11.00000000","2024-05-25T19:36:58.718Z","buy","maker"
"0.16590000","11.00000000","2024-05-25T19:36:33.053Z","buy","maker"
"0.16590000","11.00000000","2024-05-25T19:36:32.688Z","buy","maker"
"0.16590000","11.00000000","2024-05-25T19:35:53.591Z","buy","maker"
"0.16590000","11.00000000","2024-05-25T19:35:53.123Z","buy","maker"
"0.16590000","11.00000000","2024-05-25T19:35:52.742Z","buy","maker"
"0.16590000","11.00000000","2024-05-25T19:35:14.588Z","buy","maker"
"0.16590000","11.00000000","2024-05-25T19:35:14.092Z","buy","maker"
"0.16590000","11.00000000","2024-05-25T19:35:13.732Z","buy","maker"
"0.16590000","11.00000000","2024-05-25T19:34:47.061Z","buy","maker"
"0.16590000","11.00000000","2024-05-25T19:34:46.708Z","buy","maker"
"0.16600000","11.00000000","2024-05-25T19:34:21.090Z","buy","maker"
"0.16600000","11.00000000","2024-05-25T19:34:20.757Z","buy","maker"
"0.16600000","11.00000000","2024-05-25T19:33:54.236Z","buy","maker"
"0.16600000","11.00000000","2024-05-25T19:33:53.699Z","buy","maker"
"0.16600000","11.00000000","2024-05-25T19:33:31.635Z","buy","maker"
"0.16600000","11.00000000","2024-05-25T19:33:31.157Z","buy","maker"
"0.16600000","11.00000000","2024-05-25T19:33:02.314Z","buy","maker"
"0.16600000","11.00000000","2024-05-25T19:33:01.796Z","buy","maker"
"0.16600000","11.00000000","2024-05-25T19:32:35.076Z","buy","maker"
"0.16600000","11.00000000","2024-05-25T19:32:34.697Z","buy","maker"
"0.16600000","11.00000000","2024-05-25T19:32:09.063Z","buy","maker"
"0.16600000","11.00000000","2024-05-25T19:32:08.691Z","buy","maker"
"0.16600000","11.00000000","2024-05-25T19:31:29.861Z","buy","maker"
"0.16600000","11.00000000","2024-05-25T19:31:29.410Z","buy","maker"
"0.16600000","11.00000000","2024-05-25T19:31:29.005Z","buy","maker"
"0.16600000","11.00000000","2024-05-25T19:31:03.058Z","buy","maker"
"0.16600000","11.00000000","2024-05-25T19:31:02.686Z","buy","maker"
"0.16600000","11.00000000","2024-05-25T19:30:36.339Z","buy","maker"
"0.16600000","11.00000000","2024-05-25T19:30:35.784Z","buy","maker"
"0.16600000","11.00000000","2024-05-25T19:30:10.161Z","buy","maker"
"0.16600000","11.00000000","2024-05-25T19:30:09.701Z","buy","maker"
"0.16600000","11.00000000","2024-05-25T19:29:44.091Z","buy","maker"
"0.16600000","11.00000000","2024-05-25T19:29:43.722Z","buy","maker"
"0.16600000","11.00000000","2024-05-25T19:29:17.164Z","buy","maker"
"0.16600000","11.00000000","2024-05-25T19:29:16.708Z","buy","maker"
"0.16600000","11.00000000","2024-05-25T19:28:51.071Z","buy","maker"
"0.16600000","11.00000000","2024-05-25T19:28:50.749Z","buy","maker"
"0.16600000","11.00000000","2024-05-25T19:28:25.048Z","buy","maker"
"0.16600000","11.00000000","2024-05-25T19:28:24.771Z","buy","maker"
"0.16630000","1377.40000000","2024-05-25T19:28:23.505Z","sell","maker"
"0.16630000","1110.00000000","2024-05-25T19:28:23.505Z","sell","maker"
"0.16630000","412.60000000","2024-05-25T19:28:23.505Z","sell","maker"
"0.16620000","700.00000000","2024-05-25T19:28:23.505Z","sell","maker"
"0.16620000","1906.00000000","2024-05-25T19:28:23.505Z","sell","maker"
"0.16610000","87.20000000","2024-05-25T19:28:21.412Z","sell","maker"
"0.16590000","11.00000000","2024-05-25T19:27:58.112Z","buy","maker"
"0.16590000","11.00000000","2024-05-25T19:27:57.698Z","buy","maker"
"0.16590000","11.00000000","2024-05-25T19:27:32.075Z","buy","maker"
"0.16590000","11.00000000","2024-05-25T19:27:31.699Z","buy","maker"
"0.16590000","11.00000000","2024-05-25T19:27:05.055Z","buy","maker"
"0.16590000","11.00000000","2024-05-25T19:27:04.722Z","buy","maker"
"0.16590000","11.00000000","2024-05-25T19:26:39.057Z","buy","maker"
"0.16590000","11.00000000","2024-05-25T19:26:38.710Z","buy","maker"
"0.16590000","11.00000000","2024-05-25T19:26:13.087Z","buy","maker"
"0.16590000","11.00000000","2024-05-25T19:26:12.747Z","buy","maker"
"0.16590000","602.00000000","2024-05-25T19:26:04.012Z","buy","maker"
"0.16590000","11.00000000","2024-05-25T19:25:46.289Z","buy","maker"
"0.16590000","11.00000000","2024-05-25T19:25:45.933Z","buy","maker"
"0.16600000","11.00000000","2024-05-25T19:25:32.755Z","buy","maker"
"0.16590000","11.00000000","2024-05-25T19:25:07.106Z","buy","maker"
"0.16590000","11.00000000","2024-05-25T19:25:06.723Z","buy","maker"
"0.16590000","11.00000000","2024-05-25T19:24:40.045Z","buy","maker"
"0.16590000","11.00000000","2024-05-25T19:24:39.689Z","buy","maker"
"0.16590000","11.00000000","2024-05-25T19:24:14.039Z","buy","maker"
"0.16590000","11.00000000","2024-05-25T19:24:13.698Z","buy","maker"
"0.16590000","11.00000000","2024-05-25T19:23:47.097Z","buy","maker"
"0.16590000","11.00000000","2024-05-25T19:23:46.703Z","buy","maker"
"0.16600000","11.00000000","2024-05-25T19:23:21.314Z","buy","maker"
"0.16600000","11.00000000","2024-05-25T19:23:20.814Z","buy","maker"
"0.16600000","11.00000000","2024-05-25T19:22:55.085Z","buy","maker"
"0.16600000","11.00000000","2024-05-25T19:22:54.756Z","buy","maker"
"0.16600000","11.00000000","2024-05-25T19:22:28.291Z","buy","maker"
"0.16600000","11.00000000","2024-05-25T19:22:27.793Z","buy","maker"
"0.16600000","11.00000000","2024-05-25T19:22:02.091Z","buy","maker"
"0.16600000","11.00000000","2024-05-25T19:22:01.707Z","buy","maker"
"0.16600000","11.00000000","2024-05-25T19:21:35.091Z","buy","maker"
"0.16600000","11.00000000","2024-05-25T19:21:34.693Z","buy","maker"
"0.16610000","3.60000000","2024-05-25T19:21:09.052Z","buy","maker"
"0.16610000","7.40000000","2024-05-25T19:21:09.052Z","buy","maker"
"0.16610000","3.70000000","2024-05-25T19:21:08.714Z","buy","maker"
"0.16610000","7.30000000","2024-05-25T19:21:08.714Z","buy","maker"
"0.16610000","11.00000000","2024-05-25T19:20:43.111Z","buy","maker"
"0.16610000","11.00000000","2024-05-25T19:20:42.698Z","buy","maker"
"0.16610000","11.00000000","2024-05-25T19:20:16.097Z","buy","maker"
"0.16610000","11.00000000","2024-05-25T19:20:15.713Z","buy","maker"
"0.16610000","11.00000000","2024-05-25T19:19:24.294Z","buy","maker"
"0.16610000","11.00000000","2024-05-25T19:19:23.804Z","buy","maker"
"0.16610000","11.00000000","2024-05-25T19:19:23.288Z","buy","maker"
"0.16610000","11.00000000","2024-05-25T19:19:22.885Z","buy","maker"
"0.16610000","11.00000000","2024-05-25T19:19:01.793Z","buy","maker"
"0.16610000","11.00000000","2024-05-25T19:19:01.294Z","buy","maker"
"0.16610000","11.00000000","2024-05-25T19:18:31.040Z","buy","maker"
"0.16610000","11.00000000","2024-05-25T19:18:30.703Z","buy","maker"
"0.16610000","11.00000000","2024-05-25T19:18:16.687Z","buy","maker"
"0.16610000","11.00000000","2024-05-25T19:17:51.049Z","buy","maker"
"0.16610000","11.00000000","2024-05-25T19:17:50.741Z","buy","maker"
"0.16610000","0.90000000","2024-05-25T19:17:28.322Z","buy","maker"
"0.16610000","11.00000000","2024-05-25T19:17:25.207Z","buy","maker"
"0.16610000","11.00000000","2024-05-25T19:17:24.688Z","buy","maker"
"0.16610000","11.00000000","2024-05-25T19:16:45.574Z","buy","maker"
"0.16610000","11.00000000","2024-05-25T19:16:45.092Z","buy","maker"
"0.16610000","11.00000000","2024-05-25T19:16:44.731Z","buy","maker"
"0.16610000","11.00000000","2024-05-25T19:16:19.135Z","buy","maker"
"0.16610000","11.00000000","2024-05-25T19:16:18.709Z","buy","maker"
"0.16610000","11.00000000","2024-05-25T19:15:52.195Z","buy","maker"
"0.16610000","11.00000000","2024-05-25T19:15:51.702Z","buy","maker"
"0.16610000","11.00000000","2024-05-25T19:15:26.079Z","buy","maker"
"0.16610000","11.00000000","2024-05-25T19:15:25.701Z","buy","maker"
"0.16610000","11.00000000","2024-05-25T19:14:59.116Z","buy","maker"
"0.16610000","11.00000000","2024-05-25T19:14:58.706Z","buy","maker"
"0.16630000","1233.60000000","2024-05-25T19:14:07.142Z","sell","maker"
"0.16620000","11.00000000","2024-05-25T19:14:07.142Z","sell","maker"
"0.16620000","11.80000000","2024-05-25T19:14:07.142Z","sell","maker"
"0.16610000","11.00000000","2024-05-25T19:14:07.142Z","sell","maker"
"0.16600000","11.00000000","2024-05-25T19:14:07.050Z","buy","maker"
"0.16600000","11.00000000","2024-05-25T19:14:06.686Z","buy","maker"
"0.16600000","11.00000000","2024-05-25T19:13:27.550Z","buy","maker"
"0.16600000","11.00000000","2024-05-25T19:13:27.173Z","buy","maker"
"0.16600000","11.00000000","2024-05-25T19:13:26.770Z","buy","maker"
"0.16600000","11.00000000","2024-05-25T19:13:01.094Z","buy","maker"
"0.16600000","11.00000000","2024-05-25T19:13:00.728Z","buy","maker"
"0.16600000","11.00000000","2024-05-25T19:12:34.049Z","buy","maker"
"0.16600000","11.00000000","2024-05-25T19:12:33.691Z","buy","maker"
"0.16600000","11.00000000","2024-05-25T19:12:08.296Z","buy","maker"
"0.16600000","11.00000000","2024-05-25T19:12:07.862Z","buy","maker"
"0.16600000","11.00000000","2024-05-25T19:11:44.095Z","buy","maker"
"0.16600000","11.00000000","2024-05-25T19:11:43.692Z","buy","maker"
"0.16600000","11.00000000","2024-05-25T19:11:18.051Z","buy","maker"
"0.16600000","11.00000000","2024-05-25T19:11:17.703Z","buy","maker"
"0.16600000","11.00000000","2024-05-25T19:10:52.083Z","buy","maker"
"0.16600000","11.00000000","2024-05-25T19:10:51.707Z","buy","maker"
"0.16610000","11.00000000","2024-05-25T19:10:37.732Z","buy","maker"
"0.16600000","11.00000000","2024-05-25T19:10:12.337Z","buy","maker"
"0.16600000","11.00000000","2024-05-25T19:10:11.891Z","buy","maker"
"0.16600000","11.00000000","2024-05-25T19:09:46.111Z","buy","maker"
"0.16600000","11.00000000","2024-05-25T19:09:45.702Z","buy","maker"
"0.16630000","478.90000000","2024-05-25T19:09:24.618Z","sell","maker"
"0.16620000","97.20000000","2024-05-25T19:09:24.618Z","sell","maker"
"0.16600000","11.00000000","2024-05-25T19:09:19.325Z","buy","maker"
"0.16600000","11.00000000","2024-05-25T19:09:18.889Z","buy","maker"
"0.16590000","11.00000000","2024-05-25T19:08:53.064Z","buy","maker"
"0.16590000","11.00000000","2024-05-25T19:08:52.695Z","buy","maker"
"0.16590000","11.00000000","2024-05-25T19:08:26.345Z","buy","maker"
"0.16590000","11.00000000","2024-05-25T19:08:25.970Z","buy","maker"
"0.16590000","11.00000000","2024-05-25T19:08:00.051Z","buy","maker"
"0.16590000","11.00000000","2024-05-25T19:07:59.722Z","buy","maker"
"0.16590000","11.00000000","2024-05-25T19:07:34.062Z","buy","maker"
"0.16590000","11.00000000","2024-05-25T19:07:33.719Z","buy","maker"
"0.16590000","11.00000000","2024-05-25T19:07:07.199Z","buy","maker"
"0.16590000","11.00000000","2024-05-25T19:07:06.702Z","buy","maker"
"0.16590000","11.00000000","2024-05-25T19:06:28.578Z","buy","maker"
"0.16590000","11.00000000","2024-05-25T19:06:28.051Z","buy","maker"
"0.16590000","11.00000000","2024-05-25T19:06:27.726Z","buy","maker"
"0.16590000","232.20000000","2024-05-25T19:05:32.835Z","buy","maker"
"0.16590000","11.00000000","2024-05-25T19:05:10.306Z","buy","maker"
"0.16590000","11.00000000","2024-05-25T19:05:09.816Z","buy","maker"
"0.16590000","11.00000000","2024-05-25T19:05:09.318Z","buy","maker"
"0.16590000","11.00000000","2024-05-25T19:05:08.959Z","buy","maker"
"0.16590000","11.00000000","2024-05-25T19:05:08.306Z","buy","maker"
"0.16590000","11.00000000","2024-05-25T19:05:07.901Z","buy","maker"
"0.16590000","11.00000000","2024-05-25T19:04:54.795Z","buy","maker"
"0.16590000","11.00000000","2024-05-25T19:04:29.078Z","buy","maker"
"0.16590000","11.00000000","2024-05-25T19:04:28.709Z","buy","maker"
"0.16590000","11.00000000","2024-05-25T19:04:02.483Z","buy","maker"
"0.16600000","11.00000000","2024-05-25T19:04:01.975Z","buy","maker"
"0.16600000","11.00000000","2024-05-25T19:03:23.643Z","buy","maker"
"0.16600000","11.00000000","2024-05-25T19:03:23.116Z","buy","maker"
"0.16600000","11.00000000","2024-05-25T19:03:22.740Z","buy","maker"
"0.16600000","8.70000000","2024-05-25T19:03:10.500Z","buy","maker"
"0.16600000","11.00000000","2024-05-25T19:02:57.122Z","buy","maker"
"0.16600000","11.00000000","2024-05-25T19:02:56.777Z","buy","maker"
"0.16600000","11.00000000","2024-05-25T19:02:30.133Z","buy","maker"
"0.16600000","11.00000000","2024-05-25T19:02:29.719Z","buy","maker"
"0.16590000","11.00000000","2024-05-25T19:02:04.045Z","buy","maker"
"0.16590000","11.00000000","2024-05-25T19:02:03.716Z","buy","maker"
"0.16600000","11.00000000","2024-05-25T19:01:50.722Z","buy","maker"
"0.16600000","11.00000000","2024-05-25T19:01:24.091Z","buy","maker"
"0.16600000","11.00000000","2024-05-25T19:01:23.738Z","buy","maker"
"0.16590000","11.00000000","2024-05-25T19:00:58.048Z","buy","maker"
"0.16590000","11.00000000","2024-05-25T19:00:57.684Z","buy","maker"
"0.16610000","11.00000000","2024-05-25T19:00:31.268Z","buy","maker"
"0.16610000","11.00000000","2024-05-25T19:00:30.716Z","buy","maker"
"0.16610000","11.00000000","2024-05-25T19:00:05.110Z","buy","maker"
"0.16610000","11.00000000","2024-05-25T19:00:04.718Z","buy","maker"
"0.16610000","11.00000000","2024-05-25T19:00:01.347Z","buy","maker"
"0.16610000","0.40000000","2024-05-25T18:59:58.887Z","buy","maker"
"0.16610000","159.20000000","2024-05-25T18:59:55.131Z","buy","maker"
"0.16610000","11.00000000","2024-05-25T18:59:25.328Z","buy","maker"
"0.16610000","11.00000000","2024-05-25T18:59:24.996Z","buy","maker"
"0.16610000","11.00000000","2024-05-25T18:58:59.071Z","buy","maker"
"0.16610000","11.00000000","2024-05-25T18:58:58.720Z","buy","maker"
"0.16610000","11.00000000","2024-05-25T18:58:33.043Z","buy","maker"
"0.16610000","11.00000000","2024-05-25T18:58:32.708Z","buy","maker"
"0.16610000","11.00000000","2024-05-25T18:58:06.060Z","buy","maker"
"0.16610000","11.00000000","2024-05-25T18:58:05.693Z","buy","maker"
"0.16610000","11.00000000","2024-05-25T18:57:39.703Z","buy","maker"
"0.16620000","11.00000000","2024-05-25T18:57:39.051Z","buy","maker"
"0.16610000","11.00000000","2024-05-25T18:57:13.786Z","buy","maker"
"0.16610000","11.00000000","2024-05-25T18:57:13.474Z","buy","maker"
"0.16610000","11.00000000","2024-05-25T18:56:47.058Z","buy","maker"
"0.16610000","11.00000000","2024-05-25T18:56:46.734Z","buy","maker"
"0.16620000","11.00000000","2024-05-25T18:56:31.590Z","buy","maker"
"0.16620000","11.00000000","2024-05-25T18:56:31.198Z","buy","maker"
"0.16620000","11.00000000","2024-05-25T18:55:54.080Z","buy","maker"
"0.16620000","11.00000000","2024-05-25T18:55:53.697Z","buy","maker"
"0.16620000","11.00000000","2024-05-25T18:55:28.039Z","buy","maker"
"0.16620000","11.00000000","2024-05-25T18:55:27.701Z","buy","maker"
"0.16620000","11.00000000","2024-05-25T18:55:01.140Z","buy","maker"
"0.16620000","11.00000000","2024-05-25T18:55:00.745Z","buy","maker"
"0.16630000","11.00000000","2024-05-25T18:54:35.073Z","buy","maker"
"0.16630000","11.00000000","2024-05-25T18:54:34.693Z","buy","maker"
"0.16630000","11.00000000","2024-05-25T18:54:09.075Z","buy","maker"
"0.16630000","11.00000000","2024-05-25T18:54:08.740Z","buy","maker"
"0.16620000","11.00000000","2024-05-25T18:53:42.051Z","buy","maker"
"0.16620000","11.00000000","2024-05-25T18:53:41.689Z","buy","maker"
"0.16620000","11.00000000","2024-05-25T18:53:16.115Z","buy","maker"
"0.16620000","11.00000000","2024-05-25T18:53:15.711Z","buy","maker"
"0.16610000","11.00000000","2024-05-25T18:52:49.202Z","buy","maker"
"0.16610000","11.00000000","2024-05-25T18:52:48.728Z","buy","maker"
"0.16610000","11.00000000","2024-05-25T18:52:23.047Z","buy","maker"
"0.16610000","11.00000000","2024-05-25T18:52:22.681Z","buy","maker"
"0.16610000","11.00000000","2024-05-25T18:52:01.717Z","buy","maker"
"0.16610000","11.00000000","2024-05-25T18:52:01.079Z","buy","maker"
"0.16610000","11.00000000","2024-05-25T18:51:30.093Z","buy","maker"
"0.16610000","11.00000000","2024-05-25T18:51:29.694Z","buy","maker"
"0.16610000","11.00000000","2024-05-25T18:51:04.073Z","buy","maker"
"0.16610000","11.00000000","2024-05-25T18:51:03.696Z","buy","maker"
"0.16610000","11.00000000","2024-05-25T18:50:37.164Z","buy","maker"
"0.16610000","11.00000000","2024-05-25T18:50:36.741Z","buy","maker"
"0.16610000","11.00000000","2024-05-25T18:50:11.061Z","buy","maker"
"0.16610000","11.00000000","2024-05-25T18:50:10.709Z","buy","maker"
"0.16610000","11.00000000","2024-05-25T18:49:45.046Z","buy","maker"
"0.16610000","11.00000000","2024-05-25T18:49:44.687Z","buy","maker"
"0.16610000","11.00000000","2024-05-25T18:49:18.032Z","buy","maker"
"0.16610000","11.00000000","2024-05-25T18:49:17.697Z","buy","maker"
"0.16610000","11.00000000","2024-05-25T18:48:52.055Z","buy","maker"
"0.16610000","11.00000000","2024-05-25T18:48:51.700Z","buy","maker"
"0.16610000","11.00000000","2024-05-25T18:48:25.398Z","buy","maker"
"0.16610000","11.00000000","2024-05-25T18:48:24.870Z","buy","maker"
"0.16610000","11.00000000","2024-05-25T18:47:59.041Z","buy","maker"
"0.16610000","11.00000000","2024-05-25T18:47:58.685Z","buy","maker"
"0.16610000","11.00000000","2024-05-25T18:47:33.042Z","buy","maker"
"0.16610000","11.00000000","2024-05-25T18:47:32.697Z","buy","maker"
"0.16610000","11.00000000","2024-05-25T18:47:06.141Z","buy","maker"
"0.16610000","11.00000000","2024-05-25T18:47:05.701Z","buy","maker"
"0.16610000","11.00000000","2024-05-25T18:46:40.029Z","buy","maker"
"0.16610000","11.00000000","2024-05-25T18:46:39.713Z","buy","maker"
"0.16600000","11.00000000","2024-05-25T18:46:14.051Z","buy","maker"
"0.16600000","11.00000000","2024-05-25T18:46:13.723Z","buy","maker"
"0.16600000","11.00000000","2024-05-25T18:45:47.308Z","buy","maker"
"0.16600000","11.00000000","2024-05-25T18:45:46.925Z","buy","maker"
"0.16600000","11.00000000","2024-05-25T18:45:21.152Z","buy","maker"
"0.16600000","11.00000000","2024-05-25T18:45:20.719Z","buy","maker"
"0.16590000","11.00000000","2024-05-25T18:44:54.316Z","buy","maker"
"0.16590000","11.00000000","2024-05-25T18:44:53.804Z","buy","maker"
"0.16600000","826.70000000","2024-05-25T18:44:49.706Z","sell","maker"
"0.16600000","209.30000000","2024-05-25T18:44:49.700Z","sell","maker"
"0.16600000","283.60000000","2024-05-25T18:44:49.692Z","sell","maker"
"0.16600000","700.00000000","2024-05-25T18:44:49.692Z","sell","maker"
"0.16590000","314.60000000","2024-05-25T18:44:49.628Z","sell","maker"
"0.16570000","11.00000000","2024-05-25T18:44:28.053Z","buy","maker"
"0.16570000","11.00000000","2024-05-25T18:44:27.744Z","buy","maker"
"0.16580000","6.40000000","2024-05-25T18:44:02.036Z","buy","maker"
"0.16580000","6.40000000","2024-05-25T18:44:01.720Z","buy","maker"
"0.16580000","8.20000000","2024-05-25T18:43:35.078Z","buy","maker"
"0.16580000","11.00000000","2024-05-25T18:43:34.704Z","buy","maker"
"0.16580000","11.00000000","2024-05-25T18:43:09.051Z","buy","maker"
"0.16580000","11.00000000","2024-05-25T18:43:08.685Z","buy","maker"
"0.16580000","11.00000000","2024-05-25T18:42:42.331Z","buy","maker"
"0.16580000","11.00000000","2024-05-25T18:42:41.877Z","buy","maker"
"0.16580000","11.00000000","2024-05-25T18:42:16.083Z","buy","maker"
"0.16580000","11.00000000","2024-05-25T18:42:15.702Z","buy","maker"
"0.16600000","100.90000000","2024-05-25T18:41:57.031Z","sell","maker"
"0.16600000","11.90000000","2024-05-25T18:41:57.031Z","sell","maker"
"0.16600000","67.30000000","2024-05-25T18:41:44.257Z","sell","maker"
"0.16600000","930.20000000","2024-05-25T18:41:44.007Z","sell","maker"
"0.16600000","413.30000000","2024-05-25T18:41:44.007Z","sell","maker"
"0.16590000","11.00000000","2024-05-25T18:41:36.259Z","sell","maker"
"0.16580000","11.00000000","2024-05-25T18:41:36.093Z","buy","maker"
"0.16580000","11.00000000","2024-05-25T18:41:35.690Z","buy","maker"
"0.16580000","11.00000000","2024-05-25T18:40:57.222Z","buy","maker"
"0.16570000","11.00000000","2024-05-25T18:40:57.008Z","buy","maker"
"0.16590000","101.80000000","2024-05-25T18:40:56.760Z","sell","maker"
"0.16590000","11.00000000","2024-05-25T18:40:56.760Z","sell","maker"
"0.16590000","11.00000000","2024-05-25T18:40:30.007Z","sell","maker"
"0.16580000","11.00000000","2024-05-25T18:40:29.699Z","buy","maker"
"0.16570000","503.60000000","2024-05-25T18:40:18.791Z","buy","maker"
"0.16590000","11.00000000","2024-05-25T18:40:16.261Z","sell","maker"
"0.16570000","11.00000000","2024-05-25T18:39:51.082Z","buy","maker"
"0.16570000","11.00000000","2024-05-25T18:39:50.711Z","buy","maker"
"0.16570000","11.00000000","2024-05-25T18:39:24.219Z","buy","maker"
"0.16570000","11.00000000","2024-05-25T18:39:23.764Z","buy","maker"
"0.16570000","11.00000000","2024-05-25T18:38:58.051Z","buy","maker"
"0.16570000","11.00000000","2024-05-25T18:38:57.765Z","buy","maker"
"0.16570000","11.00000000","2024-05-25T18:38:18.561Z","buy","maker"
"0.16570000","11.00000000","2024-05-25T18:38:18.123Z","buy","maker"
"0.16570000","11.00000000","2024-05-25T18:38:17.712Z","buy","maker"
"0.16570000","11.00000000","2024-05-25T18:37:52.062Z","buy","maker"
"0.16570000","11.00000000","2024-05-25T18:37:51.756Z","buy","maker"
"0.16570000","11.00000000","2024-05-25T18:37:26.052Z","buy","maker"
"0.16570000","11.00000000","2024-05-25T18:37:25.695Z","buy","maker"
"0.16570000","11.00000000","2024-05-25T18:36:59.169Z","buy","maker"
"0.16570000","11.00000000","2024-05-25T18:36:58.747Z","buy","maker"
"0.16570000","11.00000000","2024-05-25T18:36:33.053Z","buy","maker"
"0.16570000","11.00000000","2024-05-25T18:36:32.698Z","buy","maker"
"0.16590000","1080.00000000","2024-05-25T18:36:07.372Z","buy","maker"
"0.16600000","700.00000000","2024-05-25T18:36:07.372Z","buy","maker"
"0.16600000","79.90000000","2024-05-25T18:36:07.372Z","buy","maker"
"0.16600000","37.70000000","2024-05-25T18:36:07.372Z","buy","maker"
"0.16600000","1072.30000000","2024-05-25T18:36:07.364Z","buy","maker"
"0.16620000","8727.70000000","2024-05-25T18:36:07.364Z","buy","maker"
"0.16620000","11.00000000","2024-05-25T18:36:06.150Z","buy","maker"
"0.16620000","11.00000000","2024-05-25T18:36:05.734Z","buy","maker"
"0.16620000","11.00000000","2024-05-25T18:35:40.044Z","buy","maker"
"0.16620000","11.00000000","2024-05-25T18:35:39.690Z","buy","maker"
"0.16620000","11.00000000","2024-05-25T18:35:14.060Z","buy","maker"
"0.16620000","11.00000000","2024-05-25T18:35:13.728Z","buy","maker"
"0.16620000","11.00000000","2024-05-25T18:34:47.119Z","buy","maker"
"0.16620000","11.00000000","2024-05-25T18:34:46.724Z","buy","maker"
"0.16620000","11.00000000","2024-05-25T18:34:21.055Z","buy","maker"
"0.16620000","11.00000000","2024-05-25T18:34:20.699Z","buy","maker"
"0.16620000","11.00000000","2024-05-25T18:33:54.114Z","buy","maker"
"0.16620000","11.00000000","2024-05-25T18:33:53.686Z","buy","maker"
"0.16620000","11.00000000","2024-05-25T18:33:28.067Z","buy","maker"
"0.16620000","768.00000000","2024-05-25T18:33:28.055Z","buy","maker"
"0.16620000","11.00000000","2024-05-25T18:33:27.688Z","buy","maker"
"0.16620000","90.60000000","2024-05-25T18:33:09.756Z","buy","maker"
"0.16620000","11.00000000","2024-05-25T18:33:02.080Z","buy","maker"
"0.16620000","11.00000000","2024-05-25T18:33:01.714Z","buy","maker"
"0.16620000","13.50000000","2024-05-25T18:32:29.162Z","buy","maker"
"0.16620000","11.00000000","2024-05-25T18:32:22.595Z","buy","maker"
"0.16620000","11.00000000","2024-05-25T18:32:22.137Z","buy","maker"
"0.16620000","11.00000000","2024-05-25T18:32:21.720Z","buy","maker"
"0.16620000","11.00000000","2024-05-25T18:31:56.058Z","buy","maker"
"0.16620000","11.00000000","2024-05-25T18:31:55.766Z","buy","maker"
"0.16620000","11.00000000","2024-05-25T18:31:29.081Z","buy","maker"
"0.16620000","11.00000000","2024-05-25T18:31:28.690Z","buy","maker"
"0.16620000","11.00000000","2024-05-25T18:31:03.088Z","buy","maker"
"0.16620000","11.00000000","2024-05-25T18:31:02.687Z","buy","maker"
"0.16620000","11.00000000","2024-05-25T18:30:36.148Z","buy","maker"
"0.16620000","11.00000000","2024-05-25T18:30:35.700Z","buy","maker"
"0.16620000","11.00000000","2024-05-25T18:30:10.151Z","buy","maker"
"0.16620000","11.00000000","2024-05-25T18:30:09.739Z","buy","maker"
"0.16620000","11.00000000","2024-05-25T18:29:44.306Z","buy","maker"
"0.16620000","11.00000000","2024-05-25T18:29:43.812Z","buy","maker"
"0.16620000","11.00000000","2024-05-25T18:29:17.289Z","buy","maker"
"0.16620000","11.00000000","2024-05-25T18:29:16.912Z","buy","maker"
"0.16620000","11.00000000","2024-05-25T18:28:51.071Z","buy","maker"
"0.16620000","11.00000000","2024-05-25T18:28:50.705Z","buy","maker"
"0.16620000","11.00000000","2024-05-25T18:28:25.063Z","buy","maker"
"0.16620000","11.00000000","2024-05-25T18:28:24.711Z","buy","maker"
"0.16620000","11.00000000","2024-05-25T18:27:58.177Z","buy","maker"
"0.16620000","11.00000000","2024-05-25T18:27:57.767Z","buy","maker"
"0.16620000","11.00000000","2024-05-25T18:27:19.546Z","buy","maker"
"0.16620000","11.00000000","2024-05-25T18:27:19.031Z","buy","maker"
"0.16620000","11.00000000","2024-05-25T18:27:18.736Z","buy","maker"
"0.16630000","11.00000000","2024-05-25T18:26:52.063Z","buy","maker"
"0.16630000","11.00000000","2024-05-25T18:26:51.703Z","buy","maker"
"0.16620000","11.00000000","2024-05-25T18:26:26.053Z","buy","maker"
"0.16620000","11.00000000","2024-05-25T18:26:25.756Z","buy","maker"
"0.16620000","11.00000000","2024-05-25T18:25:59.070Z","buy","maker"
"0.16620000","11.00000000","2024-05-25T18:25:58.693Z","buy","maker"
"0.16640000","90.60000000","2024-05-25T18:25:54.506Z","sell","maker"
"0.16620000","11.00000000","2024-05-25T18:25:33.067Z","buy","maker"
"0.16620000","11.00000000","2024-05-25T18:25:32.695Z","buy","maker"
"0.16620000","11.00000000","2024-05-25T18:25:07.065Z","buy","maker"
"0.16620000","11.00000000","2024-05-25T18:25:06.698Z","buy","maker"
"0.16620000","11.00000000","2024-05-25T18:24:40.053Z","buy","maker"
"0.16620000","11.00000000","2024-05-25T18:24:39.690Z","buy","maker"
"0.16620000","11.00000000","2024-05-25T18:24:14.073Z","buy","maker"
"0.16620000","11.00000000","2024-05-25T18:24:13.700Z","buy","maker"
"0.16620000","11.00000000","2024-05-25T18:23:47.298Z","buy","maker"
"0.16620000","11.00000000","2024-05-25T18:23:46.894Z","buy","maker"
"0.16620000","11.00000000","2024-05-25T18:23:21.063Z","buy","maker"
"0.16620000","11.00000000","2024-05-25T18:23:20.698Z","buy","maker"
"0.16620000","11.00000000","2024-05-25T18:22:55.095Z","buy","maker"
"0.16620000","11.00000000","2024-05-25T18:22:54.708Z","buy","maker"
"0.16620000","11.00000000","2024-05-25T18:22:28.098Z","buy","maker"
"0.16620000","11.00000000","2024-05-25T18:22:27.710Z","buy","maker"
"0.16620000","11.00000000","2024-05-25T18:22:02.036Z","buy","maker"
"0.16620000","11.00000000","2024-05-25T18:22:01.676Z","buy","maker"
"0.16620000","11.00000000","2024-05-25T18:21:35.123Z","buy","maker"
"0.16620000","11.00000000","2024-05-25T18:21:34.687Z","buy","maker"
"0.16620000","11.00000000","2024-05-25T18:21:09.072Z","buy","maker"
"0.16620000","11.00000000","2024-05-25T18:21:08.770Z","buy","maker"
"0.16620000","11.00000000","2024-05-25T18:20:43.041Z","buy","maker"
"0.16620000","11.00000000","2024-05-25T18:20:42.746Z","buy","maker"
"0.16620000","11.00000000","2024-05-25T18:20:16.088Z","buy","maker"
"0.16620000","11.00000000","2024-05-25T18:20:15.693Z","buy","maker"
"0.16620000","11.00000000","2024-05-25T18:19:50.055Z","buy","maker"
"0.16620000","11.00000000","2024-05-25T18:19:49.698Z","buy","maker"
"0.16620000","11.00000000","2024-05-25T18:19:10.590Z","buy","maker"
"0.16620000","11.00000000","2024-05-25T18:19:10.101Z","buy","maker"
"0.16620000","11.00000000","2024-05-25T18:19:09.708Z","buy","maker"
"0.16620000","11.00000000","2024-05-25T18:18:44.047Z","buy","maker"
"0.16620000","11.00000000","2024-05-25T18:18:43.713Z","buy","maker"
"0.16620000","11.00000000","2024-05-25T18:18:17.153Z","buy","maker"
"0.16620000","11.00000000","2024-05-25T18:18:16.769Z","buy","maker"
"0.16620000","11.00000000","2024-05-25T18:17:38.577Z","buy","maker"
"0.16620000","11.00000000","2024-05-25T18:17:38.073Z","buy","maker"
"0.16620000","11.00000000","2024-05-25T18:17:37.678Z","buy","maker"
"0.16620000","11.00000000","2024-05-25T18:17:11.108Z","buy","maker"
"0.16620000","11.00000000","2024-05-25T18:17:10.698Z","buy","maker"
"0.16620000","11.00000000","2024-05-25T18:16:45.330Z","buy","maker"
"0.16620000","11.00000000","2024-05-25T18:16:44.789Z","buy","maker"
"0.16620000","11.00000000","2024-05-25T18:16:19.072Z","buy","maker"
"0.16620000","11.00000000","2024-05-25T18:16:18.782Z","buy","maker"
"0.16620000","11.00000000","2024-05-25T18:15:39.575Z","buy","maker"
"0.16620000","11.00000000","2024-05-25T18:15:39.050Z","buy","maker"
"0.16620000","11.00000000","2024-05-25T18:15:38.751Z","buy","maker"
"0.16620000","11.00000000","2024-05-25T18:15:13.078Z","buy","maker"
"0.16620000","11.00000000","2024-05-25T18:15:12.709Z","buy","maker"
"0.16620000","11.00000000","2024-05-25T18:14:46.085Z","buy","maker"
"0.16620000","11.00000000","2024-05-25T18:14:45.689Z","buy","maker"
"0.16620000","11.00000000","2024-05-25T18:14:20.036Z","buy","maker"
"0.16620000","11.00000000","2024-05-25T18:14:19.694Z","buy","maker"
"0.16620000","11.00000000","2024-05-25T18:13:53.081Z","buy","maker"
"0.16620000","11.00000000","2024-05-25T18:13:52.711Z","buy","maker"
"0.16620000","11.00000000","2024-05-25T18:13:27.181Z","buy","maker"
"0.16620000","11.00000000","2024-05-25T18:13:26.756Z","buy","maker"
"0.16620000","0.20000000","2024-05-25T18:13:13.472Z","buy","maker"
"0.16620000","11.00000000","2024-05-25T18:13:01.047Z","buy","maker"
"0.16620000","11.00000000","2024-05-25T18:13:00.722Z","buy","maker"
"0.16620000","11.00000000","2024-05-25T18:12:34.040Z","buy","maker"
"0.16620000","11.00000000","2024-05-25T18:12:33.703Z","buy","maker"
"0.16620000","11.00000000","2024-05-25T18:12:08.285Z","buy","maker"
"0.16620000","11.00000000","2024-05-25T18:12:07.990Z","buy","maker"
"0.16620000","11.00000000","2024-05-25T18:11:58.100Z","buy","maker"
"0.16620000","11.00000000","2024-05-25T18:11:57.690Z","buy","maker"
"0.16620000","11.00000000","2024-05-25T18:11:31.150Z","buy","maker"
"0.16620000","11.00000000","2024-05-25T18:11:30.708Z","buy","maker"
"0.16620000","11.00000000","2024-05-25T18:11:05.069Z","buy","maker"
"0.16620000","11.00000000","2024-05-25T18:11:04.694Z","buy","maker"
"0.16620000","11.00000000","2024-05-25T18:10:38.109Z","buy","maker"
"0.16620000","11.00000000","2024-05-25T18:10:37.749Z","buy","maker"
"0.16620000","11.00000000","2024-05-25T18:10:12.062Z","buy","maker"
"0.16620000","11.00000000","2024-05-25T18:10:11.780Z","buy","maker"
"0.16620000","11.00000000","2024-05-25T18:09:46.065Z","buy","maker"
"0.16620000","11.00000000","2024-05-25T18:09:45.694Z","buy","maker"
"0.16620000","11.00000000","2024-05-25T18:09:19.115Z","buy","maker"
"0.16620000","11.00000000","2024-05-25T18:09:18.722Z","buy","maker"
"0.16620000","11.00000000","2024-05-25T18:08:53.056Z","buy","maker"
"0.16620000","11.00000000","2024-05-25T18:08:52.727Z","buy","maker"
"0.16620000","11.00000000","2024-05-25T18:08:26.203Z","buy","maker"
"0.16620000","11.00000000","2024-05-25T18:08:25.749Z","buy","maker"
"0.16620000","5.60000000","2024-05-25T18:08:22.019Z","buy","maker"
"0.16620000","11.00000000","2024-05-25T18:08:00.061Z","buy","maker"
"0.16620000","11.00000000","2024-05-25T18:07:59.710Z","buy","maker"
"0.16620000","11.00000000","2024-05-25T18:07:34.047Z","buy","maker"
"0.16620000","11.00000000","2024-05-25T18:07:33.708Z","buy","maker"
"0.16620000","11.00000000","2024-05-25T18:07:07.642Z","buy","maker"
"0.16620000","11.00000000","2024-05-25T18:07:07.210Z","buy","maker"
"0.16620000","11.00000000","2024-05-25T18:06:41.100Z","buy","maker"
"0.16620000","11.00000000","2024-05-25T18:06:40.777Z","buy","maker"
"0.16630000","11.00000000","2024-05-25T18:06:14.128Z","buy","maker"
"0.16630000","4.80000000","2024-05-25T18:06:13.709Z","buy","maker"
"0.16630000","6.20000000","2024-05-25T18:06:13.709Z","buy","maker"
"0.16620000","11.00000000","2024-05-25T18:05:48.120Z","buy","maker"
"0.16620000","11.00000000","2024-05-25T18:05:47.703Z","buy","maker"
"0.16620000","11.00000000","2024-05-25T18:05:22.062Z","buy","maker"
"0.16620000","11.00000000","2024-05-25T18:05:21.712Z","buy","maker"
"0.16620000","11.00000000","2024-05-25T18:04:55.179Z","buy","maker"
"0.16620000","11.00000000","2024-05-25T18:04:54.740Z","buy","maker"
"0.16620000","11.00000000","2024-05-25T18:04:29.046Z","buy","maker"
"0.16620000","11.00000000","2024-05-25T18:04:28.688Z","buy","maker"
"0.16620000","11.00000000","2024-05-25T18:03:49.544Z","buy","maker"
"0.16620000","11.00000000","2024-05-25T18:03:49.142Z","buy","maker"
"0.16620000","11.00000000","2024-05-25T18:03:48.748Z","buy","maker"
"0.16620000","11.00000000","2024-05-25T18:03:23.084Z","buy","maker"
"0.16620000","11.00000000","2024-05-25T18:03:22.712Z","buy","maker"
"0.16620000","11.00000000","2024-05-25T18:02:57.037Z","buy","maker"
"0.16620000","11.00000000","2024-05-25T18:02:56.733Z","buy","maker"
"0.16620000","11.00000000","2024-05-25T18:02:30.242Z","buy","maker"
"0.16620000","11.00000000","2024-05-25T18:02:29.695Z","buy","maker"
"0.16620000","11.00000000","2024-05-25T18:01:51.568Z","buy","maker"
"0.16620000","11.00000000","2024-05-25T18:01:51.070Z","buy","maker"
"0.16620000","11.00000000","2024-05-25T18:01:50.744Z","buy","maker"
"0.16620000","11.00000000","2024-05-25T18:01:24.268Z","buy","maker"
"0.16620000","11.00000000","2024-05-25T18:01:23.727Z","buy","maker"
"0.16620000","11.00000000","2024-05-25T18:00:58.061Z","buy","maker"
"0.16620000","11.00000000","2024-05-25T18:00:57.731Z","buy","maker"
"0.16620000","11.00000000","2024-05-25T18:00:31.187Z","buy","maker"
"0.16620000","11.00000000","2024-05-25T18:00:30.741Z","buy","maker"
"0.16620000","11.00000000","2024-05-25T17:59:52.559Z","buy","maker"
"0.16620000","11.00000000","2024-05-25T17:59:52.053Z","buy","maker"
"0.16620000","11.00000000","2024-05-25T17:59:51.709Z","buy","maker"
"0.16620000","11.00000000","2024-05-25T17:59:25.313Z","buy","maker"
"0.16620000","11.00000000","2024-05-25T17:59:24.958Z","buy","maker"
"0.16620000","11.00000000","2024-05-25T17:58:59.052Z","buy","maker"
"0.16620000","11.00000000","2024-05-25T17:58:58.711Z","buy","maker"
"0.16620000","11.00000000","2024-05-25T17:58:33.039Z","buy","maker"
"0.16620000","11.00000000","2024-05-25T17:58:32.734Z","buy","maker"
"0.16620000","11.00000000","2024-05-25T17:58:06.096Z","buy","maker"
"0.16620000","11.00000000","2024-05-25T17:58:05.707Z","buy","maker"
"0.16620000","11.00000000","2024-05-25T17:57:40.197Z","buy","maker"
"0.16620000","11.00000000","2024-05-25T17:57:39.701Z","buy","maker"
"0.16620000","11.00000000","2024-05-25T17:57:13.100Z","buy","maker"
"0.16620000","11.00000000","2024-05-25T17:57:12.709Z","buy","maker"
"0.16620000","11.00000000","2024-05-25T17:56:47.042Z","buy","maker"
"0.16620000","11.00000000","2024-05-25T17:56:46.717Z","buy","maker"
"0.16620000","11.00000000","2024-05-25T17:56:21.134Z","buy","maker"
"0.16620000","11.00000000","2024-05-25T17:56:20.704Z","buy","maker"
"0.16620000","11.00000000","2024-05-25T17:55:54.107Z","buy","maker"
"0.16620000","11.00000000","2024-05-25T17:55:53.707Z","buy","maker"
"0.16620000","11.00000000","2024-05-25T17:55:28.056Z","buy","maker"
"0.16620000","11.00000000","2024-05-25T17:55:27.708Z","buy","maker"
"0.16620000","11.00000000","2024-05-25T17:55:01.141Z","buy","maker"
"0.16620000","11.00000000","2024-05-25T17:55:00.741Z","buy","maker"
"0.16620000","11.00000000","2024-05-25T17:54:35.067Z","buy","maker"
"0.16620000","11.00000000","2024-05-25T17:54:34.713Z","buy","maker"
"0.16620000","11.00000000","2024-05-25T17:54:09.053Z","buy","maker"
"0.16620000","11.00000000","2024-05-25T17:54:08.698Z","buy","maker"
"0.16620000","11.00000000","2024-05-25T17:53:42.377Z","buy","maker"
"0.16620000","11.00000000","2024-05-25T17:53:41.750Z","buy","maker"
"0.16620000","11.00000000","2024-05-25T17:53:16.079Z","buy","maker"
"0.16620000","11.00000000","2024-05-25T17:53:15.762Z","buy","maker"
"0.16620000","11.00000000","2024-05-25T17:52:49.147Z","buy","maker"
"0.16620000","11.00000000","2024-05-25T17:52:48.740Z","buy","maker"
"0.16620000","11.00000000","2024-05-25T17:52:23.098Z","buy","maker"
"0.16620000","11.00000000","2024-05-25T17:52:22.722Z","buy","maker"
"0.16620000","11.00000000","2024-05-25T17:51:57.071Z","buy","maker"
"0.16620000","11.00000000","2024-05-25T17:51:56.707Z","buy","maker"
"0.16620000","11.00000000","2024-05-25T17:51:17.582Z","buy","maker"
"0.16620000","11.00000000","2024-05-25T17:51:17.070Z","buy","maker"
"0.16620000","11.00000000","2024-05-25T17:51:16.711Z","buy","maker"
"0.16620000","11.00000000","2024-05-25T17:50:51.088Z","buy","maker"
"0.16620000","11.00000000","2024-05-25T17:50:50.762Z","buy","maker"
"0.16620000","11.00000000","2024-05-25T17:50:24.146Z","buy","maker"
"0.16620000","11.00000000","2024-05-25T17:50:23.738Z","buy","maker"
"0.16620000","11.00000000","2024-05-25T17:49:58.049Z","buy","maker"
"0.16620000","11.00000000","2024-05-25T17:49:57.713Z","buy","maker"
"0.16620000","11.00000000","2024-05-25T17:49:41.558Z","buy","maker"
"0.16620000","11.00000000","2024-05-25T17:49:41.068Z","buy","maker"
"0.16630000","4.90000000","2024-05-25T17:49:05.069Z","buy","maker"
"0.16630000","6.10000000","2024-05-25T17:49:05.069Z","buy","maker"
"0.16630000","4.90000000","2024-05-25T17:49:04.732Z","buy","maker"
"0.16630000","6.10000000","2024-05-25T17:49:04.732Z","buy","maker"
"0.16630000","9.90000000","2024-05-25T17:48:39.039Z","buy","maker"
"0.16630000","11.00000000","2024-05-25T17:48:38.700Z","buy","maker"
"0.16630000","11.00000000","2024-05-25T17:48:12.128Z","buy","maker"
"0.16630000","11.00000000","2024-05-25T17:48:11.730Z","buy","maker"
"0.16630000","11.00000000","2024-05-25T17:47:46.042Z","buy","maker"
"0.16630000","11.00000000","2024-05-25T17:47:45.722Z","buy","maker"
"0.16620000","11.00000000","2024-05-25T17:47:19.072Z","buy","maker"
"0.16620000","11.00000000","2024-05-25T17:47:18.690Z","buy","maker"
"0.16620000","11.00000000","2024-05-25T17:46:53.308Z","buy","maker"
"0.16620000","11.00000000","2024-05-25T17:46:52.879Z","buy","maker"
"0.16640000","198.70000000","2024-05-25T17:46:18.994Z","sell","maker"
"0.16630000","87.00000000","2024-05-25T17:46:18.994Z","sell","maker"
"0.16620000","11.00000000","2024-05-25T17:46:14.556Z","buy","maker"
"0.16620000","11.00000000","2024-05-25T17:46:14.075Z","buy","maker"
"0.16620000","11.00000000","2024-05-25T17:46:13.756Z","buy","maker"
"0.16610000","11.00000000","2024-05-25T17:45:34.586Z","buy","maker"
"0.16610000","11.00000000","2024-05-25T17:45:34.058Z","buy","maker"
"0.16610000","11.00000000","2024-05-25T17:45:33.721Z","buy","maker"
"0.16610000","3.60000000","2024-05-25T17:45:08.084Z","buy","maker"
"0.16610000","7.40000000","2024-05-25T17:45:08.084Z","buy","maker"
"0.16610000","11.00000000","2024-05-25T17:45:07.697Z","buy","maker"
"0.16610000","11.00000000","2024-05-25T17:44:41.307Z","buy","maker"
"0.16610000","11.00000000","2024-05-25T17:44:40.939Z","buy","maker"
"0.16610000","11.00000000","2024-05-25T17:44:15.067Z","buy","maker"
"0.16610000","11.00000000","2024-05-25T17:44:14.722Z","buy","maker"
"0.16610000","11.00000000","2024-05-25T17:43:48.096Z","buy","maker"
"0.16610000","11.00000000","2024-05-25T17:43:47.718Z","buy","maker"
"0.16610000","11.00000000","2024-05-25T17:43:22.051Z","buy","maker"
"0.16610000","11.00000000","2024-05-25T17:43:21.702Z","buy","maker"
"0.16610000","11.00000000","2024-05-25T17:42:56.114Z","buy","maker"
"0.16610000","11.00000000","2024-05-25T17:42:55.731Z","buy","maker"
"0.16620000","11.00000000","2024-05-25T17:42:29.119Z","buy","maker"
"0.16620000","11.00000000","2024-05-25T17:42:28.711Z","buy","maker"
"0.16620000","11.00000000","2024-05-25T17:42:03.058Z","buy","maker"
"0.16620000","11.00000000","2024-05-25T17:42:02.741Z","buy","maker"
"0.16620000","11.00000000","2024-05-25T17:41:36.313Z","buy","maker"
"0.16620000","11.00000000","2024-05-25T17:41:35.741Z","buy","maker"
"0.16620000","0.30000000","2024-05-25T17:41:34.181Z","buy","maker"
"0.16620000","11.00000000","2024-05-25T17:41:10.073Z","buy","maker"
"0.16620000","11.00000000","2024-05-25T17:41:09.697Z","buy","maker"
"0.16620000","11.00000000","2024-05-25T17:40:44.050Z","buy","maker"
"0.16620000","11.00000000","2024-05-25T17:40:43.759Z","buy","maker"
"0.16620000","11.00000000","2024-05-25T17:40:17.099Z","buy","maker"
"0.16620000","11.00000000","2024-05-25T17:40:16.701Z","buy","maker"
"0.16620000","11.00000000","2024-05-25T17:39:51.091Z","buy","maker"
"0.16620000","11.00000000","2024-05-25T17:39:50.757Z","buy","maker"
"0.16620000","11.00000000","2024-05-25T17:39:24.131Z","buy","maker"
"0.16620000","11.00000000","2024-05-25T17:39:23.731Z","buy","maker"
"0.16620000","11.00000000","2024-05-25T17:38:58.052Z","buy","maker"
"0.16620000","11.00000000","2024-05-25T17:38:57.701Z","buy","maker"
"0.16620000","11.00000000","2024-05-25T17:38:32.068Z","buy","maker"
"0.16620000","11.00000000","2024-05-25T17:38:31.712Z","buy","maker"
"0.16630000","6.90000000","2024-05-25T17:38:17.713Z","buy","maker"
"0.16630000","11.00000000","2024-05-25T17:37:52.201Z","buy","maker"
"0.16630000","11.00000000","2024-05-25T17:37:51.687Z","buy","maker"
"0.16640000","53.60000000","2024-05-25T17:37:35.333Z","sell","maker"
"0.16620000","11.00000000","2024-05-25T17:37:26.066Z","buy","maker"
"0.16620000","11.00000000","2024-05-25T17:37:25.717Z","buy","maker"
"0.16620000","11.00000000","2024-05-25T17:36:59.203Z","buy","maker"
"0.16620000","11.00000000","2024-05-25T17:36:58.719Z","buy","maker"
"0.16620000","11.00000000","2024-05-25T17:36:33.038Z","buy","maker"
"0.16620000","11.00000000","2024-05-25T17:36:32.687Z","buy","maker"
"0.16640000","11.00000000","2024-05-25T17:36:06.117Z","buy","maker"
"0.16640000","11.00000000","2024-05-25T17:36:05.710Z","buy","maker"
"0.16640000","11.00000000","2024-05-25T17:35:40.053Z","buy","maker"
"0.16640000","11.00000000","2024-05-25T17:35:39.698Z","buy","maker"
"0.16640000","11.00000000","2024-05-25T17:35:14.056Z","buy","maker"
"0.16640000","11.00000000","2024-05-25T17:35:13.709Z","buy","maker"
"0.16640000","11.00000000","2024-05-25T17:34:47.318Z","buy","maker"
"0.16640000","11.00000000","2024-05-25T17:34:46.894Z","buy","maker"
"0.16640000","11.00000000","2024-05-25T17:34:21.142Z","buy","maker"
"0.16640000","11.00000000","2024-05-25T17:34:20.712Z","buy","maker"
"0.16630000","1295.80000000","2024-05-25T17:33:54.622Z","buy","maker"
"0.16630000","11.00000000","2024-05-25T17:33:41.600Z","buy","maker"
"0.16630000","11.00000000","2024-05-25T17:33:41.081Z","buy","maker"
"0.16630000","11.00000000","2024-05-25T17:33:40.714Z","buy","maker"
"0.16650000","129.80000000","2024-05-25T17:33:29.457Z","sell","maker"
"0.16640000","9.90000000","2024-05-25T17:33:29.457Z","sell","maker"
"0.16630000","11.00000000","2024-05-25T17:33:15.075Z","buy","maker"
"0.16630000","11.00000000","2024-05-25T17:33:14.739Z","buy","maker"
"0.16630000","11.00000000","2024-05-25T17:32:48.128Z","buy","maker"
"0.16630000","11.00000000","2024-05-25T17:32:47.702Z","buy","maker"
"0.16630000","11.00000000","2024-05-25T17:32:22.037Z","buy","maker"
"0.16630000","11.00000000","2024-05-25T17:32:21.755Z","buy","maker"
"0.16630000","11.00000000","2024-05-25T17:31:56.042Z","buy","maker"
"0.16630000","11.00000000","2024-05-25T17:31:55.729Z","buy","maker"
"0.16630000","11.00000000","2024-05-25T17:31:42.054Z","buy","maker"
"0.16630000","11.00000000","2024-05-25T17:31:16.090Z","buy","maker"
"0.16630000","11.00000000","2024-05-25T17:31:15.726Z","buy","maker"
"0.16630000","11.00000000","2024-05-25T17:30:50.178Z","buy","maker"
"0.16630000","11.00000000","2024-05-25T17:30:49.695Z","buy","maker"
"0.16630000","11.00000000","2024-05-25T17:30:23.133Z","buy","maker"
"0.16630000","11.00000000","2024-05-25T17:30:22.721Z","buy","maker"
"0.16630000","11.00000000","2024-05-25T17:29:57.059Z","buy","maker"
"0.16630000","11.00000000","2024-05-25T17:29:56.701Z","buy","maker"
"0.16630000","11.00000000","2024-05-25T17:29:31.041Z","buy","maker"
"0.16630000","11.00000000","2024-05-25T17:29:30.692Z","buy","maker"
"0.16640000","0.10000000","2024-05-25T17:29:19.906Z","sell","maker"
"0.16630000","11.00000000","2024-05-25T17:29:04.084Z","buy","maker"
"0.16630000","11.00000000","2024-05-25T17:29:03.705Z","buy","maker"
"0.16630000","11.00000000","2024-05-25T17:28:38.034Z","buy","maker"
"0.16630000","11.00000000","2024-05-25T17:28:37.699Z","buy","maker"
"0.16630000","11.00000000","2024-05-25T17:28:11.315Z","buy","maker"
"0.16630000","11.00000000","2024-05-25T17:28:10.873Z","buy","maker"
"0.16630000","11.00000000","2024-05-25T17:27:45.043Z","buy","maker"
"0.16630000","11.00000000","2024-05-25T17:27:44.739Z","buy","maker"
"0.16630000","11.00000000","2024-05-25T17:27:19.061Z","buy","maker"
"0.16630000","11.00000000","2024-05-25T17:27:18.697Z","buy","maker"
"0.16630000","1126.20000000","2024-05-25T17:27:13.242Z","buy","maker"
"0.16630000","74.80000000","2024-05-25T17:27:13.242Z","buy","maker"
"0.16630000","11.00000000","2024-05-25T17:26:52.342Z","buy","maker"
"0.16630000","11.00000000","2024-05-25T17:26:51.881Z","buy","maker"
"0.16630000","11.00000000","2024-05-25T17:26:26.045Z","buy","maker"
"0.16630000","11.00000000","2024-05-25T17:26:25.716Z","buy","maker"
"0.16630000","11.00000000","2024-05-25T17:25:59.334Z","buy","maker"
"0.16630000","11.00000000","2024-05-25T17:25:58.973Z","buy","maker"
"0.16640000","11.00000000","2024-05-25T17:25:33.070Z","buy","maker"
"0.16640000","11.00000000","2024-05-25T17:25:32.745Z","buy","maker"
"0.16630000","11.00000000","2024-05-25T17:25:07.082Z","buy","maker"
"0.16630000","11.00000000","2024-05-25T17:25:06.708Z","buy","maker"
"0.16630000","11.00000000","2024-05-25T17:24:40.296Z","buy","maker"
"0.16630000","11.00000000","2024-05-25T17:24:39.938Z","buy","maker"
"0.16630000","11.00000000","2024-05-25T17:24:26.791Z","buy","maker"
"0.16630000","11.00000000","2024-05-25T17:24:01.091Z","buy","maker"
"0.16630000","11.00000000","2024-05-25T17:24:00.773Z","buy","maker"
"0.16630000","11.00000000","2024-05-25T17:23:34.316Z","buy","maker"
"0.16630000","11.00000000","2024-05-25T17:23:33.866Z","buy","maker"
"0.16630000","11.00000000","2024-05-25T17:23:08.053Z","buy","maker"
"0.16630000","11.00000000","2024-05-25T17:23:07.710Z","buy","maker"
"0.16630000","11.00000000","2024-05-25T17:22:41.124Z","buy","maker"
"0.16630000","11.00000000","2024-05-25T17:22:40.710Z","buy","maker"
"0.16630000","11.00000000","2024-05-25T17:22:15.041Z","buy","maker"
"0.16630000","11.00000000","2024-05-25T17:22:14.728Z","buy","maker"
"0.16630000","11.00000000","2024-05-25T17:21:35.568Z","buy","maker"
"0.16630000","11.00000000","2024-05-25T17:21:35.122Z","buy","maker"
"0.16630000","11.00000000","2024-05-25T17:21:34.721Z","buy","maker"
"0.16630000","11.00000000","2024-05-25T17:21:09.050Z","buy","maker"
"0.16630000","11.00000000","2024-05-25T17:21:08.702Z","buy","maker"
"0.16630000","11.00000000","2024-05-25T17:20:43.048Z","buy","maker"
"0.16630000","11.00000000","2024-05-25T17:20:42.703Z","buy","maker"
"0.16630000","11.00000000","2024-05-25T17:20:16.067Z","buy","maker"
"0.16630000","11.00000000","2024-05-25T17:20:15.702Z","buy","maker"
"0.16630000","11.00000000","2024-05-25T17:19:50.038Z","buy","maker"
"0.16630000","11.00000000","2024-05-25T17:19:49.716Z","buy","maker"
"0.16630000","11.00000000","2024-05-25T17:19:23.055Z","buy","maker"
"0.16630000","11.00000000","2024-05-25T17:19:22.686Z","buy","maker"
"0.16630000","11.00000000","2024-05-25T17:18:57.050Z","buy","maker"
"0.16630000","11.00000000","2024-05-25T17:18:56.695Z","buy","maker"
"0.16630000","11.00000000","2024-05-25T17:18:31.032Z","buy","maker"
"0.16630000","11.00000000","2024-05-25T17:18:30.702Z","buy","maker"
"0.16630000","11.00000000","2024-05-25T17:18:04.535Z","buy","maker"
"0.16630000","11.00000000","2024-05-25T17:18:04.040Z","buy","maker"
"0.16630000","11.00000000","2024-05-25T17:17:38.084Z","buy","maker"
"0.16630000","11.00000000","2024-05-25T17:17:37.693Z","buy","maker"
"0.16630000","11.00000000","2024-05-25T17:17:11.119Z","buy","maker"
"0.16630000","11.00000000","2024-05-25T17:17:10.710Z","buy","maker"
"0.16630000","11.00000000","2024-05-25T17:16:32.082Z","buy","maker"
"0.16630000","11.00000000","2024-05-25T17:16:31.693Z","buy","maker"
"0.16640000","11.00000000","2024-05-25T17:16:31.611Z","sell","maker"
"0.16630000","11.00000000","2024-05-25T17:16:05.047Z","buy","maker"
"0.16630000","11.00000000","2024-05-25T17:16:04.685Z","buy","maker"
"0.16630000","11.00000000","2024-05-25T17:15:39.051Z","buy","maker"
"0.16630000","11.00000000","2024-05-25T17:15:38.740Z","buy","maker"
"0.16640000","11.00000000","2024-05-25T17:15:13.023Z","buy","maker"
"0.16640000","11.00000000","2024-05-25T17:15:12.704Z","buy","maker"
"0.16640000","11.00000000","2024-05-25T17:14:46.298Z","buy","maker"
"0.16640000","11.00000000","2024-05-25T17:14:45.963Z","buy","maker"
"0.16640000","11.00000000","2024-05-25T17:14:20.046Z","buy","maker"
"0.16640000","11.00000000","2024-05-25T17:14:19.694Z","buy","maker"
"0.16640000","11.00000000","2024-05-25T17:13:40.567Z","buy","maker"
"0.16640000","11.00000000","2024-05-25T17:13:40.279Z","buy","maker"
"0.16640000","11.00000000","2024-05-25T17:13:39.881Z","buy","maker"
"0.16640000","11.00000000","2024-05-25T17:13:14.042Z","buy","maker"
"0.16640000","11.00000000","2024-05-25T17:13:13.692Z","buy","maker"
"0.16640000","6.10000000","2024-05-25T17:12:34.278Z","buy","maker"
"0.16630000","4.90000000","2024-05-25T17:12:34.050Z","buy","maker"
"0.16640000","6.10000000","2024-05-25T17:12:34.050Z","buy","maker"
"0.16640000","6.10000000","2024-05-25T17:12:33.710Z","buy","maker"
"0.16640000","6.70000000","2024-05-25T17:12:08.308Z","buy","maker"
"0.16640000","9.40000000","2024-05-25T17:12:07.900Z","buy","maker"