"price","volume","timestamp","type"
"0.2","75","2024-05-27T19:54:04.252Z","bid"
"0.1","150","2024-05-27T19:54:04.252Z","bid"
"0.002","510","2024-05-27T19:54:04.252Z","bid"
"0.001","1994","2024-05-27T19:54:04.252Z","bid"
"2.868","286.59","2024-05-27T19:54:04.251Z","ask"
"2.869","217.74","2024-05-27T19:54:04.251Z","ask"
"2.872","47.605","2024-05-27T19:54:04.251Z","ask"
"2.874","347.9","2024-05-27T19:54:04.251Z","ask"
"2.875","200","2024-05-27T19:54:04.251Z","ask"
"2.877","95.21","2024-05-27T19:54:04.251Z","ask"
"2.88","119.013","2024-05-27T19:54:04.251Z","ask"
"2.881","19.345","2024-05-27T19:54:04.251Z","ask"
"2.882","537.8","2024-05-27T19:54:04.251Z","ask"
"2.885","149.801","2024-05-27T19:54:04.251Z","ask"
"2.886","725.904","2024-05-27T19:54:04.251Z","ask"
"2.893","238.026","2024-05-27T19:54:04.251Z","ask"
"2.899","776.1","2024-05-27T19:54:04.251Z","ask"
"2.91","68.986","2024-05-27T19:54:04.251Z","ask"
"2.912","1333.4","2024-05-27T19:54:04.251Z","ask"
"2.917","3.917","2024-05-27T19:54:04.251Z","ask"
"2.919","297.532","2024-05-27T19:54:04.251Z","ask"
"2.929","0.8","2024-05-27T19:54:04.251Z","ask"
"2.934","24.87","2024-05-27T19:54:04.251Z","ask"
"2.936","170.2","2024-05-27T19:54:04.251Z","ask"
"2.939","4.106","2024-05-27T19:54:04.251Z","ask"
"2.942","0.119","2024-05-27T19:54:04.251Z","ask"
"2.953","357.039","2024-05-27T19:54:04.251Z","ask"
"2.954","69.148","2024-05-27T19:54:04.251Z","ask"
"2.959","15.681","2024-05-27T19:54:04.251Z","ask"
"2.96","100","2024-05-27T19:54:04.251Z","ask"
"2.97","0.8","2024-05-27T19:54:04.251Z","ask"
"2.972","18.403","2024-05-27T19:54:04.251Z","ask"
"2.98","3.29","2024-05-27T19:54:04.251Z","ask"
"2.989","8.08","2024-05-27T19:54:04.251Z","ask"
"2.99","30","2024-05-27T19:54:04.251Z","ask"
"3","102.322","2024-05-27T19:54:04.251Z","ask"
"3.01","0.8","2024-05-27T19:54:04.251Z","ask"
"3.022","4.106","2024-05-27T19:54:04.251Z","ask"
"3.045","7.931","2024-05-27T19:54:04.251Z","ask"
"3.046","703.044","2024-05-27T19:54:04.251Z","ask"
"3.051","0.8","2024-05-27T19:54:04.251Z","ask"
"3.08","4.106","2024-05-27T19:54:04.251Z","ask"
"3.081","2.5","2024-05-27T19:54:04.251Z","ask"
"3.091","0.8","2024-05-27T19:54:04.251Z","ask"
"3.164","4.009","2024-05-27T19:54:04.251Z","ask"
"3.202","4.009","2024-05-27T19:54:04.251Z","ask"
"3.21","1.567","2024-05-27T19:54:04.251Z","ask"
"3.25","12.398","2024-05-27T19:54:04.251Z","ask"
"3.264","4.009","2024-05-27T19:54:04.251Z","ask"
"3.293","0.8","2024-05-27T19:54:04.251Z","ask"
"3.322","9.968","2024-05-27T19:54:04.251Z","ask"
"3.327","2.842","2024-05-27T19:54:04.251Z","ask"
"3.365","2.842","2024-05-27T19:54:04.251Z","ask"
"3.407","2.5","2024-05-27T19:54:04.251Z","ask"
"3.46","289.017","2024-05-27T19:54:04.251Z","ask"
"3.48","500","2024-05-27T19:54:04.251Z","ask"
"3.59","2823.613","2024-05-27T19:54:04.251Z","ask"
"3.608","46.422","2024-05-27T19:54:04.251Z","ask"
"3.7","19.441","2024-05-27T19:54:04.251Z","ask"
"3.729","1.349","2024-05-27T19:54:04.251Z","ask"
"3.733","2.5","2024-05-27T19:54:04.251Z","ask"
"3.88","4.393","2024-05-27T19:54:04.251Z","ask"
"3.901","0.077","2024-05-27T19:54:04.251Z","ask"
"3.96","20.204","2024-05-27T19:54:04.251Z","ask"
"3.971","0.194","2024-05-27T19:54:04.251Z","ask"
"3.976","0.194","2024-05-27T19:54:04.251Z","ask"
"4","820.197","2024-05-27T19:54:04.251Z","ask"
"4.002","0.388","2024-05-27T19:54:04.251Z","ask"
"4.007","365.931","2024-05-27T19:54:04.251Z","ask"
"4.04","271.321","2024-05-27T19:54:04.251Z","ask"
"4.044","0.582","2024-05-27T19:54:04.251Z","ask"
"4.059","2.5","2024-05-27T19:54:04.251Z","ask"
"4.11","4.879","2024-05-27T19:54:04.251Z","ask"
"4.148","24.108","2024-05-27T19:54:04.251Z","ask"
"4.16","168.88","2024-05-27T19:54:04.251Z","ask"
"4.205","1","2024-05-27T19:54:04.251Z","ask"
"4.214","0.194","2024-05-27T19:54:04.251Z","ask"
"4.229","1.189","2024-05-27T19:54:04.251Z","ask"
"4.277","5.044","2024-05-27T19:54:04.251Z","ask"
"4.28","153.514","2024-05-27T19:54:04.251Z","ask"
"4.281","0.194","2024-05-27T19:54:04.251Z","ask"
"4.286","1","2024-05-27T19:54:04.251Z","ask"
"4.31","309.37","2024-05-27T19:54:04.251Z","ask"
"4.367","1","2024-05-27T19:54:04.251Z","ask"
"4.385","2.5","2024-05-27T19:54:04.251Z","ask"
"4.401","49.699","2024-05-27T19:54:04.251Z","ask"
"4.435","0.194","2024-05-27T19:54:04.251Z","ask"
"4.44","0.194","2024-05-27T19:54:04.251Z","ask"
"4.447","1","2024-05-27T19:54:04.251Z","ask"
"4.448","0.194","2024-05-27T19:54:04.251Z","ask"
"4.45","211.957","2024-05-27T19:54:04.251Z","ask"
"4.49","350","2024-05-27T19:54:04.251Z","ask"
"4.5","119.869","2024-05-27T19:54:04.251Z","ask"
"4.503","0.194","2024-05-27T19:54:04.251Z","ask"
"4.511","0.194","2024-05-27T19:54:04.251Z","ask"
"4.52","6.093","2024-05-27T19:54:04.251Z","ask"
"4.528","2.194","2024-05-27T19:54:04.251Z","ask"
"4.536","0.194","2024-05-27T19:54:04.251Z","ask"
"4.544","0.194","2024-05-27T19:54:04.251Z","ask"
"4.552","0.194","2024-05-27T19:54:04.251Z","ask"
"4.56","0.194","2024-05-27T19:54:04.251Z","ask"
"4.569","0.194","2024-05-27T19:54:04.251Z","ask"
"4.59","11.925","2024-05-27T19:54:04.251Z","ask"
"4.593","43.343","2024-05-27T19:54:04.251Z","ask"
"4.642","1.658","2024-05-27T19:54:04.251Z","ask"
"4.65","2","2024-05-27T19:54:04.251Z","ask"
"4.657","1.655","2024-05-27T19:54:04.251Z","ask"
"4.673","1.655","2024-05-27T19:54:04.251Z","ask"
"4.711","2.5","2024-05-27T19:54:04.251Z","ask"
"4.777","2","2024-05-27T19:54:04.251Z","ask"
"4.81","155.373","2024-05-27T19:54:04.251Z","ask"
"4.852","2","2024-05-27T19:54:04.251Z","ask"
"4.87","5.147","2024-05-27T19:54:04.251Z","ask"
"4.89","500","2024-05-27T19:54:04.251Z","ask"
"4.9","200","2024-05-27T19:54:04.251Z","ask"
"4.93","2.19","2024-05-27T19:54:04.251Z","ask"
"4.95","500","2024-05-27T19:54:04.251Z","ask"
"4.953","2","2024-05-27T19:54:04.251Z","ask"
"4.954","234.191","2024-05-27T19:54:04.251Z","ask"
"4.98","500","2024-05-27T19:54:04.251Z","ask"
"4.99","15.916","2024-05-27T19:54:04.251Z","ask"
"5","1933.791","2024-05-27T19:54:04.251Z","ask"
"5.03","2.23","2024-05-27T19:54:04.251Z","ask"
"5.037","2.5","2024-05-27T19:54:04.251Z","ask"
"5.05","500","2024-05-27T19:54:04.251Z","ask"
"5.08","28.692","2024-05-27T19:54:04.251Z","ask"
"5.1","2.933","2024-05-27T19:54:04.251Z","ask"
"5.124","9.837","2024-05-27T19:54:04.251Z","ask"
"5.13","2.28","2024-05-27T19:54:04.251Z","ask"
"5.229","213.575","2024-05-27T19:54:04.251Z","ask"
"5.24","2.32","2024-05-27T19:54:04.251Z","ask"
"5.25","38","2024-05-27T19:54:04.251Z","ask"
"5.34","2.37","2024-05-27T19:54:04.251Z","ask"
"5.35","38","2024-05-27T19:54:04.251Z","ask"
"5.363","2.5","2024-05-27T19:54:04.251Z","ask"
"5.416","910.555","2024-05-27T19:54:04.251Z","ask"
"5.43","3.075","2024-05-27T19:54:04.251Z","ask"
"5.44","110","2024-05-27T19:54:04.251Z","ask"
"5.45","47.269","2024-05-27T19:54:04.251Z","ask"
"5.459","2.84","2024-05-27T19:54:04.251Z","ask"
"5.48","500","2024-05-27T19:54:04.251Z","ask"
"5.489","16.89","2024-05-27T19:54:04.251Z","ask"
"5.5","1368.511","2024-05-27T19:54:04.251Z","ask"
"5.539","1.816","2024-05-27T19:54:04.251Z","ask"
"5.56","2.47","2024-05-27T19:54:04.251Z","ask"
"5.636","0.6","2024-05-27T19:54:04.251Z","ask"
"5.67","36","2024-05-27T19:54:04.251Z","ask"
"5.68","2.52","2024-05-27T19:54:04.251Z","ask"
"5.689","2.5","2024-05-27T19:54:04.251Z","ask"
"5.69","3.63","2024-05-27T19:54:04.251Z","ask"
"5.693","9.698","2024-05-27T19:54:04.251Z","ask"
"5.747","4.725","2024-05-27T19:54:04.251Z","ask"
"5.748","0.194","2024-05-27T19:54:04.251Z","ask"
"5.75","90","2024-05-27T19:54:04.251Z","ask"
"5.765","2.881","2024-05-27T19:54:04.251Z","ask"
"5.79","8.635","2024-05-27T19:54:04.251Z","ask"
"5.92","19","2024-05-27T19:54:04.251Z","ask"
"5.924","8.44","2024-05-27T19:54:04.251Z","ask"
"5.98","17.099","2024-05-27T19:54:04.251Z","ask"
"5.99","25","2024-05-27T19:54:04.251Z","ask"
"6","7037.29","2024-05-27T19:54:04.251Z","ask"
"6.015","2.5","2024-05-27T19:54:04.251Z","ask"
"6.06","16.501","2024-05-27T19:54:04.251Z","ask"
"6.1","108","2024-05-27T19:54:04.251Z","ask"
"6.2","84.937","2024-05-27T19:54:04.251Z","ask"
"6.23","81.034","2024-05-27T19:54:04.251Z","ask"
"6.25","37.331","2024-05-27T19:54:04.251Z","ask"
"6.3","45.913","2024-05-27T19:54:04.251Z","ask"
"6.341","2.5","2024-05-27T19:54:04.251Z","ask"
"6.35","25","2024-05-27T19:54:04.251Z","ask"
"6.4","5.868","2024-05-27T19:54:04.251Z","ask"
"6.487","4.482","2024-05-27T19:54:04.251Z","ask"
"6.488","335.882","2024-05-27T19:54:04.251Z","ask"
"6.49","13.145","2024-05-27T19:54:04.251Z","ask"
"6.5","774.362","2024-05-27T19:54:04.251Z","ask"
"6.6","15.19","2024-05-27T19:54:04.251Z","ask"
"6.648","2.151","2024-05-27T19:54:04.251Z","ask"
"6.66","5.988","2024-05-27T19:54:04.251Z","ask"
"6.667","2.5","2024-05-27T19:54:04.251Z","ask"
"6.69","11","2024-05-27T19:54:04.251Z","ask"
"6.7","583.218","2024-05-27T19:54:04.251Z","ask"
"6.73","644.086","2024-05-27T19:54:04.251Z","ask"
"6.75","1293.684","2024-05-27T19:54:04.251Z","ask"
"6.76","157.5","2024-05-27T19:54:04.251Z","ask"
"6.8","46.466","2024-05-27T19:54:04.251Z","ask"
"6.89","3499.696","2024-05-27T19:54:04.251Z","ask"
"6.9","1199.532","2024-05-27T19:54:04.251Z","ask"
"6.913","150","2024-05-27T19:54:04.251Z","ask"
"6.993","2.5","2024-05-27T19:54:04.251Z","ask"
"7","468.114","2024-05-27T19:54:04.251Z","ask"
"7.08","13225.343","2024-05-27T19:54:04.251Z","ask"
"7.09","4.949","2024-05-27T19:54:04.251Z","ask"
"7.12","2.808","2024-05-27T19:54:04.251Z","ask"
"7.124","8.5","2024-05-27T19:54:04.251Z","ask"
"7.15","49.138","2024-05-27T19:54:04.251Z","ask"
"7.19","41.173","2024-05-27T19:54:04.251Z","ask"
"7.2","87","2024-05-27T19:54:04.251Z","ask"
"7.25","3.423","2024-05-27T19:54:04.251Z","ask"
"7.3","0.2","2024-05-27T19:54:04.251Z","ask"
"7.319","2.5","2024-05-27T19:54:04.251Z","ask"
"7.4","43.294","2024-05-27T19:54:04.251Z","ask"
"7.44","18","2024-05-27T19:54:04.251Z","ask"
"7.5","5.826","2024-05-27T19:54:04.251Z","ask"
"7.535","555.151","2024-05-27T19:54:04.251Z","ask"
"7.645","2.5","2024-05-27T19:54:04.251Z","ask"
"7.7","12.987","2024-05-27T19:54:04.251Z","ask"
"7.86","583.252","2024-05-27T19:54:04.251Z","ask"
"7.876","5.845","2024-05-27T19:54:04.251Z","ask"
"7.95","4.414","2024-05-27T19:54:04.251Z","ask"
"7.96","8","2024-05-27T19:54:04.251Z","ask"
"7.971","2.5","2024-05-27T19:54:04.251Z","ask"
"8","229.095","2024-05-27T19:54:04.251Z","ask"
"8.26","26.868","2024-05-27T19:54:04.251Z","ask"
"8.297","2.5","2024-05-27T19:54:04.251Z","ask"
"8.5","58.982","2024-05-27T19:54:04.251Z","ask"
"8.623","2.5","2024-05-27T19:54:04.251Z","ask"
"8.9","0.2","2024-05-27T19:54:04.251Z","ask"
"8.949","2.5","2024-05-27T19:54:04.251Z","ask"
"9","17.887","2024-05-27T19:54:04.251Z","ask"
"9.2","8.014","2024-05-27T19:54:04.251Z","ask"
"9.275","2.5","2024-05-27T19:54:04.251Z","ask"
"9.377","3048.942","2024-05-27T19:54:04.251Z","ask"
"9.48","60","2024-05-27T19:54:04.251Z","ask"
"9.6","2.213","2024-05-27T19:54:04.251Z","ask"
"9.601","2.5","2024-05-27T19:54:04.251Z","ask"
"9.76","5","2024-05-27T19:54:04.251Z","ask"
"9.927","2.5","2024-05-27T19:54:04.251Z","ask"
"10","20.179","2024-05-27T19:54:04.251Z","ask"
"10.073","2.788","2024-05-27T19:54:04.251Z","ask"
"10.253","2.5","2024-05-27T19:54:04.251Z","ask"
"10.45","5","2024-05-27T19:54:04.251Z","ask"
"10.579","2.5","2024-05-27T19:54:04.251Z","ask"
"10.709","2.5","2024-05-27T19:54:04.251Z","ask"
"11.75","4","2024-05-27T19:54:04.251Z","ask"
"11.814","5.845","2024-05-27T19:54:04.251Z","ask"
"11.92","8.549","2024-05-27T19:54:04.251Z","ask"
"12","62.397","2024-05-27T19:54:04.251Z","ask"
"12.976","167.941","2024-05-27T19:54:04.251Z","ask"
"13","372.254","2024-05-27T19:54:04.251Z","ask"
"13.5","1199.33","2024-05-27T19:54:04.251Z","ask"
"13.999","0.986","2024-05-27T19:54:04.251Z","ask"
"14","2460.687","2024-05-27T19:54:04.251Z","ask"
"14.45","3.5","2024-05-27T19:54:04.251Z","ask"
"14.88","4","2024-05-27T19:54:04.251Z","ask"
"14.92","120.959","2024-05-27T19:54:04.251Z","ask"
"14.96","84.789","2024-05-27T19:54:04.251Z","ask"
"15","312.533","2024-05-27T19:54:04.251Z","ask"
"15.3","10","2024-05-27T19:54:04.251Z","ask"
"15.752","5.845","2024-05-27T19:54:04.251Z","ask"
"15.764","2.788","2024-05-27T19:54:04.251Z","ask"
"16","2.369","2024-05-27T19:54:04.251Z","ask"
"16.64","239.589","2024-05-27T19:54:04.251Z","ask"
"19","25","2024-05-27T19:54:04.251Z","ask"
"20","21.353","2024-05-27T19:54:04.251Z","ask"
"20.031","13","2024-05-27T19:54:04.251Z","ask"
"20.4","20","2024-05-27T19:54:04.251Z","ask"
"21","1.156","2024-05-27T19:54:04.251Z","ask"
"21.456","2.788","2024-05-27T19:54:04.251Z","ask"
"22.5","2.33","2024-05-27T19:54:04.251Z","ask"
"23.23","8.55","2024-05-27T19:54:04.251Z","ask"
"24","129.092","2024-05-27T19:54:04.251Z","ask"
"24.95","5","2024-05-27T19:54:04.251Z","ask"
"25","2","2024-05-27T19:54:04.251Z","ask"
"25.5","20","2024-05-27T19:54:04.251Z","ask"
"25.952","83.971","2024-05-27T19:54:04.251Z","ask"
"26","170.742","2024-05-27T19:54:04.251Z","ask"
"27.147","2.788","2024-05-27T19:54:04.251Z","ask"
"27.8","43.478","2024-05-27T19:54:04.251Z","ask"
"28","34.722","2024-05-27T19:54:04.251Z","ask"
"28.88","4","2024-05-27T19:54:04.251Z","ask"
"29","42.999","2024-05-27T19:54:04.251Z","ask"
"29.95","10","2024-05-27T19:54:04.251Z","ask"
"30","526.868","2024-05-27T19:54:04.251Z","ask"
"30.6","40","2024-05-27T19:54:04.251Z","ask"
"32","50","2024-05-27T19:54:04.251Z","ask"
"32.839","2.788","2024-05-27T19:54:04.251Z","ask"
"35","40","2024-05-27T19:54:04.251Z","ask"
"38","35","2024-05-27T19:54:04.251Z","ask"
"38.53","2.788","2024-05-27T19:54:04.251Z","ask"
"39","0.995","2024-05-27T19:54:04.251Z","ask"
"40","174.247","2024-05-27T19:54:04.251Z","ask"
"44","2.33","2024-05-27T19:54:04.251Z","ask"
"44.222","2.788","2024-05-27T19:54:04.251Z","ask"
"45","310.912","2024-05-27T19:54:04.251Z","ask"
"49","59.467","2024-05-27T19:54:04.251Z","ask"
"49.913","2.788","2024-05-27T19:54:04.251Z","ask"
"49.95","5","2024-05-27T19:54:04.251Z","ask"
"50","1.535","2024-05-27T19:54:04.251Z","ask"
"51.9","35","2024-05-27T19:54:04.251Z","ask"
"51.904","13.971","2024-05-27T19:54:04.251Z","ask"
"52","170.743","2024-05-27T19:54:04.251Z","ask"
"55","35","2024-05-27T19:54:04.251Z","ask"
"55.605","2.794","2024-05-27T19:54:04.251Z","ask"
"80","0.554","2024-05-27T19:54:04.251Z","ask"
"94","4.711","2024-05-27T19:54:04.251Z","ask"
"95","10","2024-05-27T19:54:04.251Z","ask"
"99.99","50","2024-05-27T19:54:04.251Z","ask"
"100","650","2024-05-27T19:54:04.251Z","ask"
"124.682","0.824","2024-05-27T19:54:04.251Z","ask"
"125","8","2024-05-27T19:54:04.251Z","ask"
"137","0.5","2024-05-27T19:54:04.251Z","ask"
"145","205.852","2024-05-27T19:54:04.251Z","ask"
"150","1.658","2024-05-27T19:54:04.251Z","ask"
"200","1.685","2024-05-27T19:54:04.251Z","ask"
"500","1.848","2024-05-27T19:54:04.251Z","ask"
"915","1","2024-05-27T19:54:04.251Z","ask"
"9999","228.675","2024-05-27T19:54:04.251Z","ask"
"2.856","219.922","2024-05-27T19:54:04.251Z","bid"
"2.855","7.564","2024-05-27T19:54:04.251Z","bid"
"2.854","280.274","2024-05-27T19:54:04.251Z","bid"
"2.853","419.12","2024-05-27T19:54:04.251Z","bid"
"2.852","278.505","2024-05-27T19:54:04.251Z","bid"
"2.85","12.371","2024-05-27T19:54:04.251Z","bid"
"2.849","8.035","2024-05-27T19:54:04.251Z","bid"
"2.848","393.688","2024-05-27T19:54:04.251Z","bid"
"2.844","49.482","2024-05-27T19:54:04.251Z","bid"
"2.843","69.61","2024-05-27T19:54:04.251Z","bid"
"2.841","30.191","2024-05-27T19:54:04.251Z","bid"
"2.84","1785.997","2024-05-27T19:54:04.251Z","bid"
"2.839","787.655","2024-05-27T19:54:04.251Z","bid"
"2.836","1.861","2024-05-27T19:54:04.251Z","bid"
"2.834","14.93","2024-05-27T19:54:04.251Z","bid"
"2.833","23.287","2024-05-27T19:54:04.251Z","bid"
"2.832","31.057","2024-05-27T19:54:04.251Z","bid"
"2.827","123.706","2024-05-27T19:54:04.251Z","bid"
"2.826","15.426","2024-05-27T19:54:04.251Z","bid"
"2.825","1337.245","2024-05-27T19:54:04.251Z","bid"
"2.82","809.496","2024-05-27T19:54:04.251Z","bid"
"2.819","23.402","2024-05-27T19:54:04.251Z","bid"
"2.818","46.815","2024-05-27T19:54:04.251Z","bid"
"2.812","154.633","2024-05-27T19:54:04.251Z","bid"
"2.808","0.8","2024-05-27T19:54:04.251Z","bid"
"2.796","0.474","2024-05-27T19:54:04.251Z","bid"
"2.795","185.559","2024-05-27T19:54:04.251Z","bid"
"2.794","178.9","2024-05-27T19:54:04.251Z","bid"
"2.793","16.699","2024-05-27T19:54:04.251Z","bid"
"2.792","1458.726","2024-05-27T19:54:04.251Z","bid"
"2.782","9.175","2024-05-27T19:54:04.251Z","bid"
"2.768","0.8","2024-05-27T19:54:04.251Z","bid"
"2.767","3.587","2024-05-27T19:54:04.251Z","bid"
"2.766","29.895","2024-05-27T19:54:04.251Z","bid"
"2.75","25","2024-05-27T19:54:04.251Z","bid"
"2.696","0.143","2024-05-27T19:54:04.251Z","bid"
"2.683","3.6","2024-05-27T19:54:04.251Z","bid"
"2.678","18.493","2024-05-27T19:54:04.251Z","bid"
"2.671","15.095","2024-05-27T19:54:04.251Z","bid"
"2.67","74.494","2024-05-27T19:54:04.251Z","bid"
"2.651","8.676","2024-05-27T19:54:04.251Z","bid"
"2.65","75.06","2024-05-27T19:54:04.251Z","bid"
"2.621","7.55","2024-05-27T19:54:04.251Z","bid"
"2.611","0.479","2024-05-27T19:54:04.251Z","bid"
"2.604","6.276","2024-05-27T19:54:04.251Z","bid"
"2.598","6.276","2024-05-27T19:54:04.251Z","bid"
"2.589","6.276","2024-05-27T19:54:04.251Z","bid"
"2.492","11.998","2024-05-27T19:54:04.251Z","bid"
"2.485","3.826","2024-05-27T19:54:04.251Z","bid"
"2.437","3.814","2024-05-27T19:54:04.251Z","bid"
"2.429","2.5","2024-05-27T19:54:04.251Z","bid"
"2.37","11.569","2024-05-27T19:54:04.251Z","bid"
"2.28","219.298","2024-05-27T19:54:04.251Z","bid"
"2.26","20.014","2024-05-27T19:54:04.251Z","bid"
"2.25","133.333","2024-05-27T19:54:04.251Z","bid"
"2.23","2.57","2024-05-27T19:54:04.251Z","bid"
"2.228","4.489","2024-05-27T19:54:04.251Z","bid"
"2.216","4.487","2024-05-27T19:54:04.251Z","bid"
"2.211","22.611","2024-05-27T19:54:04.251Z","bid"
"2.21","603","2024-05-27T19:54:04.251Z","bid"
"2.2","6.818","2024-05-27T19:54:04.251Z","bid"
"2.18","2.62","2024-05-27T19:54:04.251Z","bid"
"2.15","69.209","2024-05-27T19:54:04.251Z","bid"
"2.14","2.67","2024-05-27T19:54:04.251Z","bid"
"2.13","467.605","2024-05-27T19:54:04.251Z","bid"
"2.103","2.5","2024-05-27T19:54:04.251Z","bid"
"2.1","744.49","2024-05-27T19:54:04.251Z","bid"
"2.024","7.72","2024-05-27T19:54:04.251Z","bid"
"2","30.445","2024-05-27T19:54:04.251Z","bid"
"1.9","18.362","2024-05-27T19:54:04.251Z","bid"
"1.868","8.365","2024-05-27T19:54:04.251Z","bid"
"1.8","11.095","2024-05-27T19:54:04.251Z","bid"
"1.776","2.5","2024-05-27T19:54:04.251Z","bid"
"1.75","500","2024-05-27T19:54:04.251Z","bid"
"1.712","9.127","2024-05-27T19:54:04.251Z","bid"
"1.7","8.823","2024-05-27T19:54:04.251Z","bid"
"1.6","9.375","2024-05-27T19:54:04.251Z","bid"
"1.557","10.036","2024-05-27T19:54:04.251Z","bid"
"1.5","10","2024-05-27T19:54:04.251Z","bid"
"1.45","2.5","2024-05-27T19:54:04.251Z","bid"
"1.401","11.153","2024-05-27T19:54:04.251Z","bid"
"1.4","10.714","2024-05-27T19:54:04.251Z","bid"
"1.3","15.363","2024-05-27T19:54:04.251Z","bid"
"1.25","2000","2024-05-27T19:54:04.251Z","bid"
"1.245","12.551","2024-05-27T19:54:04.251Z","bid"
"1.2","12.5","2024-05-27T19:54:04.251Z","bid"
"1.123","2.5","2024-05-27T19:54:04.251Z","bid"
"1.1","13.636","2024-05-27T19:54:04.251Z","bid"
"1.09","14.335","2024-05-27T19:54:04.251Z","bid"
"1.08","500","2024-05-27T19:54:04.251Z","bid"
"1","15","2024-05-27T19:54:04.251Z","bid"
"0.934","16.73","2024-05-27T19:54:04.251Z","bid"
"0.9","16.666","2024-05-27T19:54:04.251Z","bid"
"0.83","24.096","2024-05-27T19:54:04.251Z","bid"
"0.8","18.75","2024-05-27T19:54:04.251Z","bid"
"0.778","20.084","2024-05-27T19:54:04.251Z","bid"
"0.7","21.428","2024-05-27T19:54:04.251Z","bid"
"0.6","25","2024-05-27T19:54:04.251Z","bid"
"0.58","2500","2024-05-27T19:54:04.251Z","bid"
"0.5","30","2024-05-27T19:54:04.251Z","bid"
"0.4","37.5","2024-05-27T19:54:04.251Z","bid"
"0.3","50","2024-05-27T19:54:04.251Z","bid"
"2.858","387.263","2024-05-27T19:54:04.250Z","ask"