"price","volume","time","side","orderType"
"2.85800000","2.73100000","2024-05-27T19:54:03.272Z","sell","maker"
"2.85800000","1.28900000","2024-05-27T19:54:00.608Z","sell","maker"
"2.85800000","2.34600000","2024-05-27T19:53:58.030Z","sell","maker"
"2.85800000","3.10500000","2024-05-27T19:53:50.718Z","sell","maker"
"2.85800000","2.48100000","2024-05-27T19:53:48.034Z","sell","maker"
"2.85800000","3.43300000","2024-05-27T19:53:45.774Z","sell","maker"
"2.85800000","3.02400000","2024-05-27T19:53:42.027Z","sell","maker"
"2.85800000","2.54200000","2024-05-27T19:53:40.013Z","sell","maker"
"2.85800000","1.42400000","2024-05-27T19:53:38.023Z","sell","maker"
"2.85800000","13.63600000","2024-05-27T19:53:35.008Z","sell","maker"
"2.85800000","2.59200000","2024-05-27T19:53:34.969Z","sell","maker"
"2.85800000","0.70000000","2024-05-27T19:53:34.756Z","sell","maker"
"2.85800000","5.38500000","2024-05-27T19:53:34.259Z","sell","maker"
"2.85800000","3.72700000","2024-05-27T19:53:32.283Z","sell","maker"
"2.85800000","1.75000000","2024-05-27T19:53:29.525Z","sell","maker"
"2.85800000","1.64900000","2024-05-27T19:53:23.769Z","sell","maker"
"2.85800000","3.43200000","2024-05-27T19:53:19.881Z","sell","maker"
"2.85800000","1.19100000","2024-05-27T19:53:16.278Z","sell","maker"
"2.85800000","1.12200000","2024-05-27T19:53:13.114Z","sell","maker"
"2.85800000","3.78700000","2024-05-27T19:52:08.407Z","sell","maker"
"2.85800000","1.07100000","2024-05-27T19:52:04.908Z","sell","maker"
"2.85800000","6.24800000","2024-05-27T19:52:04.823Z","sell","maker"
"2.85900000","58.80300000","2024-05-27T19:52:04.747Z","buy","maker"
"2.86300000","29.40100000","2024-05-27T19:52:04.747Z","buy","maker"
"2.86400000","8.00000000","2024-05-27T19:52:04.747Z","buy","maker"
"2.86500000","14.70100000","2024-05-27T19:52:04.747Z","buy","maker"
"2.86600000","7.35000000","2024-05-27T19:52:04.747Z","buy","maker"
"2.85800000","24.00000000","2024-05-27T19:51:59.024Z","sell","maker"
"2.85800000","24.00000000","2024-05-27T19:51:59.019Z","sell","maker"
"2.85800000","24.00000000","2024-05-27T19:51:59.015Z","sell","maker"
"2.85800000","22.26300000","2024-05-27T19:51:59.009Z","sell","maker"
"2.85800000","24.00000000","2024-05-27T19:51:58.971Z","sell","maker"
"2.85800000","2.94100000","2024-05-27T19:51:57.290Z","sell","maker"
"2.85800000","3.38600000","2024-05-27T19:51:54.796Z","sell","maker"
"2.85800000","16.38900000","2024-05-27T19:51:48.022Z","sell","maker"
"2.85800000","17.91300000","2024-05-27T19:51:46.266Z","sell","maker"
"2.85800000","35.09800000","2024-05-27T19:51:46.031Z","sell","maker"
"2.85800000","53.68000000","2024-05-27T19:51:45.867Z","sell","maker"
"2.85300000","66.53100000","2024-05-27T19:51:10.903Z","buy","maker"
"2.85400000","8.00000000","2024-05-27T19:51:10.903Z","buy","maker"
"2.85500000","13.62300000","2024-05-27T19:51:10.903Z","buy","maker"
"2.85500000","1.84600000","2024-05-27T19:51:10.903Z","buy","maker"
"2.86100000","4.32500000","2024-05-27T19:50:24.261Z","buy","maker"
"2.86300000","1.61300000","2024-05-27T19:50:21.450Z","buy","maker"
"2.86300000","10.86100000","2024-05-27T19:50:21.337Z","buy","maker"
"2.89500000","559.75100000","2024-05-27T19:33:09.804Z","sell","maker"
"2.89400000","8.00000000","2024-05-27T19:33:09.804Z","sell","maker"
"2.89900000","192.69700000","2024-05-27T19:27:53.315Z","sell","maker"
"2.89800000","282.49500000","2024-05-27T19:27:53.315Z","sell","maker"
"2.89800000","22.39400000","2024-05-27T19:27:53.315Z","sell","maker"
"2.89600000","161.21000000","2024-05-27T19:27:53.315Z","sell","maker"
"2.89500000","36.63300000","2024-05-27T19:27:53.315Z","sell","maker"
"2.89500000","11.19700000","2024-05-27T19:27:53.315Z","sell","maker"
"2.89400000","14.74400000","2024-05-27T19:27:53.315Z","sell","maker"
"2.89400000","8.00000000","2024-05-27T19:27:53.315Z","sell","maker"
"2.88100000","132.06900000","2024-05-27T19:25:21.504Z","buy","maker"
"2.88100000","180.24700000","2024-05-27T19:25:21.504Z","buy","maker"
"2.88200000","8.00000000","2024-05-27T19:25:21.504Z","buy","maker"
"2.88200000","16.38400000","2024-05-27T19:25:21.504Z","buy","maker"
"2.89500000","15.59000000","2024-05-27T19:15:05.527Z","sell","maker"
"2.89500000","8.00000000","2024-05-27T19:15:05.527Z","sell","maker"
"2.89500000","11.31000000","2024-05-27T19:15:05.527Z","sell","maker"
"2.90000000","19.50000000","2024-05-27T19:05:27.011Z","sell","maker"
"2.89600000","3.05900000","2024-05-27T18:59:03.508Z","buy","maker"
"2.89300000","22.26300000","2024-05-27T18:56:01.258Z","buy","maker"
"2.90500000","36.28300000","2024-05-27T18:48:49.872Z","sell","maker"
"2.90400000","24.00000000","2024-05-27T18:48:49.872Z","sell","maker"
"2.90400000","8.00000000","2024-05-27T18:48:49.872Z","sell","maker"
"2.90100000","68.23500000","2024-05-27T18:46:05.664Z","buy","maker"
"2.91200000","13.00000000","2024-05-27T18:43:28.911Z","sell","maker"
"2.89900000","6.84500000","2024-05-27T18:43:28.576Z","buy","maker"
"2.90000000","24.00000000","2024-05-27T18:43:28.576Z","buy","maker"
"2.90000000","24.00000000","2024-05-27T18:43:28.558Z","buy","maker"
"2.90100000","105.03600000","2024-05-27T18:43:28.444Z","sell","maker"
"2.90000000","23.41800000","2024-05-27T18:43:28.444Z","sell","maker"
"2.89900000","11.59200000","2024-05-27T18:43:28.444Z","sell","maker"
"2.89900000","24.00000000","2024-05-27T18:43:28.444Z","sell","maker"
"2.89900000","25.95400000","2024-05-27T18:43:28.444Z","sell","maker"
"2.89900000","147.36900000","2024-05-27T18:43:28.356Z","sell","maker"
"2.89900000","11.70900000","2024-05-27T18:43:28.356Z","sell","maker"
"2.89800000","8.00000000","2024-05-27T18:43:28.356Z","sell","maker"
"2.89400000","37.92200000","2024-05-27T18:43:28.356Z","sell","maker"
"2.89200000","134.07000000","2024-05-27T18:34:34.490Z","sell","maker"
"2.89000000","22.25100000","2024-05-27T18:34:34.490Z","sell","maker"
"2.88900000","24.00000000","2024-05-27T18:34:34.490Z","sell","maker"
"2.89000000","1.89100000","2024-05-27T18:34:34.463Z","sell","maker"
"2.88900000","156.61300000","2024-05-27T18:34:34.463Z","sell","maker"
"2.88900000","54.96800000","2024-05-27T18:34:34.463Z","sell","maker"
"2.88800000","12.07100000","2024-05-27T18:34:34.463Z","sell","maker"
"2.88600000","119.45700000","2024-05-27T18:34:34.463Z","sell","maker"
"2.88600000","53.25000000","2024-05-27T18:34:34.463Z","sell","maker"
"2.88500000","8.00000000","2024-05-27T18:34:34.463Z","sell","maker"
"2.88500000","24.00000000","2024-05-27T18:34:34.463Z","sell","maker"
"2.88000000","12.19300000","2024-05-27T18:17:40.757Z","sell","maker"
"2.87900000","12.31600000","2024-05-27T18:17:40.498Z","sell","maker"
"2.87800000","109.93300000","2024-05-27T18:10:47.264Z","buy","maker"
"2.87800000","13.64200000","2024-05-27T18:10:47.264Z","buy","maker"
"2.87900000","20.63600000","2024-05-27T18:10:47.264Z","buy","maker"
"2.88000000","9.22100000","2024-05-27T18:10:47.264Z","buy","maker"
"2.88500000","3.06000000","2024-05-27T18:06:24.009Z","buy","maker"
"2.88500000","12.44000000","2024-05-27T18:06:24.004Z","sell","maker"
"2.88300000","12.56600000","2024-05-27T18:06:21.908Z","sell","maker"
"2.88200000","12.69300000","2024-05-27T17:52:57.152Z","sell","maker"
"2.88100000","9.93900000","2024-05-27T17:49:51.109Z","sell","maker"
"2.89100000","12.82100000","2024-05-27T17:46:26.720Z","sell","maker"
"2.88400000","7.45600000","2024-05-27T17:45:33.450Z","buy","maker"
"2.87900000","3.61100000","2024-05-27T17:43:24.911Z","buy","maker"
"2.88000000","8.00000000","2024-05-27T17:43:24.911Z","buy","maker"
"2.88000000","22.93100000","2024-05-27T17:43:24.911Z","buy","maker"
"2.87500000","371.23300000","2024-05-27T17:43:14.721Z","buy","maker"
"2.87500000","4.05300000","2024-05-27T17:43:14.721Z","buy","maker"
"2.87600000","22.64700000","2024-05-27T17:43:14.721Z","buy","maker"
"2.87700000","282.19800000","2024-05-27T17:43:14.721Z","buy","maker"
"2.87700000","11.32300000","2024-05-27T17:43:14.721Z","buy","maker"
"2.88000000","470.82500000","2024-05-27T17:43:14.721Z","buy","maker"
"2.88000000","5.66200000","2024-05-27T17:43:14.721Z","buy","maker"
"2.88100000","200.00000000","2024-05-27T17:43:14.721Z","buy","maker"
"2.88400000","180.06000000","2024-05-27T17:43:14.721Z","buy","maker"
"2.88400000","12.04400000","2024-05-27T17:43:14.721Z","buy","maker"
"2.88500000","43.06000000","2024-05-27T17:43:14.721Z","buy","maker"
"2.88600000","8.00000000","2024-05-27T17:43:14.721Z","buy","maker"
"2.88600000","22.93100000","2024-05-27T17:43:14.721Z","buy","maker"
"2.89500000","22.26300000","2024-05-27T17:41:50.261Z","sell","maker"
"2.88700000","132.68800000","2024-05-27T17:41:45.946Z","buy","maker"
"2.88800000","469.59600000","2024-05-27T17:41:45.946Z","buy","maker"
"2.88900000","283.00800000","2024-05-27T17:41:45.946Z","buy","maker"
"2.88900000","24.35200000","2024-05-27T17:41:45.946Z","buy","maker"
"2.89100000","12.17600000","2024-05-27T17:41:45.946Z","buy","maker"
"2.89200000","187.71300000","2024-05-27T17:41:45.946Z","buy","maker"
"2.89200000","6.08800000","2024-05-27T17:41:45.946Z","buy","maker"
"2.89200000","200.00000000","2024-05-27T17:41:45.946Z","buy","maker"
"2.89300000","179.57000000","2024-05-27T17:41:45.946Z","buy","maker"
"2.89400000","84.58200000","2024-05-27T17:41:45.946Z","buy","maker"
"2.89500000","24.00000000","2024-05-27T17:41:45.946Z","buy","maker"
"2.89600000","8.00000000","2024-05-27T17:41:45.946Z","buy","maker"
"2.89600000","22.26300000","2024-05-27T17:41:45.946Z","buy","maker"
"2.90400000","92.00000000","2024-05-27T17:38:19.447Z","sell","maker"
"2.90300000","8.00000000","2024-05-27T17:38:19.447Z","sell","maker"
"2.90500000","50.00000000","2024-05-27T17:37:18.519Z","sell","maker"
"2.90400000","8.00000000","2024-05-27T17:37:18.519Z","sell","maker"
"2.90400000","24.00000000","2024-05-27T17:37:18.519Z","sell","maker"
"2.90000000","1.19600000","2024-05-27T17:36:30.756Z","sell","maker"
"2.90800000","8.48500000","2024-05-27T17:35:37.423Z","sell","maker"
"2.90700000","50.81000000","2024-05-27T17:34:28.492Z","buy","maker"
"2.90700000","171.45400000","2024-05-27T17:34:28.487Z","buy","maker"
"2.90700000","3.12500000","2024-05-27T17:34:16.460Z","buy","maker"
"2.90700000","1.63200000","2024-05-27T17:34:13.675Z","buy","maker"
"2.90700000","0.93800000","2024-05-27T17:34:10.395Z","buy","maker"
"2.90700000","1.62500000","2024-05-27T17:34:07.258Z","buy","maker"
"2.90700000","4.08400000","2024-05-27T17:34:04.359Z","buy","maker"
"2.90700000","3.22800000","2024-05-27T17:33:59.053Z","buy","maker"
"2.90700000","1.81100000","2024-05-27T17:33:56.373Z","buy","maker"
"2.90700000","2.69500000","2024-05-27T17:33:52.114Z","buy","maker"
"2.90700000","1.63600000","2024-05-27T17:33:49.928Z","buy","maker"
"2.90700000","24.74000000","2024-05-27T17:33:49.365Z","sell","maker"
"2.90700000","359.88500000","2024-05-27T17:33:49.365Z","sell","maker"
"2.90600000","282.17700000","2024-05-27T17:33:49.365Z","sell","maker"
"2.90600000","12.37000000","2024-05-27T17:33:49.365Z","sell","maker"
"2.90500000","179.72400000","2024-05-27T17:33:49.365Z","sell","maker"
"2.90400000","8.00000000","2024-05-27T17:33:49.365Z","sell","maker"
"2.90300000","24.00000000","2024-05-27T17:33:49.365Z","sell","maker"
"2.89900000","100.81700000","2024-05-27T17:33:01.616Z","buy","maker"
"2.89900000","12.75500000","2024-05-27T17:33:01.600Z","sell","maker"
"2.89900000","179.85600000","2024-05-27T17:33:01.600Z","sell","maker"
"2.89900000","25.76800000","2024-05-27T17:33:01.600Z","sell","maker"
"2.89900000","150.00000000","2024-05-27T17:32:42.640Z","sell","maker"
"2.89900000","4.67100000","2024-05-27T17:32:24.508Z","sell","maker"
"2.89900000","1.03400000","2024-05-27T17:32:23.510Z","sell","maker"
"2.89900000","3.67400000","2024-05-27T17:32:23.272Z","sell","maker"
"2.89800000","12.88400000","2024-05-27T17:32:20.260Z","sell","maker"
"2.89600000","22.26300000","2024-05-27T17:32:18.278Z","buy","maker"
"2.88800000","0.35900000","2024-05-27T17:27:50.519Z","buy","maker"
"2.89300000","13.01400000","2024-05-27T17:23:48.520Z","sell","maker"
"2.89200000","20.02200000","2024-05-27T17:19:24.122Z","buy","maker"
"2.89300000","5.66300000","2024-05-27T17:19:24.122Z","buy","maker"
"2.89100000","34.39500000","2024-05-27T17:15:44.606Z","buy","maker"
"2.89000000","693.33500000","2024-05-27T17:15:34.398Z","buy","maker"
"2.89300000","200.00000000","2024-05-27T17:15:34.398Z","buy","maker"
"2.89600000","179.38600000","2024-05-27T17:15:34.398Z","buy","maker"
"2.89600000","6.44200000","2024-05-27T17:15:34.398Z","buy","maker"
"2.89600000","10.19400000","2024-05-27T17:15:34.398Z","buy","maker"
"2.89500000","0.20200000","2024-05-27T17:13:49.226Z","buy","maker"
"2.88500000","560.85700000","2024-05-27T17:07:36.341Z","buy","maker"
"2.88600000","10.31500000","2024-05-27T17:07:36.341Z","buy","maker"
"2.88700000","5.15800000","2024-05-27T17:07:36.341Z","buy","maker"
"2.89200000","30.51500000","2024-05-27T17:07:36.341Z","buy","maker"
"2.89800000","178.96200000","2024-05-27T17:07:36.341Z","buy","maker"
"2.89900000","279.84000000","2024-05-27T17:07:36.341Z","buy","maker"
"2.89900000","186.83000000","2024-05-27T17:07:36.341Z","buy","maker"
"2.89900000","200.00000000","2024-05-27T17:07:36.341Z","buy","maker"
"2.90500000","6.96800000","2024-05-27T17:07:32.477Z","sell","maker"
"2.89300000","15.63100000","2024-05-27T17:07:23.497Z","buy","maker"
"2.89400000","68.91200000","2024-05-27T17:07:23.497Z","buy","maker"
"2.89700000","22.85600000","2024-05-27T17:07:23.497Z","buy","maker"
"2.89800000","713.86800000","2024-05-27T17:07:23.497Z","buy","maker"
"2.89900000","11.42800000","2024-05-27T17:07:23.497Z","buy","maker"
"2.90000000","5.71400000","2024-05-27T17:07:23.497Z","buy","maker"
"2.90100000","357.88400000","2024-05-27T17:07:23.497Z","buy","maker"
"2.90500000","178.72000000","2024-05-27T17:07:23.497Z","buy","maker"
"2.90600000","280.25200000","2024-05-27T17:07:23.497Z","buy","maker"
"2.90600000","200.00000000","2024-05-27T17:07:23.497Z","buy","maker"
"2.90700000","23.12500000","2024-05-27T17:07:23.497Z","buy","maker"
"2.90800000","58.24600000","2024-05-27T17:07:23.497Z","buy","maker"
"2.90500000","45.23300000","2024-05-27T17:04:55.582Z","buy","maker"
"2.90600000","23.12500000","2024-05-27T17:04:55.582Z","buy","maker"
"2.90600000","10.14700000","2024-05-27T17:04:55.582Z","buy","maker"
"2.90700000","280.52700000","2024-05-27T17:04:55.582Z","buy","maker"
"2.90700000","178.79800000","2024-05-27T17:04:55.582Z","buy","maker"
"2.90700000","186.60500000","2024-05-27T17:04:55.582Z","buy","maker"
"2.90800000","18.08900000","2024-05-27T17:01:39.670Z","buy","maker"
"2.91500000","4.90200000","2024-05-27T16:55:25.011Z","buy","maker"
"2.91500000","12.49800000","2024-05-27T16:55:25.007Z","sell","maker"
"2.90700000","34.24500000","2024-05-27T16:53:36.236Z","buy","maker"
"2.90300000","17.90700000","2024-05-27T16:53:26.227Z","buy","maker"
"2.90300000","16.32600000","2024-05-27T16:53:26.227Z","buy","maker"
"2.90300000","1.38500000","2024-05-27T16:53:25.807Z","buy","maker"
"2.90300000","1.38500000","2024-05-27T16:53:25.302Z","buy","maker"
"2.90700000","15.13300000","2024-05-27T16:53:16.211Z","buy","maker"
"2.90700000","19.09600000","2024-05-27T16:53:16.211Z","buy","maker"
"2.91300000","18.87200000","2024-05-27T16:53:06.347Z","sell","maker"
"2.91100000","12.81500000","2024-05-27T16:53:06.313Z","buy","maker"
"2.91400000","12.94400000","2024-05-27T16:53:06.167Z","sell","maker"
"2.89500000","23.28500000","2024-05-27T16:53:06.027Z","buy","maker"
"2.89800000","68.56900000","2024-05-27T16:53:06.027Z","buy","maker"
"2.90100000","54.85500000","2024-05-27T16:53:06.027Z","buy","maker"
"2.90500000","714.13900000","2024-05-27T16:53:06.027Z","buy","maker"
"2.90600000","466.39300000","2024-05-27T16:53:06.027Z","buy","maker"
"2.90600000","357.32500000","2024-05-27T16:53:06.027Z","buy","maker"
"2.90800000","27.42700000","2024-05-27T16:53:06.027Z","buy","maker"
"2.90900000","6.85700000","2024-05-27T16:53:06.027Z","buy","maker"
"2.91000000","13.71400000","2024-05-27T16:53:06.027Z","buy","maker"
"2.91300000","178.42400000","2024-05-27T16:53:06.027Z","buy","maker"
"2.91400000","279.92300000","2024-05-27T16:53:06.027Z","buy","maker"
"2.91400000","200.00000000","2024-05-27T16:53:06.027Z","buy","maker"
"2.91500000","26.78100000","2024-05-27T16:53:06.027Z","buy","maker"
"2.91500000","19.09600000","2024-05-27T16:53:06.027Z","buy","maker"
"2.91700000","145.39300000","2024-05-27T16:53:06.027Z","buy","maker"
"2.91400000","12.07500000","2024-05-27T16:40:54.871Z","buy","maker"
"2.91400000","6.74300000","2024-05-27T16:40:54.871Z","buy","maker"
"2.91500000","8.00000000","2024-05-27T16:40:54.871Z","buy","maker"
"2.91700000","9.40700000","2024-05-27T16:40:54.871Z","buy","maker"
"2.91700000","48.30000000","2024-05-27T16:40:54.871Z","buy","maker"
"2.92300000","5.13100000","2024-05-27T16:32:09.550Z","buy","maker"
"2.91900000","25.85600000","2024-05-27T16:05:53.315Z","buy","maker"
"2.92100000","12.92800000","2024-05-27T16:05:53.315Z","buy","maker"
"2.92200000","6.46400000","2024-05-27T16:05:53.312Z","sell","maker"
"2.91800000","4.00900000","2024-05-27T16:05:53.260Z","sell","maker"
"2.91200000","75.90000000","2024-05-27T15:54:09.015Z","buy","maker"
"2.89800000","6.83200000","2024-05-27T15:34:00.216Z","sell","maker"
"2.89400000","3.11200000","2024-05-27T15:32:10.756Z","sell","maker"
"2.89100000","11.84000000","2024-05-27T15:27:28.706Z","buy","maker"
"2.89200000","11.96000000","2024-05-27T15:27:28.283Z","sell","maker"
"2.89100000","12.08100000","2024-05-27T15:27:28.209Z","buy","maker"
"2.89900000","1.54900000","2024-05-27T15:27:10.453Z","buy","maker"
"2.89900000","15.70000000","2024-05-27T15:26:38.508Z","buy","maker"
"2.90000000","8.00000000","2024-05-27T15:26:38.508Z","buy","maker"
"2.90100000","7.89800000","2024-05-27T15:26:36.437Z","sell","maker"
"2.90100000","9.62200000","2024-05-27T15:26:36.426Z","sell","maker"
"2.89300000","4.84800000","2024-05-27T15:05:15.027Z","sell","maker"
"2.88000000","13.62700000","2024-05-27T14:38:17.500Z","sell","maker"
"2.88000000","22.07300000","2024-05-27T14:38:17.500Z","sell","maker"
"2.87400000","22.07300000","2024-05-27T14:38:11.522Z","sell","maker"
"2.87400000","22.07300000","2024-05-27T14:38:11.506Z","sell","maker"
"2.87400000","22.07300000","2024-05-27T14:38:11.491Z","sell","maker"
"2.87300000","41.70200000","2024-05-27T14:38:02.675Z","buy","maker"
"2.87600000","22.07300000","2024-05-27T14:38:02.675Z","buy","maker"
"2.87600000","160.99700000","2024-05-27T14:38:02.675Z","buy","maker"
"2.87700000","45.22800000","2024-05-27T14:38:02.675Z","buy","maker"
"2.87700000","121.78000000","2024-05-27T14:38:02.616Z","buy","maker"
"2.87800000","8.00000000","2024-05-27T14:38:02.616Z","buy","maker"
"2.87800000","35.22000000","2024-05-27T14:38:02.616Z","buy","maker"
"2.90000000","19.43900000","2024-05-27T14:32:09.142Z","sell","maker"
"2.89900000","8.00000000","2024-05-27T14:32:09.142Z","sell","maker"
"2.89800000","24.00000000","2024-05-27T14:32:09.142Z","sell","maker"
"2.89800000","1.72700000","2024-05-27T14:31:08.796Z","sell","maker"
"2.89800000","24.00000000","2024-05-27T14:31:08.796Z","sell","maker"
"2.90600000","4.95200000","2024-05-27T14:21:59.523Z","sell","maker"
"2.90600000","34.38900000","2024-05-27T14:21:59.523Z","sell","maker"
"2.89200000","30.68700000","2024-05-27T13:56:18.496Z","buy","maker"
"2.89200000","3.73500000","2024-05-27T13:56:18.496Z","buy","maker"
"2.89200000","7.10800000","2024-05-27T13:55:58.459Z","buy","maker"
"2.89200000","16.72800000","2024-05-27T13:55:58.459Z","buy","maker"
"2.89300000","10.59500000","2024-05-27T13:55:58.459Z","buy","maker"
"2.89900000","160.00000000","2024-05-27T13:55:48.219Z","buy","maker"
"2.89100000","6.99000000","2024-05-27T13:41:56.460Z","buy","maker"
"2.89900000","15.63600000","2024-05-27T13:39:16.109Z","buy","maker"
"2.90000000","8.00000000","2024-05-27T13:39:16.109Z","buy","maker"
"2.90100000","12.70600000","2024-05-27T13:39:16.033Z","buy","maker"
"2.90200000","6.35300000","2024-05-27T13:39:16.033Z","buy","maker"
"2.89900000","4.27800000","2024-05-27T13:38:31.279Z","sell","maker"
"2.89400000","3.69500000","2024-05-27T13:37:23.038Z","sell","maker"
"2.88400000","43.96200000","2024-05-27T13:31:11.511Z","buy","maker"
"2.88400000","12.53800000","2024-05-27T13:31:11.511Z","buy","maker"
"2.88300000","6.52000000","2024-05-27T13:29:56.638Z","buy","maker"
"2.88400000","6.52000000","2024-05-27T13:29:56.638Z","buy","maker"
"2.88900000","95.87600000","2024-05-27T13:29:56.500Z","sell","maker"
"2.88900000","0.80000000","2024-05-27T13:29:56.500Z","sell","maker"
"2.88700000","92.26600000","2024-05-27T13:29:56.500Z","sell","maker"
"2.88600000","8.00000000","2024-05-27T13:29:56.500Z","sell","maker"
"2.88500000","15.52000000","2024-05-27T13:29:56.500Z","sell","maker"
"2.88400000","12.53800000","2024-05-27T13:29:56.500Z","sell","maker"
"2.87800000","4.00000000","2024-05-27T13:27:59.188Z","buy","maker"
"2.87800000","15.47900000","2024-05-27T13:27:59.188Z","buy","maker"
"2.87900000","6.72200000","2024-05-27T13:27:59.188Z","buy","maker"
"2.87900000","13.44400000","2024-05-27T13:27:59.188Z","buy","maker"
"2.88100000","12.39600000","2024-05-27T13:15:45.086Z","sell","maker"
"2.87700000","27.70000000","2024-05-27T13:10:18.928Z","buy","maker"
"2.86100000","3.40700000","2024-05-27T12:50:53.011Z","buy","maker"
"2.86200000","8.00000000","2024-05-27T12:50:53.011Z","buy","maker"
"2.86300000","14.49300000","2024-05-27T12:50:53.011Z","buy","maker"
"2.86400000","10.24300000","2024-05-27T12:50:50.932Z","sell","maker"
"2.85900000","54.41300000","2024-05-27T12:41:34.715Z","buy","maker"
"2.85900000","13.85900000","2024-05-27T12:41:34.715Z","buy","maker"
"2.86000000","17.20000000","2024-05-27T12:41:34.715Z","buy","maker"
"2.86000000","8.00000000","2024-05-27T12:41:34.715Z","buy","maker"
"2.86000000","6.93000000","2024-05-27T12:41:34.715Z","buy","maker"
"2.86200000","16.96400000","2024-05-27T11:45:43.559Z","sell","maker"
"2.86200000","12.35500000","2024-05-27T11:45:43.556Z","sell","maker"
"2.86200000","29.21100000","2024-05-27T11:45:43.528Z","sell","maker"
"2.85400000","89.47800000","2024-05-27T11:42:15.419Z","buy","maker"
"2.85500000","7.19700000","2024-05-27T11:42:15.419Z","buy","maker"
"2.85600000","177.72200000","2024-05-27T11:42:15.419Z","buy","maker"
"2.85700000","8.00000000","2024-05-27T11:42:15.419Z","buy","maker"
"2.85700000","8.00000000","2024-05-27T11:42:13.917Z","buy","maker"
"2.86000000","46.65800000","2024-05-27T11:40:52.158Z","buy","maker"
"2.86100000","1.84300000","2024-05-27T11:40:52.147Z","buy","maker"
"2.86200000","20.27200000","2024-05-27T11:40:52.147Z","buy","maker"
"2.86900000","50.00000000","2024-05-27T11:15:57.530Z","buy","maker"
"2.86300000","12.06800000","2024-05-27T11:03:23.015Z","buy","maker"
"2.86300000","14.28800000","2024-05-27T11:03:23.015Z","buy","maker"
"2.86400000","7.14400000","2024-05-27T11:03:23.015Z","buy","maker"
"2.86600000","16.88000000","2024-05-27T11:03:20.936Z","sell","maker"
"2.86800000","79.70000000","2024-05-27T10:57:09.917Z","sell","maker"
"2.86700000","26.50000000","2024-05-27T10:56:19.919Z","sell","maker"
"2.86500000","89.10300000","2024-05-27T10:05:16.320Z","buy","maker"
"2.87800000","35.52300000","2024-05-27T09:48:16.112Z","sell","maker"
"2.87700000","8.00000000","2024-05-27T09:48:16.112Z","sell","maker"
"2.86300000","3.66800000","2024-05-27T09:05:15.758Z","buy","maker"
"2.86300000","11.32200000","2024-05-27T09:05:15.758Z","buy","maker"
"2.86400000","7.01000000","2024-05-27T09:05:15.758Z","buy","maker"
"2.87000000","1.56900000","2024-05-27T09:00:48.622Z","sell","maker"
"2.87000000","11.05300000","2024-05-27T09:00:48.622Z","sell","maker"
"2.86900000","8.00000000","2024-05-27T09:00:48.622Z","sell","maker"
"2.86900000","11.32200000","2024-05-27T09:00:48.622Z","sell","maker"
"2.86700000","1.83900000","2024-05-27T08:49:42.541Z","buy","maker"
"2.87100000","1.83500000","2024-05-27T08:41:36.064Z","sell","maker"
"2.87100000","1.83000000","2024-05-27T08:41:34.464Z","sell","maker"
"2.87000000","1.82700000","2024-05-27T08:40:27.695Z","sell","maker"
"2.85400000","77.50000000","2024-05-27T08:08:57.928Z","buy","maker"
"2.85000000","2.21600000","2024-05-27T08:00:38.267Z","sell","maker"
"2.85000000","7.10500000","2024-05-27T08:00:38.253Z","sell","maker"
"2.85000000","24.00000000","2024-05-27T08:00:34.191Z","sell","maker"
"2.84400000","7.17600000","2024-05-27T08:00:23.278Z","sell","maker"
"2.84400000","7.24900000","2024-05-27T08:00:22.971Z","sell","maker"
"2.84400000","0.87000000","2024-05-27T08:00:22.880Z","sell","maker"
"2.84400000","7.47500000","2024-05-27T08:00:22.853Z","sell","maker"
"2.84400000","15.10000000","2024-05-27T08:00:22.833Z","sell","maker"
"2.84400000","7.55000000","2024-05-27T08:00:22.813Z","sell","maker"
"2.84400000","7.62600000","2024-05-27T08:00:19.692Z","sell","maker"
"2.84400000","7.70300000","2024-05-27T08:00:19.650Z","sell","maker"
"2.84400000","2.68700000","2024-05-27T08:00:19.471Z","sell","maker"
"2.84400000","7.78100000","2024-05-27T08:00:17.095Z","sell","maker"
"2.84400000","3.67100000","2024-05-27T08:00:16.958Z","sell","maker"
"2.84100000","6.88000000","2024-05-27T07:57:07.631Z","buy","maker"
"2.84100000","8.00000000","2024-05-27T07:57:07.631Z","buy","maker"
"2.84200000","35.53800000","2024-05-27T07:55:33.638Z","buy","maker"
"2.84300000","24.00000000","2024-05-27T07:55:33.638Z","buy","maker"
"2.84400000","62.46200000","2024-05-27T07:55:33.638Z","buy","maker"
"2.84500000","8.00000000","2024-05-27T07:55:33.638Z","buy","maker"
"2.85400000","11.00100000","2024-05-27T07:31:38.712Z","sell","maker"
"2.85400000","10.66100000","2024-05-27T07:31:38.640Z","sell","maker"
"2.85400000","12.61400000","2024-05-27T07:31:38.637Z","sell","maker"
"2.85400000","88.80400000","2024-05-27T07:31:38.636Z","sell","maker"
"2.86400000","2.37200000","2024-05-27T07:22:05.359Z","sell","maker"
"2.84500000","2.35000000","2024-05-27T07:17:46.559Z","buy","maker"
"2.84800000","0.80000000","2024-05-27T07:17:46.559Z","buy","maker"
"2.88100000","27.20000000","2024-05-27T06:37:25.520Z","sell","maker"
"2.88400000","142.67300000","2024-05-27T06:34:54.011Z","sell","maker"
"2.88400000","200.00000000","2024-05-27T06:34:54.011Z","sell","maker"
"2.88300000","13.62700000","2024-05-27T06:34:54.011Z","sell","maker"
"2.88300000","8.00000000","2024-05-27T06:34:54.011Z","sell","maker"
"2.87900000","8.00000000","2024-05-27T06:34:53.902Z","buy","maker"
"2.88900000","0.80000000","2024-05-27T06:29:04.610Z","sell","maker"
"2.88700000","1.24100000","2024-05-27T06:29:04.601Z","buy","maker"
"2.88800000","3.06600000","2024-05-27T06:29:04.580Z","sell","maker"
"2.88500000","7.20300000","2024-05-27T06:28:57.302Z","buy","maker"
"2.88700000","16.14300000","2024-05-27T06:28:57.302Z","buy","maker"
"2.88800000","8.07200000","2024-05-27T06:28:57.290Z","sell","maker"
"2.87500000","16.64600000","2024-05-27T06:27:43.442Z","buy","maker"
"2.87500000","8.49300000","2024-05-27T06:27:43.442Z","buy","maker"
"2.87600000","13.62700000","2024-05-27T06:27:10.117Z","buy","maker"
"2.87600000","16.98600000","2024-05-27T06:27:10.117Z","buy","maker"
"2.87700000","8.79600000","2024-05-27T06:21:41.736Z","buy","maker"
"2.87300000","3.96600000","2024-05-27T06:21:41.724Z","buy","maker"
"2.87400000","17.59300000","2024-05-27T06:21:41.724Z","buy","maker"
"2.87500000","13.62700000","2024-05-27T06:21:41.724Z","buy","maker"
"2.88100000","1.16100000","2024-05-27T06:21:41.622Z","sell","maker"
"2.88000000","13.83900000","2024-05-27T06:21:41.622Z","sell","maker"
"2.88200000","14.61400000","2024-05-27T06:21:41.580Z","sell","maker"
"2.88200000","19.17900000","2024-05-27T06:21:41.580Z","sell","maker"
"2.88100000","1.20700000","2024-05-27T06:21:41.580Z","sell","maker"
"2.88100000","8.38300000","2024-05-27T06:21:41.568Z","sell","maker"
"2.88000000","31.61700000","2024-05-27T06:21:41.568Z","sell","maker"
"2.87600000","20.35300000","2024-05-27T06:21:26.574Z","sell","maker"
"2.87400000","13.62700000","2024-05-27T06:21:26.574Z","sell","maker"
"2.87600000","20.89200000","2024-05-27T06:21:26.563Z","sell","maker"
"2.87500000","20.62300000","2024-05-27T06:21:26.563Z","sell","maker"
"2.87500000","10.31100000","2024-05-27T06:21:26.563Z","sell","maker"
"2.87300000","4.54700000","2024-05-27T06:21:26.563Z","sell","maker"
"2.87200000","13.62700000","2024-05-27T06:21:26.563Z","sell","maker"
"2.87300000","56.37300000","2024-05-27T06:21:26.551Z","sell","maker"
"2.87200000","13.62700000","2024-05-27T06:21:26.551Z","sell","maker"
"2.86800000","80.92500000","2024-05-27T06:21:06.378Z","sell","maker"
"2.87000000","18.03900000","2024-05-27T06:21:06.255Z","sell","maker"
"2.86900000","10.59800000","2024-05-27T06:21:06.255Z","sell","maker"
"2.86800000","157.73600000","2024-05-27T06:21:06.255Z","sell","maker"
"2.86800000","13.62700000","2024-05-27T06:21:06.255Z","sell","maker"
"2.85800000","106.07400000","2024-05-27T06:20:24.820Z","sell","maker"
"2.85800000","85.92600000","2024-05-27T06:20:24.820Z","sell","maker"
"2.85700000","8.00000000","2024-05-27T06:20:24.820Z","sell","maker"
"2.85700000","178.37300000","2024-05-27T06:20:04.167Z","sell","maker"
"2.85600000","8.00000000","2024-05-27T06:20:04.167Z","sell","maker"
"2.85600000","13.62700000","2024-05-27T06:20:04.167Z","sell","maker"
"2.85100000","77.76800000","2024-05-27T06:19:31.709Z","sell","maker"
"2.84900000","130.60500000","2024-05-27T06:19:31.709Z","sell","maker"
"2.84800000","8.00000000","2024-05-27T06:19:31.709Z","sell","maker"
"2.84800000","13.62700000","2024-05-27T06:19:31.709Z","sell","maker"
"2.84200000","1.37300000","2024-05-27T06:17:25.170Z","sell","maker"
"2.84100000","13.62700000","2024-05-27T06:17:25.170Z","sell","maker"
"2.83200000","12.93500000","2024-05-27T05:58:37.501Z","buy","maker"
"2.83200000","7.56500000","2024-05-27T05:58:37.501Z","buy","maker"
"2.84300000","55.13500000","2024-05-27T05:08:04.382Z","buy","maker"
"2.84400000","8.00000000","2024-05-27T05:08:04.382Z","buy","maker"
"2.84400000","13.62700000","2024-05-27T05:08:04.382Z","buy","maker"
"2.85800000","3.38600000","2024-05-27T04:16:41.295Z","buy","maker"
"2.85700000","6.74000000","2024-05-27T04:10:54.503Z","buy","maker"
"2.85700000","11.26000000","2024-05-27T04:10:54.503Z","buy","maker"
"2.87500000","23.99600000","2024-05-27T03:55:14.760Z","sell","maker"
"2.87400000","8.00000000","2024-05-27T03:55:14.760Z","sell","maker"
"2.87300000","2.75800000","2024-05-27T03:55:14.760Z","sell","maker"
"2.86300000","45.25600000","2024-05-27T03:54:16.506Z","sell","maker"
"2.86100000","11.31400000","2024-05-27T03:54:16.506Z","sell","maker"
"2.86000000","22.62800000","2024-05-27T03:54:16.506Z","sell","maker"
"2.85900000","98.45000000","2024-05-27T03:54:16.506Z","sell","maker"
"2.85900000","186.27000000","2024-05-27T03:54:16.504Z","sell","maker"
"2.85800000","18.73000000","2024-05-27T03:54:16.504Z","sell","maker"
"2.85900000","69.62000000","2024-05-27T03:54:16.447Z","sell","maker"
"2.85800000","8.00000000","2024-05-27T03:54:16.447Z","sell","maker"
"2.85800000","18.73000000","2024-05-27T03:54:16.447Z","sell","maker"
"2.84500000","115.00000000","2024-05-27T03:53:02.436Z","sell","maker"
"2.84200000","8.00000000","2024-05-27T03:53:02.435Z","sell","maker"
"2.84100000","18.73000000","2024-05-27T03:53:02.435Z","sell","maker"
"2.84300000","214.05400000","2024-05-27T03:52:15.046Z","buy","maker"
"2.84300000","13.96400000","2024-05-27T03:52:15.046Z","buy","maker"
"2.84400000","6.98200000","2024-05-27T03:52:15.046Z","buy","maker"
"2.84800000","0.80000000","2024-05-27T03:52:12.652Z","buy","maker"
"2.84900000","4.32500000","2024-05-27T03:52:12.652Z","buy","maker"
"2.86300000","30.98700000","2024-05-27T03:52:12.027Z","buy","maker"
"2.86700000","189.01300000","2024-05-27T03:52:12.027Z","buy","maker"
"2.86400000","24.69600000","2024-05-27T03:52:11.874Z","buy","maker"
"2.86600000","18.73000000","2024-05-27T03:52:11.874Z","buy","maker"
"2.86800000","13.93600000","2024-05-27T03:52:11.795Z","buy","maker"
"2.86800000","189.05000000","2024-05-27T03:52:11.795Z","buy","maker"
"2.86900000","141.13800000","2024-05-27T03:52:11.795Z","buy","maker"
"2.87000000","18.73000000","2024-05-27T03:52:11.795Z","buy","maker"
"2.86900000","39.88100000","2024-05-27T03:52:11.784Z","buy","maker"
"2.86900000","7.19300000","2024-05-27T03:52:11.784Z","buy","maker"
"2.87100000","70.19600000","2024-05-27T03:52:11.784Z","buy","maker"
"2.87200000","4.00000000","2024-05-27T03:52:11.784Z","buy","maker"
"2.87200000","18.73000000","2024-05-27T03:52:11.784Z","buy","maker"
"2.87300000","150.90700000","2024-05-27T03:51:32.871Z","buy","maker"
"2.87400000","8.00000000","2024-05-27T03:51:32.871Z","buy","maker"
"2.87500000","18.73000000","2024-05-27T03:51:32.871Z","buy","maker"
"2.87500000","7.36300000","2024-05-27T03:51:32.871Z","buy","maker"
"2.88500000","200.00000000","2024-05-27T03:51:21.125Z","buy","maker"
"2.88500000","11.00300000","2024-05-27T03:51:20.554Z","buy","maker"
"2.88500000","11.11400000","2024-05-27T03:51:20.519Z","buy","maker"
"2.88300000","168.27000000","2024-05-27T03:51:16.566Z","buy","maker"
"2.88300000","8.00000000","2024-05-27T03:51:16.566Z","buy","maker"
"2.88300000","18.73000000","2024-05-27T03:51:16.566Z","buy","maker"
"2.89300000","11.22700000","2024-05-27T03:51:15.869Z","sell","maker"
"2.89200000","7.02500000","2024-05-27T03:49:56.037Z","buy","maker"
"2.89200000","8.00000000","2024-05-27T03:49:55.520Z","buy","maker"
"2.89200000","18.73000000","2024-05-27T03:49:55.520Z","buy","maker"
"2.89600000","32.09300000","2024-05-27T03:47:25.490Z","sell","maker"
"2.89600000","11.34000000","2024-05-27T03:47:25.490Z","sell","maker"
"2.89500000","156.56700000","2024-05-27T03:47:25.490Z","sell","maker"
"2.89500000","2.74700000","2024-05-27T03:47:25.490Z","sell","maker"
"2.89500000","18.73000000","2024-05-27T03:47:25.490Z","sell","maker"
"2.89400000","8.00000000","2024-05-27T03:47:25.490Z","sell","maker"
"2.89300000","4.27800000","2024-05-27T03:47:25.490Z","sell","maker"
"2.88900000","0.80000000","2024-05-27T03:45:55.535Z","sell","maker"
"2.88100000","57.16600000","2024-05-27T03:27:58.877Z","buy","maker"
"2.88200000","8.00000000","2024-05-27T03:27:58.877Z","buy","maker"
"2.88600000","87.27000000","2024-05-27T03:27:22.876Z","sell","maker"
"2.88500000","4.00000000","2024-05-27T03:27:22.876Z","sell","maker"
"2.88500000","18.73000000","2024-05-27T03:27:22.876Z","sell","maker"
"2.88600000","48.27000000","2024-05-27T03:27:22.819Z","sell","maker"
"2.88500000","8.00000000","2024-05-27T03:27:22.819Z","sell","maker"
"2.88500000","18.73000000","2024-05-27T03:27:22.819Z","sell","maker"
"2.87400000","8.00000000","2024-05-27T03:20:48.076Z","sell","maker"
"2.86800000","11.45500000","2024-05-27T03:09:08.256Z","sell","maker"
"2.86200000","17.00000000","2024-05-27T02:57:18.232Z","buy","maker"
"2.86300000","8.00000000","2024-05-27T02:57:18.232Z","buy","maker"
"2.87000000","10.00000000","2024-05-27T02:54:03.174Z","sell","maker"
"2.86700000","2.00000000","2024-05-27T02:51:18.902Z","sell","maker"
"2.86600000","8.00000000","2024-05-27T02:51:18.902Z","sell","maker"
"2.87200000","23.12300000","2024-05-27T02:47:13.137Z","buy","maker"
"2.87200000","23.12300000","2024-05-27T02:47:13.122Z","buy","maker"
"2.87200000","23.12300000","2024-05-27T02:47:13.000Z","buy","maker"
"2.87600000","7.02700000","2024-05-27T02:47:07.532Z","sell","maker"
"2.87600000","40.00000000","2024-05-27T02:47:06.965Z","sell","maker"
"2.87500000","115.19800000","2024-05-27T02:47:06.871Z","sell","maker"
"2.87000000","39.87600000","2024-05-27T02:47:06.806Z","sell","maker"
"2.87000000","141.78300000","2024-05-27T02:47:06.806Z","sell","maker"
"2.87000000","16.87700000","2024-05-27T02:47:06.772Z","sell","maker"
"2.86800000","23.12300000","2024-05-27T02:47:06.772Z","sell","maker"
"2.87000000","25.31200000","2024-05-27T02:47:06.737Z","sell","maker"
"2.86800000","23.12300000","2024-05-27T02:47:06.737Z","sell","maker"
"2.86900000","1.55000000","2024-05-27T02:47:06.704Z","sell","maker"
"2.86900000","22.06800000","2024-05-27T02:47:06.702Z","sell","maker"
"2.86800000","8.00000000","2024-05-27T02:47:06.702Z","sell","maker"
"2.86600000","23.12300000","2024-05-27T02:47:06.702Z","sell","maker"
"2.86600000","11.80900000","2024-05-27T02:47:06.702Z","sell","maker"
"2.87600000","11.92800000","2024-05-27T02:41:12.019Z","sell","maker"
"2.87700000","2.84400000","2024-05-27T02:38:35.282Z","sell","maker"
"2.87600000","15.12300000","2024-05-27T02:38:35.282Z","sell","maker"
"2.87600000","8.00000000","2024-05-27T02:38:35.279Z","sell","maker"
"2.87500000","23.12300000","2024-05-27T02:38:35.268Z","sell","maker"
"2.87500000","12.07700000","2024-05-27T02:38:35.268Z","sell","maker"
"2.87500000","123.08000000","2024-05-27T02:38:30.587Z","buy","maker"
"2.87200000","12.19900000","2024-05-27T02:37:55.909Z","sell","maker"
"2.87200000","174.44700000","2024-05-27T02:37:55.909Z","sell","maker"
"2.87200000","8.00000000","2024-05-27T02:37:55.909Z","sell","maker"
"2.87200000","23.12300000","2024-05-27T02:37:55.909Z","sell","maker"
"2.84800000","29.10000000","2024-05-27T02:34:20.189Z","buy","maker"
"2.84800000","285.73200000","2024-05-27T02:34:19.089Z","buy","maker"
"2.84900000","21.02100000","2024-05-27T02:34:18.092Z","sell","maker"
"2.84900000","284.44800000","2024-05-27T02:34:18.087Z","sell","maker"
"2.85400000","189.84600000","2024-05-27T02:34:18.011Z","buy","maker"
"2.85600000","189.84600000","2024-05-27T02:34:15.903Z","buy","maker"
"2.85800000","190.51700000","2024-05-27T02:34:01.208Z","sell","maker"
"2.85800000","282.74300000","2024-05-27T02:34:01.115Z","sell","maker"
"2.85800000","181.74000000","2024-05-27T02:34:01.096Z","sell","maker"
"2.85800000","345.00000000","2024-05-27T02:34:01.057Z","sell","maker"
"2.85300000","20.00000000","2024-05-27T02:33:47.626Z","sell","maker"
"2.84000000","121.44000000","2024-05-27T02:33:47.475Z","sell","maker"
"2.84000000","299.00000000","2024-05-27T02:33:47.441Z","sell","maker"
"2.84000000","182.96200000","2024-05-27T02:33:47.411Z","sell","maker"
"2.84000000","200.00000000","2024-05-27T02:33:47.323Z","sell","maker"
"2.84000000","195.00000000","2024-05-27T02:33:47.313Z","sell","maker"
"2.84000000","1.59800000","2024-05-27T02:33:47.011Z","sell","maker"
"2.83100000","67.71300000","2024-05-27T02:33:34.501Z","sell","maker"
"2.83200000","12.66600000","2024-05-27T02:33:34.195Z","buy","maker"
"2.83200000","25.58800000","2024-05-27T02:33:34.195Z","buy","maker"
"2.83500000","6.33300000","2024-05-27T02:33:34.195Z","buy","maker"
"2.83700000","286.90600000","2024-05-27T02:33:33.098Z","buy","maker"
"2.83700000","200.00000000","2024-05-27T02:33:33.098Z","buy","maker"
"2.83800000","9.40600000","2024-05-27T02:33:33.098Z","buy","maker"
"2.83800000","17.27000000","2024-05-27T02:33:32.221Z","sell","maker"
"2.84000000","190.90700000","2024-05-27T02:33:31.999Z","buy","maker"
"2.84000000","183.12300000","2024-05-27T02:33:31.999Z","buy","maker"
"2.83700000","101.86000000","2024-05-27T02:33:22.275Z","sell","maker"
"2.83700000","6.39700000","2024-05-27T02:33:21.718Z","buy","maker"
"2.83800000","285.94300000","2024-05-27T02:33:21.718Z","buy","maker"
"2.83800000","200.00000000","2024-05-27T02:33:21.718Z","buy","maker"
"2.84300000","182.73500000","2024-05-27T02:33:19.801Z","sell","maker"
"2.84300000","1.63400000","2024-05-27T02:33:19.606Z","sell","maker"
"2.84700000","190.44400000","2024-05-27T02:33:19.512Z","buy","maker"
"2.84700000","31.02100000","2024-05-27T02:33:19.512Z","buy","maker"
"2.84500000","120.90000000","2024-05-27T02:33:07.129Z","buy","maker"
"2.84500000","200.00000000","2024-05-27T02:33:07.129Z","buy","maker"
"2.84700000","285.27400000","2024-05-27T02:33:06.022Z","buy","maker"
"2.84700000","182.55400000","2024-05-27T02:33:06.022Z","buy","maker"
"2.84800000","190.24400000","2024-05-27T02:33:06.022Z","buy","maker"
"2.84900000","21.02100000","2024-05-27T02:33:06.022Z","buy","maker"
"2.85700000","243.46100000","2024-05-27T02:32:51.688Z","sell","maker"
"2.85700000","21.02100000","2024-05-27T02:32:51.688Z","sell","maker"
"2.84900000","465.10000000","2024-05-27T02:32:51.688Z","sell","maker"
"2.84900000","155.00000000","2024-05-27T02:32:51.670Z","sell","maker"
"2.84900000","190.00000000","2024-05-27T02:32:51.667Z","sell","maker"
"2.84900000","190.00000000","2024-05-27T02:32:51.661Z","sell","maker"
"2.84700000","99.70000000","2024-05-27T02:32:39.099Z","buy","maker"
"2.84800000","2.40700000","2024-05-27T02:32:38.172Z","sell","maker"
"2.84800000","284.11200000","2024-05-27T02:32:38.010Z","buy","maker"
"2.84800000","200.00000000","2024-05-27T02:32:38.010Z","buy","maker"
"2.84800000","6.46200000","2024-05-27T02:32:38.010Z","buy","maker"
"2.84800000","182.23300000","2024-05-27T02:32:38.010Z","buy","maker"
"2.84900000","190.27500000","2024-05-27T02:32:38.010Z","buy","maker"
"2.85200000","52.57800000","2024-05-27T02:32:35.905Z","buy","maker"
"2.85100000","97.78800000","2024-05-27T02:32:08.099Z","buy","maker"
"2.85100000","189.97900000","2024-05-27T02:32:08.099Z","buy","maker"
"2.85200000","118.93300000","2024-05-27T02:32:08.099Z","buy","maker"
"2.85200000","283.25800000","2024-05-27T02:32:07.009Z","buy","maker"
"2.85200000","161.68100000","2024-05-27T02:32:07.009Z","buy","maker"
"2.85400000","189.95400000","2024-05-27T02:32:07.009Z","buy","maker"
"2.85500000","18.45300000","2024-05-27T02:32:07.009Z","buy","maker"
"2.85200000","38.31900000","2024-05-27T02:31:49.114Z","buy","maker"
"2.85200000","182.08100000","2024-05-27T02:31:49.114Z","buy","maker"
"2.85400000","364.31800000","2024-05-27T02:31:48.008Z","buy","maker"
"2.85500000","285.46000000","2024-05-27T02:31:48.008Z","buy","maker"
"2.85600000","189.86700000","2024-05-27T02:31:48.008Z","buy","maker"
"2.85600000","179.68700000","2024-05-27T02:31:33.134Z","buy","maker"
"2.85600000","200.00000000","2024-05-27T02:31:33.134Z","buy","maker"
"2.85700000","7.81300000","2024-05-27T02:31:33.134Z","buy","maker"
"2.85800000","282.79100000","2024-05-27T02:31:32.036Z","buy","maker"
"2.85800000","189.70300000","2024-05-27T02:31:32.036Z","buy","maker"
"2.85800000","200.00000000","2024-05-27T02:31:32.036Z","buy","maker"
"2.85800000","123.51100000","2024-05-27T02:31:15.111Z","buy","maker"
"2.85900000","199.98900000","2024-05-27T02:31:15.111Z","buy","maker"
"2.85900000","6.52700000","2024-05-27T02:31:14.160Z","sell","maker"
"2.85900000","6.59300000","2024-05-27T02:31:14.119Z","sell","maker"
"2.85900000","6.79700000","2024-05-27T02:31:14.077Z","sell","maker"
"2.85900000","13.59400000","2024-05-27T02:31:14.077Z","sell","maker"
"2.85900000","200.00000000","2024-05-27T02:31:14.012Z","buy","maker"
"2.86000000","6.29700000","2024-05-27T02:31:14.012Z","buy","maker"
"2.86100000","284.22500000","2024-05-27T02:31:14.012Z","buy","maker"
"2.86100000","189.25900000","2024-05-27T02:31:14.012Z","buy","maker"
"2.86100000","7.00700000","2024-05-27T02:31:14.012Z","buy","maker"
"2.86300000","14.01400000","2024-05-27T02:31:14.012Z","buy","maker"
"2.86500000","4.00000000","2024-05-27T02:31:11.912Z","buy","maker"
"2.86600000","3.45900000","2024-05-27T02:09:36.949Z","sell","maker"
"2.86200000","1.32800000","2024-05-27T02:04:13.510Z","buy","maker"
"2.83800000","7.26300000","2024-05-27T01:31:58.299Z","buy","maker"
"2.83900000","8.00000000","2024-05-27T01:31:58.299Z","buy","maker"
"2.84500000","1.57300000","2024-05-27T01:28:47.341Z","sell","maker"
"2.83800000","111.64000000","2024-05-27T01:03:20.591Z","buy","maker"
"2.83900000","6.66000000","2024-05-27T01:03:20.591Z","buy","maker"
"2.84000000","17.36500000","2024-05-27T01:03:19.752Z","sell","maker"
"2.84000000","17.36500000","2024-05-27T01:03:19.748Z","sell","maker"
"2.84000000","286.48200000","2024-05-27T01:03:19.743Z","sell","maker"
"2.84000000","45.76700000","2024-05-27T01:03:19.508Z","sell","maker"
"2.84200000","286.48100000","2024-05-27T01:03:19.497Z","buy","maker"
"2.84200000","190.77100000","2024-05-27T01:03:19.497Z","buy","maker"
"2.84300000","17.36500000","2024-05-27T01:03:19.497Z","buy","maker"
"2.84300000","8.00000000","2024-05-27T01:03:19.497Z","buy","maker"
"2.84400000","0.35200000","2024-05-27T00:56:50.867Z","sell","maker"
"2.84500000","3.48000000","2024-05-27T00:51:52.471Z","sell","maker"
"2.84800000","0.35100000","2024-05-27T00:49:51.123Z","sell","maker"
"2.84500000","0.35100000","2024-05-27T00:46:39.618Z","sell","maker"
"2.84000000","19.41900000","2024-05-27T00:26:16.245Z","sell","maker"
"2.84000000","3.88900000","2024-05-27T00:26:16.245Z","sell","maker"
"2.84000000","11.18200000","2024-05-27T00:26:16.245Z","sell","maker"
"2.83900000","8.00000000","2024-05-27T00:26:16.245Z","sell","maker"
"2.84200000","163.00000000","2024-05-27T00:03:20.121Z","sell","maker"
"2.84200000","24.00000000","2024-05-27T00:03:20.121Z","sell","maker"
"2.84100000","8.00000000","2024-05-27T00:03:20.121Z","sell","maker"
"2.85200000","12.18900000","2024-05-26T23:10:37.768Z","buy","maker"
"2.85300000","4.00000000","2024-05-26T23:10:37.768Z","buy","maker"
"2.85600000","11.53000000","2024-05-26T22:50:35.482Z","sell","maker"
"2.85600000","23.29300000","2024-05-26T22:50:35.443Z","sell","maker"
"2.85400000","3.64600000","2024-05-26T22:50:35.430Z","buy","maker"
"2.85500000","8.00000000","2024-05-26T22:50:35.430Z","buy","maker"
"2.86500000","1.38400000","2024-05-26T22:34:05.839Z","sell","maker"
"2.86500000","1.38400000","2024-05-26T22:24:13.311Z","sell","maker"
"2.86600000","17.10000000","2024-05-26T22:15:23.004Z","sell","maker"
"2.86500000","20.90000000","2024-05-26T22:15:21.021Z","buy","maker"
"2.86500000","3.99600000","2024-05-26T22:15:21.010Z","buy","maker"
"2.86500000","8.00000000","2024-05-26T22:15:20.908Z","sell","maker"
"2.86300000","3.28100000","2024-05-26T22:08:09.136Z","sell","maker"
"2.85400000","20.90000000","2024-05-26T21:59:36.423Z","sell","maker"
"2.85100000","7.92200000","2024-05-26T21:50:41.005Z","sell","maker"
"2.85100000","11.77800000","2024-05-26T21:50:41.005Z","sell","maker"
"2.83900000","139.51800000","2024-05-26T21:46:58.583Z","buy","maker"
"2.83900000","24.00000000","2024-05-26T21:46:58.583Z","buy","maker"
"2.84000000","8.00000000","2024-05-26T21:46:58.583Z","buy","maker"
"2.84000000","120.08000000","2024-05-26T21:44:10.008Z","buy","maker"
"2.84100000","8.00000000","2024-05-26T21:44:10.008Z","buy","maker"
"2.83700000","130.29100000","2024-05-26T21:39:32.465Z","sell","maker"
"2.83600000","8.00000000","2024-05-26T21:39:32.123Z","sell","maker"
"2.83700000","59.88000000","2024-05-26T21:39:31.404Z","sell","maker"
"2.83600000","8.00000000","2024-05-26T21:39:31.404Z","sell","maker"
"2.83600000","24.00000000","2024-05-26T21:39:31.404Z","sell","maker"
"2.84800000","0.80000000","2024-05-26T21:00:18.412Z","buy","maker"
"2.86100000","128.58000000","2024-05-26T20:04:10.828Z","buy","maker"
"2.85800000","36.20000000","2024-05-26T19:43:53.911Z","sell","maker"
"2.85800000","43.32200000","2024-05-26T19:34:23.006Z","buy","maker"
"2.85800000","42.61600000","2024-05-26T19:34:22.956Z","buy","maker"
"2.85800000","19.74200000","2024-05-26T19:34:22.956Z","buy","maker"
"2.85900000","6.37200000","2024-05-26T19:34:22.956Z","buy","maker"
"2.86100000","11.27000000","2024-05-26T19:34:22.956Z","buy","maker"
"2.85700000","52.63900000","2024-05-26T19:34:22.860Z","buy","maker"
"2.85700000","2.03500000","2024-05-26T19:34:22.860Z","buy","maker"
"2.85700000","2.03500000","2024-05-26T19:34:22.860Z","buy","maker"
"2.85900000","69.46900000","2024-05-26T19:34:22.860Z","buy","maker"
"2.86000000","27.40800000","2024-05-26T19:34:22.860Z","buy","maker"
"2.86100000","189.40900000","2024-05-26T19:34:22.860Z","buy","maker"
"2.86100000","1.05100000","2024-05-26T19:34:22.860Z","buy","maker"
"2.86200000","19.74200000","2024-05-26T19:34:22.860Z","buy","maker"
"2.86100000","6.90400000","2024-05-26T19:34:22.850Z","buy","maker"
"2.86200000","13.70400000","2024-05-26T19:34:22.850Z","buy","maker"
"2.86300000","165.02900000","2024-05-26T19:34:22.850Z","buy","maker"
"2.86300000","6.85200000","2024-05-26T19:34:22.850Z","buy","maker"
"2.86400000","7.51100000","2024-05-26T19:34:22.850Z","buy","maker"
"2.86400000","24.80600000","2024-05-26T19:34:22.850Z","buy","maker"
"2.86400000","19.74200000","2024-05-26T19:34:22.850Z","buy","maker"
"2.87200000","18.40000000","2024-05-26T19:25:11.935Z","buy","maker"
"2.87200000","54.20000000","2024-05-26T19:24:20.935Z","buy","maker"
"2.86000000","189.12100000","2024-05-26T18:17:26.222Z","buy","maker"
"2.86000000","139.34900000","2024-05-26T18:17:26.222Z","buy","maker"
"2.86100000","24.00000000","2024-05-26T18:17:26.222Z","buy","maker"
"2.87400000","3.16300000","2024-05-26T17:38:14.094Z","buy","maker"
"2.87900000","162.18000000","2024-05-26T17:20:29.160Z","buy","maker"
"2.88500000","13.94300000","2024-05-26T17:18:48.461Z","buy","maker"
"2.88500000","16.80400000","2024-05-26T17:18:48.457Z","buy","maker"
"2.88500000","54.02400000","2024-05-26T17:18:48.452Z","buy","maker"
"2.88500000","11.58200000","2024-05-26T17:18:48.448Z","buy","maker"
"2.88500000","23.16400000","2024-05-26T17:18:48.448Z","buy","maker"
"2.88500000","48.70400000","2024-05-26T17:18:48.441Z","buy","maker"
"2.88600000","5.33100000","2024-05-26T17:18:48.441Z","buy","maker"
"2.88700000","5.96500000","2024-05-26T17:18:48.441Z","buy","maker"
"2.89500000","8.32700000","2024-05-26T17:18:48.342Z","buy","maker"
"2.88600000","70.92300000","2024-05-26T17:18:48.297Z","buy","maker"
"2.88800000","289.04500000","2024-05-26T17:18:48.297Z","buy","maker"
"2.88800000","15.66600000","2024-05-26T17:18:48.293Z","buy","maker"
"2.88800000","7.31500000","2024-05-26T17:18:48.293Z","buy","maker"
"2.89000000","93.41100000","2024-05-26T17:18:48.293Z","buy","maker"
"2.89100000","16.80400000","2024-05-26T17:18:48.293Z","buy","maker"
"2.89600000","16.80400000","2024-05-26T17:18:48.293Z","buy","maker"
"2.89000000","94.15900000","2024-05-26T17:18:48.290Z","buy","maker"
"2.89000000","25.92600000","2024-05-26T17:18:48.290Z","buy","maker"
"2.89000000","68.67800000","2024-05-26T17:18:48.290Z","buy","maker"
"2.89000000","6.23700000","2024-05-26T17:18:48.290Z","buy","maker"
"2.89000000","112.23600000","2024-05-26T17:18:48.287Z","buy","maker"
"2.89500000","34.33900000","2024-05-26T17:18:48.287Z","buy","maker"
"2.89600000","4.00000000","2024-05-26T17:18:48.287Z","buy","maker"
"2.89600000","18.67100000","2024-05-26T17:18:48.287Z","buy","maker"
"2.89700000","17.16900000","2024-05-26T17:18:48.287Z","buy","maker"
"2.89800000","8.58500000","2024-05-26T17:18:48.287Z","buy","maker"
"2.89900000","9.00000000","2024-05-26T17:15:31.906Z","buy","maker"
"2.89900000","1.00000000","2024-05-26T17:15:31.851Z","buy","maker"
"2.89900000","8.00000000","2024-05-26T17:15:31.851Z","buy","maker"
"2.89800000","5.00000000","2024-05-26T17:15:11.417Z","buy","maker"
"2.89800000","16.00000000","2024-05-26T17:15:11.064Z","buy","maker"
"2.89900000","8.00000000","2024-05-26T17:15:11.047Z","buy","maker"
"2.89900000","8.00000000","2024-05-26T17:15:11.047Z","buy","maker"
"2.90600000","0.05800000","2024-05-26T16:53:50.048Z","buy","maker"
"2.88100000","23.22600000","2024-05-26T16:27:13.960Z","buy","maker"
"2.88200000","8.00000000","2024-05-26T16:27:13.960Z","buy","maker"
"2.88200000","24.00000000","2024-05-26T16:27:13.960Z","buy","maker"
"2.87500000","0.67700000","2024-05-26T16:20:30.703Z","buy","maker"
"2.87500000","8.67200000","2024-05-26T16:20:30.703Z","buy","maker"
"2.87900000","24.00000000","2024-05-26T16:20:30.703Z","buy","maker"
"2.87900000","97.15100000","2024-05-26T16:20:30.703Z","buy","maker"
"2.88000000","8.00000000","2024-05-26T16:20:30.703Z","buy","maker"
"2.89100000","6.48300000","2024-05-26T15:56:24.478Z","sell","maker"
"2.89000000","8.00000000","2024-05-26T15:56:24.478Z","sell","maker"
"2.88100000","33.93500000","2024-05-26T15:54:12.770Z","sell","maker"
"2.88100000","12.12900000","2024-05-26T15:54:12.759Z","sell","maker"
"2.88100000","79.41100000","2024-05-26T15:54:12.748Z","sell","maker"
"2.87600000","0.93000000","2024-05-26T15:51:40.031Z","sell","maker"
"2.89700000","4.38600000","2024-05-26T15:46:27.695Z","buy","maker"
"2.89800000","8.00000000","2024-05-26T15:46:27.695Z","buy","maker"
"2.90000000","10.51400000","2024-05-26T15:46:27.295Z","buy","maker"
"2.91300000","22.90000000","2024-05-26T15:36:01.429Z","sell","maker"
"2.91700000","56.07400000","2024-05-26T15:26:16.115Z","sell","maker"
"2.91600000","11.12600000","2024-05-26T15:26:16.115Z","sell","maker"
"2.91500000","68.87700000","2024-05-26T15:26:15.018Z","sell","maker"
"2.91500000","179.41500000","2024-05-26T15:26:15.018Z","sell","maker"
"2.91400000","19.92900000","2024-05-26T15:26:15.018Z","sell","maker"
"2.91900000","49.45100000","2024-05-26T15:26:06.707Z","sell","maker"
"2.91800000","29.44900000","2024-05-26T15:26:06.707Z","sell","maker"
"2.91800000","19.61200000","2024-05-26T15:26:05.608Z","sell","maker"
"2.91800000","3.12900000","2024-05-26T15:26:05.608Z","sell","maker"
"2.91700000","68.55500000","2024-05-26T15:26:05.608Z","sell","maker"
"2.91700000","9.70800000","2024-05-26T15:26:05.608Z","sell","maker"
"2.91600000","9.80600000","2024-05-26T15:26:04.508Z","sell","maker"
"2.91500000","68.97300000","2024-05-26T15:26:04.508Z","sell","maker"
"2.91500000","200.00000000","2024-05-26T15:26:04.508Z","sell","maker"
"2.91400000","306.79900000","2024-05-26T15:26:04.508Z","sell","maker"
"2.91400000","179.55100000","2024-05-26T15:26:04.508Z","sell","maker"
"2.91300000","63.28600000","2024-05-26T15:26:04.508Z","sell","maker"
"2.91200000","22.82200000","2024-05-26T15:25:53.103Z","sell","maker"
"2.91100000","115.77800000","2024-05-26T15:25:53.103Z","sell","maker"
"2.91100000","9.90500000","2024-05-26T15:25:52.085Z","buy","maker"
"2.91100000","9.90200000","2024-05-26T15:25:52.020Z","buy","maker"
"2.91100000","17.50000000","2024-05-26T15:25:52.009Z","buy","maker"
"2.91100000","304.57300000","2024-05-26T15:25:52.004Z","sell","maker"
"2.91100000","42.60200000","2024-05-26T15:25:52.004Z","sell","maker"
"2.91000000","200.00000000","2024-05-26T15:25:52.004Z","sell","maker"
"2.90900000","48.98800000","2024-05-26T15:25:52.004Z","sell","maker"
"2.90900000","21.30100000","2024-05-26T15:25:52.004Z","sell","maker"
"2.90800000","10.65000000","2024-05-26T15:25:52.004Z","sell","maker"
"2.90700000","17.50000000","2024-05-26T15:25:52.004Z","sell","maker"
"2.90700000","176.38800000","2024-05-26T15:25:52.004Z","sell","maker"
"2.91100000","7.51100000","2024-05-26T14:58:38.759Z","buy","maker"
"2.91200000","0.00600000","2024-05-26T14:58:21.006Z","buy","maker"
"2.90900000","14.67600000","2024-05-26T14:54:00.259Z","buy","maker"
"2.90900000","2.10300000","2024-05-26T14:54:00.259Z","buy","maker"
"2.90900000","0.34400000","2024-05-26T14:53:57.511Z","buy","maker"
"2.90900000","5.14000000","2024-05-26T14:53:57.259Z","buy","maker"
"2.91500000","1.68000000","2024-05-26T14:52:26.922Z","sell","maker"
"2.91100000","6.71300000","2024-05-26T14:51:00.032Z","buy","maker"
"2.91200000","7.73200000","2024-05-26T14:50:22.520Z","buy","maker"
"2.91000000","17.67900000","2024-05-26T14:48:54.758Z","buy","maker"
"2.89200000","14.30900000","2024-05-26T14:45:02.515Z","buy","maker"
"2.89200000","7.95400000","2024-05-26T14:45:02.515Z","buy","maker"
"2.90100000","14.21500000","2024-05-26T14:34:59.402Z","sell","maker"
"2.89900000","10.36800000","2024-05-26T14:34:30.383Z","sell","maker"
"2.89900000","10.36900000","2024-05-26T14:34:20.377Z","sell","maker"
"2.90100000","10.35800000","2024-05-26T14:34:10.375Z","sell","maker"
"2.90100000","10.36000000","2024-05-26T14:34:00.370Z","sell","maker"
"2.90100000","10.36000000","2024-05-26T14:33:50.370Z","sell","maker"
"2.90000000","10.36400000","2024-05-26T14:33:40.367Z","sell","maker"
"2.88800000","16.40100000","2024-05-26T14:33:32.385Z","buy","maker"
"2.88900000","8.20000000","2024-05-26T14:33:32.385Z","buy","maker"
"2.89500000","10.79800000","2024-05-26T14:33:30.361Z","sell","maker"
"2.89500000","7.99700000","2024-05-26T14:33:20.357Z","sell","maker"
"2.89400000","4.00000000","2024-05-26T14:33:20.357Z","sell","maker"
"2.89500000","5.33100000","2024-05-26T14:33:10.356Z","sell","maker"
"2.89400000","8.00000000","2024-05-26T14:33:10.356Z","sell","maker"
"2.89500000","6.81200000","2024-05-26T14:33:00.352Z","sell","maker"
"2.89400000","8.00000000","2024-05-26T14:33:00.352Z","sell","maker"
"2.89600000","16.41500000","2024-05-26T14:32:50.346Z","sell","maker"
"2.89500000","0.04300000","2024-05-26T14:32:50.346Z","sell","maker"
"2.89500000","18.28600000","2024-05-26T14:32:40.341Z","sell","maker"
"2.89500000","20.31800000","2024-05-26T14:32:30.338Z","sell","maker"
"2.89000000","14.57600000","2024-05-26T14:32:20.338Z","sell","maker"
"2.88900000","8.00000000","2024-05-26T14:32:20.338Z","sell","maker"
"2.88300000","16.90800000","2024-05-26T14:32:10.845Z","buy","maker"
"2.88400000","8.45400000","2024-05-26T14:32:10.793Z","buy","maker"
"2.88500000","22.26300000","2024-05-26T14:32:10.694Z","buy","maker"
"2.89300000","17.67900000","2024-05-26T14:32:10.259Z","sell","maker"
"2.88400000","36.36100000","2024-05-26T14:32:10.211Z","buy","maker"
"2.88600000","9.09000000","2024-05-26T14:32:10.211Z","buy","maker"
"2.88600000","0.50100000","2024-05-26T14:32:10.211Z","buy","maker"
"2.88600000","17.67900000","2024-05-26T14:32:10.205Z","buy","maker"
"2.87700000","21.92800000","2024-05-26T14:32:10.090Z","sell","maker"
"2.87200000","11.67100000","2024-05-26T14:32:10.087Z","sell","maker"
"2.88400000","68.84800000","2024-05-26T14:32:10.072Z","sell","maker"
"2.87900000","94.31400000","2024-05-26T14:32:10.072Z","sell","maker"
"2.87800000","17.67900000","2024-05-26T14:32:10.072Z","sell","maker"
"2.87400000","31.55500000","2024-05-26T14:32:10.046Z","sell","maker"
"2.87400000","47.15700000","2024-05-26T14:32:10.046Z","sell","maker"
"2.87300000","17.67900000","2024-05-26T14:32:10.046Z","sell","maker"
"2.87300000","23.57900000","2024-05-26T14:32:10.046Z","sell","maker"
"2.87300000","17.91600000","2024-05-26T14:32:10.046Z","sell","maker"
"2.87300000","94.21000000","2024-05-26T14:32:10.035Z","sell","maker"
"2.87300000","96.00100000","2024-05-26T14:32:10.035Z","sell","maker"
"2.87200000","8.00000000","2024-05-26T14:32:10.035Z","sell","maker"
"2.87000000","11.78900000","2024-05-26T14:32:10.035Z","sell","maker"
"2.85900000","125.20000000","2024-05-26T14:29:15.602Z","buy","maker"
"2.86300000","189.34500000","2024-05-26T14:29:14.496Z","buy","maker"
"2.86400000","128.08000000","2024-05-26T14:29:12.441Z","sell","maker"
"2.86400000","8.00000000","2024-05-26T14:29:12.429Z","buy","maker"
"2.86900000","1.90900000","2024-05-26T14:25:03.475Z","buy","maker"
"2.87000000","0.12200000","2024-05-26T14:20:02.513Z","buy","maker"
"2.87300000","14.26300000","2024-05-26T14:10:02.758Z","sell","maker"
"2.87300000","8.00000000","2024-05-26T14:10:02.758Z","sell","maker"
"2.87000000","82.62000000","2024-05-26T14:05:32.617Z","buy","maker"
"2.86100000","3.76500000","2024-05-26T13:41:34.017Z","sell","maker"
"2.86100000","5.58500000","2024-05-26T13:41:31.006Z","sell","maker"
"2.86100000","0.90100000","2024-05-26T13:41:21.006Z","sell","maker"
"2.86100000","12.01200000","2024-05-26T13:41:20.506Z","sell","maker"
"2.87100000","1.14200000","2024-05-26T13:15:48.752Z","buy","maker"
"2.87800000","30.19300000","2024-05-26T12:45:44.071Z","buy","maker"
"2.87900000","4.00000000","2024-05-26T12:45:44.071Z","buy","maker"
"2.87600000","31.00000000","2024-05-26T12:40:47.936Z","sell","maker"
"2.87900000","18.70000000","2024-05-26T12:37:19.425Z","sell","maker"
"2.88100000","1.70000000","2024-05-26T12:30:39.270Z","buy","maker"
"2.88500000","32.10000000","2024-05-26T12:22:10.424Z","buy","maker"
"2.89300000","0.11800000","2024-05-26T12:15:06.203Z","sell","maker"
"2.89100000","3.18900000","2024-05-26T12:14:46.851Z","sell","maker"
"2.89100000","14.05800000","2024-05-26T12:14:46.851Z","sell","maker"
"2.91100000","9.28200000","2024-05-26T11:15:36.599Z","sell","maker"
"2.90800000","113.24500000","2024-05-26T11:11:04.914Z","buy","maker"
"2.90800000","178.98400000","2024-05-26T11:11:04.914Z","buy","maker"
"2.90900000","8.00000000","2024-05-26T11:11:04.914Z","buy","maker"
"2.88200000","0.56000000","2024-05-26T10:44:03.820Z","buy","maker"
"2.88300000","0.37500000","2024-05-26T10:44:03.694Z","buy","maker"
"2.89200000","12.13300000","2024-05-26T10:33:31.352Z","buy","maker"
"2.89200000","12.25600000","2024-05-26T10:33:31.331Z","buy","maker"
"2.89200000","12.38000000","2024-05-26T10:33:29.552Z","buy","maker"
"2.89000000","225.68600000","2024-05-26T10:32:26.778Z","buy","maker"
"2.89000000","200.00000000","2024-05-26T10:32:26.778Z","buy","maker"
"2.89100000","15.76500000","2024-05-26T10:32:26.778Z","buy","maker"
"2.88300000","24.54600000","2024-05-26T10:32:26.415Z","buy","maker"
"2.88500000","12.27300000","2024-05-26T10:32:26.415Z","buy","maker"
"2.88600000","6.13700000","2024-05-26T10:32:26.415Z","buy","maker"
"2.88600000","8.53800000","2024-05-26T10:32:26.415Z","buy","maker"
"2.88700000","467.47400000","2024-05-26T10:32:26.415Z","buy","maker"
"2.88800000","163.29400000","2024-05-26T10:32:26.415Z","buy","maker"
"2.89400000","186.68800000","2024-05-26T10:32:26.415Z","buy","maker"
"2.89500000","15.76500000","2024-05-26T10:32:26.415Z","buy","maker"
"2.88900000","45.01000000","2024-05-26T10:32:26.064Z","buy","maker"
"2.88900000","7.57400000","2024-05-26T10:32:26.064Z","buy","maker"
"2.88900000","57.75600000","2024-05-26T10:32:26.064Z","buy","maker"
"2.89000000","24.94400000","2024-05-26T10:32:26.064Z","buy","maker"
"2.89300000","7.22000000","2024-05-26T10:32:26.064Z","buy","maker"
"2.89300000","28.87800000","2024-05-26T10:32:26.064Z","buy","maker"
"2.89500000","14.43900000","2024-05-26T10:32:26.064Z","buy","maker"
"2.89500000","179.40400000","2024-05-26T10:32:26.064Z","buy","maker"
"2.89800000","179.42600000","2024-05-26T10:32:26.064Z","buy","maker"
"2.89900000","200.00000000","2024-05-26T10:32:26.064Z","buy","maker"
"2.90100000","186.68800000","2024-05-26T10:32:26.064Z","buy","maker"
"2.90200000","166.24000000","2024-05-26T10:32:26.064Z","buy","maker"
"2.90300000","8.00000000","2024-05-26T10:32:26.064Z","buy","maker"
"2.90000000","15.76500000","2024-05-26T10:31:28.638Z","buy","maker"
"2.90000000","15.76500000","2024-05-26T10:31:28.624Z","buy","maker"
"2.90000000","15.76500000","2024-05-26T10:31:28.609Z","buy","maker"
"2.90000000","15.76500000","2024-05-26T10:31:28.593Z","buy","maker"
"2.90800000","6.99700000","2024-05-26T10:31:28.430Z","sell","maker"
"2.90800000","10.97700000","2024-05-26T10:31:28.430Z","sell","maker"
"2.90700000","8.00000000","2024-05-26T10:31:28.430Z","sell","maker"
"2.90300000","2.01300000","2024-05-26T10:31:28.430Z","sell","maker"
"2.90300000","2.01300000","2024-05-26T10:31:28.430Z","sell","maker"
"2.90100000","20.00000000","2024-05-26T10:30:48.835Z","sell","maker"
"2.90000000","4.23500000","2024-05-26T10:30:48.824Z","sell","maker"
"2.90000000","15.76500000","2024-05-26T10:30:48.824Z","sell","maker"
"2.89700000","11.31600000","2024-05-26T10:30:16.152Z","sell","maker"
"2.89600000","21.00200000","2024-05-26T10:30:16.152Z","sell","maker"
"2.89500000","15.76500000","2024-05-26T10:30:16.152Z","sell","maker"
"2.89600000","1.63100000","2024-05-26T10:30:16.091Z","sell","maker"
"2.89200000","94.60400000","2024-05-26T10:30:16.091Z","sell","maker"
"2.89100000","8.00000000","2024-05-26T10:30:16.091Z","sell","maker"
"2.89100000","15.76500000","2024-05-26T10:30:16.091Z","sell","maker"
"2.88500000","16.56000000","2024-05-26T10:29:41.203Z","sell","maker"
"2.88500000","4.23500000","2024-05-26T10:29:41.201Z","sell","maker"
"2.88500000","15.76500000","2024-05-26T10:29:41.201Z","sell","maker"
"2.87800000","19.50800000","2024-05-26T10:29:20.783Z","buy","maker"
"2.88200000","23.07400000","2024-05-26T10:29:20.783Z","buy","maker"
"2.88300000","14.43500000","2024-05-26T10:29:20.783Z","buy","maker"
"2.88400000","7.21800000","2024-05-26T10:29:20.783Z","buy","maker"
"2.88500000","15.76500000","2024-05-26T10:29:20.783Z","buy","maker"
"2.88200000","6.97700000","2024-05-26T10:29:20.725Z","buy","maker"
"2.88300000","8.00000000","2024-05-26T10:29:20.725Z","buy","maker"
"2.88400000","15.02500000","2024-05-26T10:29:20.725Z","buy","maker"
"2.88500000","7.51300000","2024-05-26T10:29:20.725Z","buy","maker"
"2.88600000","7.48500000","2024-05-26T10:29:20.725Z","buy","maker"
"2.88600000","8.28000000","2024-05-26T10:29:20.725Z","buy","maker"
"2.89000000","8.28000000","2024-05-26T10:29:19.366Z","buy","maker"
"2.89200000","0.12400000","2024-05-26T10:29:18.909Z","buy","maker"
"2.88900000","215.32700000","2024-05-26T10:29:18.774Z","sell","maker"
"2.88900000","64.20000000","2024-05-26T10:29:18.733Z","sell","maker"
"2.88900000","0.80000000","2024-05-26T10:29:18.733Z","sell","maker"
"2.88700000","15.76500000","2024-05-26T10:29:18.624Z","sell","maker"
"2.88400000","22.77000000","2024-05-26T10:29:18.624Z","sell","maker"
"2.88300000","11.38500000","2024-05-26T10:29:18.624Z","sell","maker"
"2.88800000","64.78200000","2024-05-26T10:29:18.582Z","sell","maker"
"2.88600000","179.96000000","2024-05-26T10:29:18.582Z","sell","maker"
"2.88600000","46.94800000","2024-05-26T10:29:18.582Z","sell","maker"
"2.88500000","54.80300000","2024-05-26T10:29:18.582Z","sell","maker"
"2.88400000","15.76500000","2024-05-26T10:29:18.582Z","sell","maker"
"2.88500000","69.10400000","2024-05-26T10:29:18.569Z","sell","maker"
"2.88500000","35.00000000","2024-05-26T10:29:18.566Z","sell","maker"
"2.88400000","23.47400000","2024-05-26T10:29:18.566Z","sell","maker"
"2.88300000","8.00000000","2024-05-26T10:29:18.566Z","sell","maker"
"2.88300000","11.73700000","2024-05-26T10:29:18.566Z","sell","maker"
"2.88200000","15.76500000","2024-05-26T10:29:18.566Z","sell","maker"
"2.87700000","11.70000000","2024-05-26T10:27:30.510Z","buy","maker"
"2.87800000","8.00000000","2024-05-26T10:27:30.510Z","buy","maker"
"2.87800000","5.52600000","2024-05-26T10:11:20.289Z","sell","maker"
"2.87500000","6.50200000","2024-05-26T10:04:09.844Z","sell","maker"
"2.87300000","8.71800000","2024-05-26T10:04:09.844Z","sell","maker"
"2.87300000","64.29800000","2024-05-26T10:04:09.828Z","sell","maker"
"2.87300000","107.70200000","2024-05-26T10:04:09.828Z","sell","maker"
"2.87200000","8.00000000","2024-05-26T10:04:09.828Z","sell","maker"
"2.84200000","12.68800000","2024-05-26T09:48:06.684Z","buy","maker"
"2.84200000","6.56700000","2024-05-26T09:48:06.684Z","buy","maker"
"2.84300000","1.14800000","2024-05-26T09:48:06.684Z","buy","maker"
"2.84500000","14.61600000","2024-05-26T09:48:06.684Z","buy","maker"
"2.84300000","16.47300000","2024-05-26T09:47:56.667Z","buy","maker"
"2.84400000","4.00000000","2024-05-26T09:47:56.667Z","buy","maker"
"2.84500000","14.61600000","2024-05-26T09:47:56.667Z","buy","maker"
"2.85500000","128.08000000","2024-05-26T09:47:46.451Z","buy","maker"
"2.85400000","5.67500000","2024-05-26T09:15:24.400Z","buy","maker"
"2.86800000","4.95900000","2024-05-26T09:15:01.523Z","sell","maker"
"2.86800000","16.24100000","2024-05-26T09:15:01.523Z","sell","maker"
"2.84800000","2.85300000","2024-05-26T09:06:40.517Z","buy","maker"
"2.84900000","8.00000000","2024-05-26T09:06:40.517Z","buy","maker"
"2.85300000","31.28900000","2024-05-26T09:03:21.979Z","buy","maker"
"2.85400000","13.54100000","2024-05-26T09:03:21.979Z","buy","maker"
"2.85500000","13.39900000","2024-05-26T09:03:21.979Z","buy","maker"
"2.85500000","6.77100000","2024-05-26T09:03:21.979Z","buy","maker"
"2.85500000","12.64000000","2024-05-26T09:03:21.920Z","buy","maker"
"2.85500000","29.12100000","2024-05-26T09:03:21.920Z","buy","maker"
"2.85600000","8.00000000","2024-05-26T09:03:21.920Z","buy","maker"
"2.85600000","14.56000000","2024-05-26T09:03:21.920Z","buy","maker"
"2.85700000","7.28000000","2024-05-26T09:03:21.920Z","buy","maker"
"2.85800000","13.39900000","2024-05-26T09:03:21.920Z","buy","maker"
"2.85000000","2.72100000","2024-05-26T08:46:34.264Z","buy","maker"
"2.85000000","0.12400000","2024-05-26T08:46:34.264Z","buy","maker"
"2.85300000","75.46000000","2024-05-26T07:50:01.997Z","buy","maker"
"2.85300000","15.04000000","2024-05-26T07:50:01.997Z","buy","maker"
"2.85400000","0.34900000","2024-05-26T07:32:12.993Z","buy","maker"
"2.85400000","0.69800000","2024-05-26T07:30:39.770Z","buy","maker"
"2.85000000","0.42000000","2024-05-26T07:29:43.885Z","buy","maker"
"2.86000000","7.59900000","2024-05-26T07:27:10.975Z","sell","maker"
"2.86000000","18.57000000","2024-05-26T07:27:10.975Z","sell","maker"
"2.85900000","8.00000000","2024-05-26T07:27:10.975Z","sell","maker"
"2.85100000","1.04900000","2024-05-26T07:12:07.387Z","buy","maker"
"2.85100000","187.00000000","2024-05-26T07:08:44.665Z","sell","maker"
"2.85000000","8.00000000","2024-05-26T07:08:44.665Z","sell","maker"
"2.85000000","6.98600000","2024-05-26T06:46:55.282Z","sell","maker"
"2.84400000","10.31100000","2024-05-26T06:36:54.961Z","sell","maker"
"2.84400000","10.91600000","2024-05-26T06:36:54.961Z","sell","maker"
"2.84200000","1.85700000","2024-05-26T06:36:36.364Z","buy","maker"
"2.84800000","1.85300000","2024-05-26T06:02:54.468Z","buy","maker"
"2.85200000","1.84900000","2024-05-26T06:01:48.098Z","sell","maker"
"2.85400000","13.75900000","2024-05-26T05:34:57.620Z","buy","maker"