"price","volume","time","side","orderType"
"0.10000000","15.00000000","2023-06-26T23:57:52.422Z","buy","taker"
"0.10000000","127.00000000","2023-06-26T12:19:21.745Z","sell","maker"
"0.10000000","119.00000000","2023-06-26T01:12:13.000Z","sell","maker"
"0.10990000","10.00000000","2023-06-26T00:58:50.135Z","buy","taker"
"0.10990000","120.00000000","2023-06-25T21:33:50.324Z","buy","taker"
"0.08020000","188.00000000","2023-06-24T16:47:04.046Z","sell","maker"
"0.11990000","82.00000000","2023-06-24T10:27:58.005Z","buy","taker"
"0.07650000","130.00000000","2023-06-24T10:27:19.163Z","sell","maker"
"0.11990000","100.00000000","2023-06-24T06:22:12.734Z","buy","taker"
"0.11990000","417.00000000","2023-06-24T05:08:10.199Z","buy","taker"
"0.08700000","42.00000000","2023-06-24T01:51:33.656Z","sell","maker"
"0.08680000","1216.00000000","2023-06-24T01:51:33.656Z","sell","maker"
"0.08670000","417.00000000","2023-06-24T01:51:33.656Z","sell","maker"
"0.08660000","50.00000000","2023-06-24T01:51:33.656Z","sell","maker"
"0.07640000","327.00000000","2023-06-24T01:51:33.656Z","sell","maker"
"0.07640000","20.00000000","2023-06-24T01:51:33.656Z","sell","maker"
"0.08660000","50.00000000","2023-06-23T21:11:54.934Z","sell","maker"
"0.07640000","63.00000000","2023-06-23T18:34:30.977Z","buy","taker"
"0.07640000","508.00000000","2023-06-23T18:32:49.164Z","sell","maker"
"0.13850000","184.00000000","2023-06-23T15:44:52.559Z","buy","taker"
"0.13890000","67.00000000","2023-06-23T15:44:52.559Z","buy","taker"
"0.07620000","670.00000000","2023-06-23T15:12:17.288Z","sell","maker"
"0.11000000","737.00000000","2023-06-22T22:11:30.937Z","buy","taker"
"0.11200000","163.00000000","2023-06-22T22:11:30.937Z","buy","taker"
"0.11200000","1000.00000000","2023-06-22T12:30:40.460Z","buy","taker"
"0.11200000","3.00000000","2023-06-22T08:43:51.282Z","buy","taker"
"0.07520000","101.00000000","2023-06-22T06:07:49.340Z","sell","maker"
"0.11200000","102.00000000","2023-06-22T06:07:43.827Z","buy","taker"
"0.11290000","885.00000000","2023-06-21T22:29:26.958Z","buy","taker"
"0.11490000","17.00000000","2023-06-21T15:44:05.034Z","buy","taker"
"0.11490000","78.00000000","2023-06-21T15:44:04.011Z","buy","taker"
"0.11490000","78.00000000","2023-06-21T15:44:04.011Z","buy","taker"
"0.11490000","171.00000000","2023-06-21T15:44:04.011Z","buy","taker"
"0.11490000","25.00000000","2023-06-21T15:44:02.436Z","buy","taker"
"0.11490000","165.00000000","2023-06-21T15:44:02.436Z","buy","taker"
"0.11490000","25.00000000","2023-06-21T15:44:02.435Z","buy","taker"
"0.11490000","25.00000000","2023-06-21T15:43:57.088Z","buy","taker"
"0.10860000","226.00000000","2023-06-21T15:43:57.085Z","buy","taker"
"0.10860000","45.00000000","2023-06-21T15:43:57.085Z","buy","taker"
"0.10860000","79.00000000","2023-06-21T15:43:52.050Z","buy","taker"
"0.10860000","22.00000000","2023-06-21T15:43:52.048Z","buy","taker"
"0.10860000","67.00000000","2023-06-21T15:43:52.048Z","buy","taker"
"0.10860000","22.00000000","2023-06-21T15:43:52.048Z","buy","taker"
"0.10000000","500.00000000","2023-06-21T13:37:14.339Z","buy","taker"
"0.10000000","1015.00000000","2023-06-21T13:37:14.339Z","buy","taker"
"0.07500000","507.00000000","2023-06-21T13:10:09.874Z","sell","maker"
"0.10000000","1000.00000000","2023-06-21T00:40:11.834Z","buy","taker"
"0.09200000","94.00000000","2023-06-20T23:35:41.998Z","sell","maker"
"0.07500000","749.00000000","2023-06-20T23:35:41.998Z","sell","maker"
"0.09200000","15.00000000","2023-06-20T23:32:24.986Z","sell","maker"
"0.10350000","32.00000000","2023-06-15T22:04:52.091Z","sell","maker"
"0.10350000","32.00000000","2023-06-15T22:04:52.091Z","sell","maker"
"0.10350000","22.00000000","2023-06-15T22:04:52.091Z","sell","maker"
"0.10350000","11.00000000","2023-06-15T22:04:52.091Z","sell","maker"
"0.10410000","13.00000000","2023-06-15T21:45:31.843Z","sell","maker"
"0.11500000","40.00000000","2023-06-15T19:05:36.216Z","sell","maker"
"0.11500000","166.00000000","2023-06-15T19:05:36.212Z","buy","taker"
"0.11500000","55.00000000","2023-06-15T19:05:36.212Z","buy","taker"
"0.08700000","55.00000000","2023-06-15T17:26:06.264Z","sell","maker"
"0.07450000","166.00000000","2023-06-15T13:54:08.725Z","sell","maker"
"0.11990000","167.00000000","2023-06-15T13:52:56.514Z","buy","taker"
"0.10010000","441.00000000","2023-06-15T02:40:38.601Z","sell","maker"
"0.10000000","326.00000000","2023-06-15T02:40:38.601Z","sell","maker"
"0.10010000","21250.00000000","2023-06-15T02:40:15.575Z","sell","maker"
"0.10000000","12149.00000000","2023-06-14T19:55:17.857Z","sell","maker"
"0.10990000","975.00000000","2023-06-14T18:38:26.416Z","sell","maker"
"0.13990000","28.00000000","2023-06-14T18:12:28.596Z","buy","taker"
"0.13990000","175.00000000","2023-06-14T17:58:11.796Z","buy","taker"
"0.14280000","262.00000000","2023-06-14T16:34:11.916Z","buy","taker"
"0.14280000","262.00000000","2023-06-14T16:34:11.407Z","buy","taker"
"0.13990000","87.00000000","2023-06-14T16:29:12.832Z","sell","maker"
"0.13990000","38.00000000","2023-06-14T16:29:12.832Z","sell","maker"
"0.13990000","87.00000000","2023-06-14T16:29:12.831Z","sell","maker"
"0.13990000","360.00000000","2023-06-14T16:29:12.831Z","sell","maker"
"0.14280000","522.00000000","2023-06-14T16:29:11.933Z","buy","taker"
"0.14470000","163.00000000","2023-06-14T16:29:11.933Z","buy","taker"
"0.12900000","646.00000000","2023-06-14T16:29:11.426Z","buy","taker"
"0.14280000","39.00000000","2023-06-14T16:29:11.426Z","buy","taker"
"0.10990000","74.00000000","2023-06-14T16:12:17.017Z","buy","taker"
"0.10980000","45.00000000","2023-06-14T16:11:47.183Z","buy","taker"
"0.10980000","223.00000000","2023-06-14T16:10:49.581Z","sell","maker"
"0.10980000","32.00000000","2023-06-14T16:10:49.580Z","sell","maker"
"0.10980000","83.00000000","2023-06-14T16:10:49.580Z","sell","maker"
"0.10980000","83.00000000","2023-06-14T16:10:49.580Z","sell","maker"
"0.10980000","83.00000000","2023-06-14T16:10:49.580Z","sell","maker"
"0.10980000","1638.00000000","2023-06-14T16:10:49.576Z","buy","taker"
"0.10000000","37.00000000","2023-06-14T16:09:53.756Z","buy","taker"
"0.10000000","457.00000000","2023-06-14T16:09:53.756Z","buy","taker"
"0.09500000","650.00000000","2023-06-14T01:38:54.055Z","buy","taker"
"0.09500000","52.00000000","2023-06-14T01:38:54.055Z","buy","taker"
"0.10000000","1333.00000000","2023-06-14T01:38:54.055Z","buy","taker"
"0.07400000","52.00000000","2023-06-13T20:02:14.026Z","sell","maker"
"0.07400000","651.00000000","2023-06-13T19:35:35.664Z","sell","maker"
"0.09980000","275.00000000","2023-06-13T12:52:01.406Z","buy","taker"
"0.09980000","41.00000000","2023-06-13T12:52:01.406Z","buy","taker"
"0.09980000","14.00000000","2023-06-13T07:12:12.063Z","buy","taker"
"0.09000000","4444.00000000","2023-06-12T21:58:07.019Z","buy","taker"
"0.09000000","144.00000000","2023-06-12T17:17:46.359Z","buy","taker"
"0.08990000","1273.00000000","2023-06-12T17:17:43.842Z","buy","taker"
"0.07300000","145.00000000","2023-06-12T16:29:32.253Z","sell","maker"
"0.09000000","99.00000000","2023-06-12T16:24:37.277Z","buy","taker"
"0.09000000","764.00000000","2023-06-12T16:24:37.277Z","buy","taker"
"0.08500000","1703.00000000","2023-06-12T16:24:31.514Z","buy","taker"
"0.07260000","441.00000000","2023-06-12T13:50:27.258Z","sell","maker"
"0.07260000","459.00000000","2023-06-12T13:50:27.258Z","sell","maker"
"0.07260000","106.00000000","2023-06-12T07:30:45.534Z","sell","maker"
"0.07260000","1031.00000000","2023-06-12T04:03:21.256Z","sell","maker"
"0.09000000","10733.00000000","2023-06-11T21:38:28.295Z","buy","taker"
"0.09390000","53.00000000","2023-06-11T20:04:35.708Z","buy","taker"
"0.09390000","80.00000000","2023-06-11T17:44:36.897Z","buy","taker"
"0.09990000","57.00000000","2023-06-11T05:58:18.205Z","buy","taker"
"0.10900000","3.00000000","2023-06-10T19:00:15.719Z","buy","taker"
"0.10940000","3.00000000","2023-06-10T17:52:52.151Z","buy","taker"
"0.07100000","15.00000000","2023-06-10T17:52:41.529Z","sell","maker"
"0.07030000","4815.00000000","2023-06-10T17:16:57.312Z","sell","maker"
"0.07030000","1290.00000000","2023-06-10T06:40:47.761Z","sell","maker"
"0.07030000","876.00000000","2023-06-10T05:48:42.524Z","sell","maker"
"0.07030000","248.00000000","2023-06-10T05:29:20.454Z","sell","maker"
"0.10990000","248.00000000","2023-06-10T04:52:39.840Z","buy","taker"
"0.11000000","15.00000000","2023-06-10T04:03:04.509Z","buy","taker"
"0.07030000","729.00000000","2023-06-10T03:53:14.221Z","sell","maker"
"0.12980000","412.00000000","2023-06-10T01:42:36.706Z","buy","taker"
"0.12990000","108.00000000","2023-06-10T01:36:10.745Z","buy","taker"
"0.06100000","1389.00000000","2023-06-10T01:18:19.389Z","sell","maker"
"0.06100000","1295.00000000","2023-06-10T01:18:19.389Z","sell","maker"
"0.09100000","6.00000000","2023-06-10T01:01:25.372Z","sell","maker"
"0.06100000","3.00000000","2023-06-10T01:01:25.372Z","sell","maker"
"0.13900000","382.00000000","2023-06-09T22:40:09.653Z","sell","maker"
"0.13900000","49.00000000","2023-06-09T21:30:43.491Z","sell","maker"
"0.13900000","142.00000000","2023-06-09T21:30:43.471Z","buy","taker"
"0.13900000","2.00000000","2023-06-09T19:29:28.278Z","buy","taker"
"0.09110000","520.00000000","2023-06-09T18:49:30.329Z","sell","maker"
"0.09100000","269.00000000","2023-06-09T18:49:30.329Z","sell","maker"
"0.10110000","50.00000000","2023-06-09T18:49:30.319Z","sell","maker"
"0.10100000","646.00000000","2023-06-09T18:49:30.319Z","sell","maker"
"0.10090000","184.00000000","2023-06-09T18:49:30.319Z","sell","maker"
"0.14000000","1286.00000000","2023-06-09T18:49:27.291Z","buy","taker"
"0.13750000","2143.00000000","2023-06-09T18:49:27.284Z","buy","taker"
"0.13850000","79.00000000","2023-06-09T18:49:27.284Z","buy","taker"
"0.13850000","79.00000000","2023-06-09T18:49:27.284Z","buy","taker"
"0.13990000","272.00000000","2023-06-09T18:49:27.284Z","buy","taker"
"0.14000000","668.00000000","2023-06-09T18:49:27.284Z","buy","taker"
"0.12830000","412.00000000","2023-06-09T18:49:27.281Z","buy","taker"
"0.12840000","1354.00000000","2023-06-09T18:49:27.281Z","buy","taker"
"0.12860000","525.00000000","2023-06-09T18:49:27.281Z","buy","taker"
"0.12870000","784.00000000","2023-06-09T18:49:27.281Z","buy","taker"
"0.12830000","2.00000000","2023-06-09T15:02:43.923Z","buy","taker"
"0.10100000","29.00000000","2023-06-09T14:22:34.027Z","sell","maker"
"0.10100000","606.00000000","2023-06-09T14:22:24.199Z","sell","maker"
"0.10100000","325.00000000","2023-06-09T14:22:24.199Z","sell","maker"
"0.10100000","208.00000000","2023-06-09T13:39:31.852Z","sell","maker"
"0.10100000","186.00000000","2023-06-09T13:06:54.237Z","sell","maker"
"0.10010000","76634.00000000","2023-06-09T06:55:28.671Z","buy","taker"
"0.10010000","2865.00000000","2023-06-09T06:54:55.676Z","sell","maker"
"0.10010000","249.00000000","2023-06-09T06:54:55.676Z","sell","maker"
"0.10010000","6737.00000000","2023-06-09T06:54:18.557Z","sell","maker"
"0.10010000","362.00000000","2023-06-09T06:02:13.544Z","sell","maker"
"0.12860000","148.00000000","2023-06-09T03:33:40.230Z","buy","taker"
"0.12730000","86.00000000","2023-06-09T03:33:01.607Z","buy","taker"
"0.11570000","4.00000000","2023-06-09T03:16:13.250Z","sell","maker"
"0.10010000","274.00000000","2023-06-09T03:16:13.250Z","sell","maker"
"0.11570000","82.00000000","2023-06-09T02:31:03.424Z","sell","maker"
"0.12860000","193.00000000","2023-06-09T01:06:08.795Z","buy","taker"
"0.13650000","220.00000000","2023-06-09T00:55:26.516Z","sell","maker"
"0.12950000","232.00000000","2023-06-09T00:55:26.516Z","sell","maker"
"0.12590000","79.00000000","2023-06-09T00:55:26.516Z","sell","maker"
"0.12590000","79.00000000","2023-06-09T00:55:26.516Z","sell","maker"
"0.11550000","260.00000000","2023-06-09T00:55:26.516Z","sell","maker"
"0.10100000","9.00000000","2023-06-09T00:55:26.516Z","sell","maker"
"0.13990000","72.00000000","2023-06-08T19:32:48.838Z","buy","taker"
"0.12790000","78.00000000","2023-06-08T19:31:34.586Z","sell","maker"
"0.10010000","96.00000000","2023-06-08T19:31:34.586Z","sell","maker"
"0.14200000","176.00000000","2023-06-08T19:05:42.553Z","buy","taker"
"0.14210000","35.00000000","2023-06-08T18:32:14.266Z","buy","taker"
"0.10000000","1004.00000000","2023-06-08T18:24:54.108Z","sell","maker"
"0.13000000","213.00000000","2023-06-08T18:24:34.758Z","buy","taker"
"0.13000000","244.00000000","2023-06-08T18:24:27.189Z","buy","taker"
"0.13000000","179.00000000","2023-06-08T18:24:25.652Z","buy","taker"
"0.13000000","131.00000000","2023-06-08T18:24:23.742Z","buy","taker"
"0.13000000","96.00000000","2023-06-08T18:24:21.630Z","buy","taker"
"0.09990000","274.00000000","2023-06-08T18:21:33.015Z","buy","taker"
"0.09990000","311.00000000","2023-06-08T18:19:11.928Z","sell","maker"
"0.14360000","584.00000000","2023-06-08T18:18:05.139Z","sell","maker"
"0.14220000","71.00000000","2023-06-08T18:18:05.139Z","sell","maker"
"0.13050000","62.00000000","2023-06-08T18:18:05.139Z","sell","maker"
"0.12920000","77.00000000","2023-06-08T18:18:05.139Z","sell","maker"
"0.09990000","690.00000000","2023-06-08T18:18:05.139Z","sell","maker"
"0.14360000","4.00000000","2023-06-08T18:11:34.120Z","buy","taker"
"0.14360000","70.00000000","2023-06-08T17:52:14.234Z","buy","taker"
"0.14360000","2.00000000","2023-06-08T17:51:56.819Z","buy","taker"
"0.13050000","76.00000000","2023-06-08T16:30:09.276Z","sell","maker"
"0.13050000","14.00000000","2023-06-08T16:30:09.276Z","sell","maker"
"0.14500000","187.00000000","2023-06-08T14:31:06.049Z","buy","taker"
"0.14500000","208.00000000","2023-06-08T13:57:33.777Z","buy","taker"
"0.14360000","76.00000000","2023-06-08T13:55:16.210Z","buy","taker"
"0.14500000","890.00000000","2023-06-08T13:55:16.210Z","buy","taker"
"0.14500000","528.00000000","2023-06-08T12:04:48.499Z","buy","taker"
"0.13050000","68.00000000","2023-06-08T12:03:58.337Z","sell","maker"
"0.10010000","18.00000000","2023-06-08T12:03:58.337Z","sell","maker"
"0.10000000","663.00000000","2023-06-08T12:03:58.337Z","sell","maker"
"0.14500000","68.00000000","2023-06-08T12:00:36.658Z","buy","taker"
"0.13050000","8.00000000","2023-06-08T09:15:38.591Z","sell","maker"
"0.14500000","8.00000000","2023-06-08T08:08:43.251Z","buy","taker"
"0.14500000","2.00000000","2023-06-08T06:26:07.900Z","buy","taker"
"0.10000000","7.00000000","2023-06-08T05:48:53.980Z","sell","maker"
"0.14500000","2.00000000","2023-06-08T05:39:49.433Z","buy","taker"
"0.10000000","1000.00000000","2023-06-08T05:11:05.479Z","sell","maker"
"0.14500000","68.00000000","2023-06-08T04:51:17.317Z","buy","taker"
"0.10000000","13.00000000","2023-06-08T04:43:40.898Z","sell","maker"
"0.14500000","1688.00000000","2023-06-08T04:40:26.351Z","buy","taker"
"0.10010000","13.00000000","2023-06-08T04:39:46.708Z","sell","maker"
"0.10000000","2445.00000000","2023-06-08T04:39:46.708Z","sell","maker"
"0.12890000","83.00000000","2023-06-08T04:37:45.790Z","buy","taker"
"0.13610000","80.00000000","2023-06-08T04:37:45.790Z","buy","taker"
"0.13930000","78.00000000","2023-06-08T04:37:45.790Z","buy","taker"
"0.14500000","1606.00000000","2023-06-08T04:37:45.790Z","buy","taker"
"0.10000000","55.00000000","2023-06-08T04:36:54.243Z","sell","maker"
"0.10000000","2609.00000000","2023-06-08T04:36:54.243Z","sell","maker"
"0.12890000","2.00000000","2023-06-08T04:11:37.460Z","buy","taker"
"0.11720000","85.00000000","2023-06-08T03:16:09.112Z","sell","maker"
"0.10000000","45.00000000","2023-06-08T03:16:09.112Z","sell","maker"
"0.13020000","81.00000000","2023-06-08T03:03:43.203Z","buy","taker"
"0.13020000","84.00000000","2023-06-08T03:03:43.203Z","buy","taker"
"0.13020000","2.00000000","2023-06-08T02:23:10.823Z","buy","taker"
"0.12660000","8.00000000","2023-06-08T01:59:24.180Z","buy","taker"
"0.13020000","1.00000000","2023-06-08T01:59:24.180Z","buy","taker"
"0.12660000","8.00000000","2023-06-08T01:58:49.060Z","buy","taker"
"0.12660000","48.00000000","2023-06-08T01:58:14.992Z","buy","taker"
"0.12660000","8.00000000","2023-06-08T01:20:08.698Z","buy","taker"
"0.12660000","8.00000000","2023-06-08T01:20:08.698Z","buy","taker"
"0.12660000","8.00000000","2023-06-08T01:20:08.698Z","buy","taker"
"0.12660000","11.00000000","2023-06-08T01:20:08.119Z","buy","taker"
"0.12660000","8.00000000","2023-06-08T01:13:53.140Z","buy","taker"
"0.12660000","184.00000000","2023-06-08T01:07:14.302Z","buy","taker"
"0.12660000","295.00000000","2023-06-07T23:32:26.930Z","buy","taker"
"0.11200000","89.00000000","2023-06-07T20:37:03.775Z","sell","maker"
"0.11840000","84.00000000","2023-06-07T20:36:38.352Z","sell","maker"
"0.11840000","84.00000000","2023-06-07T20:36:38.352Z","sell","maker"
"0.11950000","13218.00000000","2023-06-07T20:36:35.506Z","sell","maker"
"0.11950000","15016.00000000","2023-06-07T19:58:40.546Z","sell","maker"
"0.11950000","2146.00000000","2023-06-07T19:44:25.206Z","sell","maker"
"0.11950000","501.00000000","2023-06-07T18:59:03.406Z","sell","maker"
"0.11950000","91.00000000","2023-06-07T17:21:19.081Z","sell","maker"
"0.11950000","6122.00000000","2023-06-07T15:56:34.110Z","sell","maker"
"0.12660000","13.00000000","2023-06-07T12:24:16.385Z","buy","taker"
"0.11950000","1346.00000000","2023-06-07T06:44:11.745Z","sell","maker"
"0.12320000","505.00000000","2023-06-07T03:00:29.092Z","buy","taker"
"0.11950000","994.00000000","2023-06-07T02:04:56.140Z","sell","maker"
"0.11950000","502.00000000","2023-06-07T01:43:04.406Z","sell","maker"
"0.11950000","1905.00000000","2023-06-07T01:38:47.806Z","sell","maker"
"0.12560000","34.00000000","2023-06-07T01:00:22.932Z","buy","taker"
"0.12660000","78.00000000","2023-06-06T23:37:48.309Z","buy","taker"
"0.12370000","80.00000000","2023-06-06T22:00:41.715Z","buy","taker"
"0.13160000","475.00000000","2023-06-06T21:54:08.423Z","sell","maker"
"0.13570000","369.00000000","2023-06-06T21:53:35.262Z","sell","maker"
"0.14000000","743.00000000","2023-06-06T21:52:22.752Z","buy","taker"
"0.14300000","76.00000000","2023-06-06T21:52:22.752Z","buy","taker"
"0.14840000","74.00000000","2023-06-06T21:52:22.752Z","buy","taker"
"0.15120000","57.00000000","2023-06-06T21:52:22.752Z","buy","taker"
"0.13870000","289.00000000","2023-06-06T21:51:38.499Z","sell","maker"
"0.14000000","358.00000000","2023-06-06T21:50:47.322Z","buy","taker"
"0.14000000","71.00000000","2023-06-06T21:49:04.131Z","buy","taker"
"0.13850000","79.00000000","2023-06-06T21:47:21.306Z","buy","taker"
"0.14000000","4989.00000000","2023-06-06T21:47:21.306Z","buy","taker"
"0.12380000","2881.00000000","2023-06-06T21:47:20.199Z","buy","taker"
"0.12400000","1601.00000000","2023-06-06T21:47:20.199Z","buy","taker"
"0.12430000","599.00000000","2023-06-06T21:47:20.199Z","buy","taker"
"0.12150000","1082.00000000","2023-06-06T20:53:43.156Z","sell","maker"
"0.12220000","1790.00000000","2023-06-06T20:32:07.187Z","buy","taker"
"0.12220000","2018.00000000","2023-06-06T20:32:07.108Z","sell","maker"
"0.12280000","73.00000000","2023-06-06T20:10:37.866Z","sell","maker"
"0.12220000","123.00000000","2023-06-06T18:01:52.053Z","sell","maker"
"0.12250000","485.00000000","2023-06-06T17:31:52.475Z","sell","maker"
"0.12040000","102.00000000","2023-06-06T15:52:25.654Z","sell","maker"
"0.12100000","159.00000000","2023-06-06T15:45:19.729Z","buy","taker"
"0.11980000","15.00000000","2023-06-06T15:36:35.559Z","buy","taker"
"0.12010000","3203.00000000","2023-06-06T15:36:35.559Z","buy","taker"
"0.12040000","4396.00000000","2023-06-06T15:36:35.559Z","buy","taker"
"0.12070000","5381.00000000","2023-06-06T15:36:35.559Z","buy","taker"
"0.12100000","6238.00000000","2023-06-06T15:36:35.559Z","buy","taker"
"0.12140000","7092.00000000","2023-06-06T15:36:35.559Z","buy","taker"
"0.12180000","7764.00000000","2023-06-06T15:36:35.559Z","buy","taker"
"0.12220000","3818.00000000","2023-06-06T15:36:35.559Z","buy","taker"
"0.13190000","17.00000000","2023-06-06T15:34:07.734Z","sell","maker"
"0.11950000","1814.00000000","2023-06-06T15:18:28.928Z","buy","taker"
"0.11950000","1803.00000000","2023-06-06T15:18:08.037Z","buy","taker"
"0.11950000","1809.00000000","2023-06-06T15:17:47.182Z","buy","taker"
"0.11960000","1816.00000000","2023-06-06T15:17:19.846Z","buy","taker"
"0.11970000","1783.00000000","2023-06-06T15:16:51.712Z","buy","taker"
"0.11970000","3.00000000","2023-06-06T15:16:35.940Z","buy","taker"
"0.11970000","1810.00000000","2023-06-06T15:16:22.830Z","buy","taker"
"0.11980000","2.00000000","2023-06-06T15:16:06.501Z","buy","taker"
"0.11980000","1800.00000000","2023-06-06T15:15:51.209Z","buy","taker"
"0.11990000","1790.00000000","2023-06-06T15:15:37.057Z","buy","taker"
"0.11990000","1805.00000000","2023-06-06T15:14:54.274Z","buy","taker"
"0.11990000","1810.00000000","2023-06-06T15:14:46.333Z","buy","taker"
"0.11850000","102.00000000","2023-06-06T13:59:34.264Z","buy","taker"
"0.11620000","5209.00000000","2023-06-06T13:27:20.053Z","buy","taker"
"0.11630000","990.00000000","2023-06-06T13:27:20.053Z","buy","taker"
"0.11640000","215.00000000","2023-06-06T13:10:17.249Z","sell","maker"
"0.11710000","113.00000000","2023-06-06T13:06:24.996Z","sell","maker"
"0.12150000","905.00000000","2023-06-06T03:07:42.440Z","buy","taker"
"0.11940000","2013.00000000","2023-06-05T22:38:43.079Z","buy","taker"
"0.11940000","5144.00000000","2023-06-05T22:38:43.079Z","buy","taker"
"0.11960000","2017.00000000","2023-06-05T22:38:43.079Z","buy","taker"
"0.11870000","107.00000000","2023-06-05T21:17:03.353Z","sell","maker"
"0.11890000","100.00000000","2023-06-05T21:16:29.535Z","sell","maker"
"0.11900000","1468.00000000","2023-06-05T19:10:29.973Z","sell","maker"
"0.11930000","42.00000000","2023-06-05T19:01:17.988Z","buy","taker"
"0.12010000","100.00000000","2023-06-05T17:30:37.606Z","sell","maker"
"0.12040000","249.00000000","2023-06-05T17:26:06.069Z","buy","taker"
"0.12130000","165.00000000","2023-06-05T16:51:06.443Z","buy","taker"
"0.12090000","1661.00000000","2023-06-05T16:47:25.841Z","sell","maker"
"0.12260000","1093.00000000","2023-06-05T16:18:24.616Z","sell","maker"
"0.12010000","1000.00000000","2023-06-05T16:09:04.653Z","buy","taker"
"0.11970000","19.00000000","2023-06-05T16:08:46.288Z","buy","taker"
"0.11930000","1390.00000000","2023-06-05T16:08:01.129Z","buy","taker"
"0.11930000","2548.00000000","2023-06-05T16:08:01.129Z","buy","taker"
"0.11910000","379.00000000","2023-06-05T16:08:00.491Z","buy","taker"
"0.11930000","4642.00000000","2023-06-05T16:08:00.491Z","buy","taker"
"0.11900000","3605.00000000","2023-06-05T16:08:00.171Z","buy","taker"
"0.11910000","1638.00000000","2023-06-05T16:08:00.171Z","buy","taker"
"0.11900000","3567.00000000","2023-06-05T16:07:10.037Z","buy","taker"
"0.11850000","1985.00000000","2023-06-05T16:07:00.702Z","buy","taker"
"0.11850000","2.00000000","2023-06-05T16:05:45.334Z","sell","maker"
"0.11850000","126.00000000","2023-06-05T16:04:55.170Z","sell","maker"
"0.12000000","5.00000000","2023-06-05T16:04:22.754Z","sell","maker"
"0.12000000","217.00000000","2023-06-05T16:03:48.911Z","sell","maker"
"0.12240000","149.00000000","2023-06-05T16:00:57.529Z","sell","maker"
"0.12370000","1093.00000000","2023-06-05T15:59:27.037Z","sell","maker"
"0.12590000","8.00000000","2023-06-05T15:58:12.735Z","sell","maker"
"0.12590000","71.00000000","2023-06-05T15:58:04.431Z","sell","maker"
"0.12920000","136.00000000","2023-06-05T15:37:41.735Z","buy","taker"
"0.12890000","70.00000000","2023-06-05T15:29:56.475Z","sell","maker"
"0.13000000","7.00000000","2023-06-05T15:25:12.539Z","sell","maker"
"0.13470000","71.00000000","2023-06-05T13:41:37.540Z","buy","taker"
"0.13460000","1800.00000000","2023-06-05T13:40:55.184Z","sell","maker"
"0.13460000","1786.00000000","2023-06-05T13:39:21.769Z","sell","maker"
"0.13460000","1779.00000000","2023-06-05T13:38:18.337Z","sell","maker"
"0.13460000","1793.00000000","2023-06-05T13:37:55.167Z","sell","maker"
"0.13460000","1793.00000000","2023-06-05T13:37:52.009Z","sell","maker"
"0.13460000","1809.00000000","2023-06-05T13:37:43.224Z","sell","maker"
"0.14500000","37.00000000","2023-06-05T13:15:05.306Z","buy","taker"
"0.13750000","25.00000000","2023-06-05T01:40:48.962Z","sell","maker"
"0.13970000","289.00000000","2023-06-04T19:52:08.937Z","sell","maker"
"0.13990000","650.00000000","2023-06-04T11:19:27.257Z","sell","maker"
"0.13810000","181.00000000","2023-06-04T10:45:36.527Z","sell","maker"
"0.13800000","11.00000000","2023-06-04T10:33:20.007Z","sell","maker"
"0.13920000","72.00000000","2023-06-04T10:25:52.043Z","sell","maker"
"0.13920000","539.00000000","2023-06-04T10:25:51.897Z","sell","maker"
"0.13820000","1794.00000000","2023-06-04T10:00:01.905Z","sell","maker"
"0.13820000","5271.00000000","2023-06-04T10:00:01.628Z","sell","maker"
"0.13780000","1983.00000000","2023-06-04T09:50:11.460Z","sell","maker"
"0.13840000","654.00000000","2023-06-04T09:48:14.486Z","buy","taker"
"0.13840000","542.00000000","2023-06-04T09:48:12.980Z","buy","taker"
"0.13840000","73.00000000","2023-06-04T09:48:06.831Z","buy","taker"
"0.13740000","145.00000000","2023-06-04T09:47:02.695Z","sell","maker"
"0.13740000","390.00000000","2023-06-04T09:47:02.682Z","sell","maker"
"0.13260000","30.00000000","2023-06-04T02:11:43.266Z","buy","taker"
"0.13260000","2013.00000000","2023-06-04T00:30:39.753Z","buy","taker"
"0.13270000","16.00000000","2023-06-04T00:30:39.753Z","buy","taker"
"0.13280000","2484.00000000","2023-06-04T00:30:39.753Z","buy","taker"
"0.13270000","754.00000000","2023-06-03T22:40:08.132Z","buy","taker"
"0.13250000","6.00000000","2023-06-03T18:15:12.774Z","sell","maker"
"0.13250000","68.00000000","2023-06-03T18:06:40.843Z","sell","maker"
"0.13360000","49.00000000","2023-06-03T12:30:21.406Z","sell","maker"
"0.13470000","19.00000000","2023-06-03T12:18:00.487Z","buy","taker"
"0.14500000","3.00000000","2023-06-03T12:18:00.487Z","buy","taker"
"0.13480000","64.00000000","2023-06-03T10:33:13.796Z","buy","taker"
"0.13480000","582.00000000","2023-06-03T10:30:39.373Z","buy","taker"
"0.13400000","1982.00000000","2023-06-03T08:25:38.101Z","buy","taker"
"0.13400000","28.00000000","2023-06-03T08:25:38.101Z","buy","taker"
"0.13290000","9.00000000","2023-06-03T00:17:50.428Z","sell","maker"
"0.13380000","29.00000000","2023-06-02T22:51:10.192Z","sell","maker"
"0.13440000","22.00000000","2023-06-02T22:24:23.006Z","buy","taker"
"0.13410000","55.00000000","2023-06-02T20:35:39.968Z","buy","taker"
"0.13410000","1510.00000000","2023-06-02T20:35:39.968Z","buy","taker"
"0.13250000","27.00000000","2023-06-02T17:26:10.185Z","sell","maker"
"0.13250000","507.00000000","2023-06-02T17:17:37.006Z","sell","maker"
"0.13330000","28.00000000","2023-06-02T17:14:55.906Z","buy","taker"
"0.13240000","300.00000000","2023-06-02T14:40:59.152Z","sell","maker"
"0.14620000","306.00000000","2023-06-02T14:40:59.094Z","buy","taker"
"0.14620000","306.00000000","2023-06-02T14:40:59.089Z","sell","maker"
"0.13300000","69.00000000","2023-06-02T14:40:59.085Z","buy","taker"
"0.13210000","1405.00000000","2023-06-02T14:32:59.006Z","sell","maker"
"0.13290000","15.00000000","2023-06-02T13:58:34.822Z","sell","maker"
"0.13350000","1000.00000000","2023-06-02T11:53:20.299Z","sell","maker"
"0.14750000","366.00000000","2023-06-02T11:53:17.298Z","buy","taker"
"0.14760000","336.00000000","2023-06-02T11:53:17.298Z","buy","taker"
"0.14750000","702.00000000","2023-06-02T11:53:17.292Z","sell","maker"
"0.14400000","783.00000000","2023-06-02T11:53:17.288Z","buy","taker"
"0.13290000","75.00000000","2023-06-02T06:56:45.874Z","sell","maker"
"0.13290000","155.00000000","2023-06-02T04:53:08.806Z","sell","maker"
"0.13000000","69.00000000","2023-06-02T00:39:02.484Z","sell","maker"
"0.13070000","2001.00000000","2023-06-01T23:37:16.003Z","sell","maker"
"0.13060000","126.00000000","2023-06-01T23:37:16.003Z","sell","maker"
"0.13090000","45.00000000","2023-06-01T22:44:59.545Z","sell","maker"
"0.14320000","76.00000000","2023-06-01T21:38:57.451Z","buy","taker"
"0.14450000","676.00000000","2023-06-01T21:38:57.451Z","buy","taker"
"0.12980000","38.00000000","2023-06-01T06:07:54.854Z","sell","maker"
"0.12950000","61.00000000","2023-06-01T03:05:34.876Z","buy","taker"
"0.12880000","4330.00000000","2023-06-01T03:04:29.634Z","sell","maker"
"0.12870000","918.00000000","2023-06-01T03:04:29.634Z","sell","maker"
"0.12900000","200.00000000","2023-06-01T03:04:29.241Z","sell","maker"
"0.12880000","3573.00000000","2023-06-01T03:04:29.241Z","sell","maker"
"0.12870000","1374.00000000","2023-06-01T03:04:29.241Z","sell","maker"
"0.13070000","39.00000000","2023-05-31T20:17:34.136Z","sell","maker"
"0.12970000","193.00000000","2023-05-31T16:52:25.854Z","buy","taker"
"0.13080000","76.00000000","2023-05-31T16:09:11.834Z","buy","taker"
"0.13020000","76.00000000","2023-05-31T16:07:06.472Z","sell","maker"
"0.13020000","85.00000000","2023-05-31T16:07:06.472Z","sell","maker"
"0.13090000","99.00000000","2023-05-31T16:02:42.585Z","buy","taker"
"0.13240000","11.00000000","2023-05-31T06:34:45.697Z","buy","taker"
"0.13200000","4.00000000","2023-05-31T05:57:16.554Z","sell","maker"
"0.13180000","80.00000000","2023-05-31T05:57:16.554Z","sell","maker"
"0.13220000","39.00000000","2023-05-31T05:12:31.896Z","buy","taker"
"0.13220000","193.00000000","2023-05-31T05:05:01.600Z","buy","taker"
"0.13200000","91.00000000","2023-05-31T05:01:36.679Z","sell","maker"
"0.13330000","255.00000000","2023-05-31T04:53:08.966Z","buy","taker"
"0.13220000","185.00000000","2023-05-31T04:50:12.448Z","sell","maker"
"0.13210000","1912.00000000","2023-05-31T04:50:12.448Z","sell","maker"
"0.13330000","76.00000000","2023-05-31T04:47:52.428Z","sell","maker"
"0.13480000","37.00000000","2023-05-31T04:07:14.736Z","buy","taker"
"0.13510000","153.00000000","2023-05-31T02:26:20.229Z","buy","taker"
"0.13440000","149.00000000","2023-05-31T00:30:28.752Z","buy","taker"
"0.13430000","74.00000000","2023-05-31T00:21:28.949Z","buy","taker"
"0.13460000","149.00000000","2023-05-30T23:33:48.000Z","buy","taker"
"0.13430000","1148.00000000","2023-05-30T20:41:40.434Z","sell","maker"
"0.13490000","8.00000000","2023-05-30T15:25:10.861Z","sell","maker"
"0.13500000","15.00000000","2023-05-30T15:22:21.222Z","buy","taker"
"0.13490000","66.00000000","2023-05-30T14:59:23.031Z","sell","maker"
"0.13710000","14.00000000","2023-05-30T10:48:42.743Z","buy","taker"
"0.13600000","14.00000000","2023-05-30T05:41:59.856Z","buy","taker"
"0.13650000","1465.00000000","2023-05-30T04:55:57.530Z","buy","taker"
"0.13590000","11.00000000","2023-05-29T22:29:57.769Z","buy","taker"
"0.13630000","349.00000000","2023-05-29T20:46:20.085Z","sell","maker"
"0.13690000","65.00000000","2023-05-29T20:34:27.181Z","buy","taker"
"0.13640000","1771.00000000","2023-05-29T20:32:42.381Z","sell","maker"
"0.13630000","2000.00000000","2023-05-29T20:32:42.381Z","sell","maker"
"0.13630000","5277.00000000","2023-05-29T20:32:42.381Z","sell","maker"
"0.13610000","2010.00000000","2023-05-29T20:32:42.381Z","sell","maker"
"0.13590000","3611.00000000","2023-05-29T20:32:42.381Z","sell","maker"
"0.13580000","44.00000000","2023-05-29T20:32:42.381Z","sell","maker"
"0.13570000","616.00000000","2023-05-29T20:32:42.381Z","sell","maker"
"0.13560000","632.00000000","2023-05-29T20:32:42.381Z","sell","maker"
"0.13560000","3969.00000000","2023-05-29T20:32:42.381Z","sell","maker"
"0.14960000","58.00000000","2023-05-29T20:32:40.225Z","buy","taker"
"0.13700000","350.00000000","2023-05-29T20:30:47.096Z","buy","taker"
"0.13690000","2012.00000000","2023-05-29T20:30:17.021Z","buy","taker"
"0.13710000","3580.00000000","2023-05-29T20:30:17.021Z","buy","taker"
"0.13740000","4913.00000000","2023-05-29T20:30:17.021Z","buy","taker"
"0.13770000","5953.00000000","2023-05-29T20:30:17.021Z","buy","taker"
"0.13800000","3593.00000000","2023-05-29T20:30:17.021Z","buy","taker"
"0.13620000","48.00000000","2023-05-29T20:30:12.588Z","sell","maker"
"0.14990000","320.00000000","2023-05-29T20:27:38.824Z","buy","taker"
"0.13680000","22.00000000","2023-05-29T20:26:11.422Z","buy","taker"
"0.13690000","13.00000000","2023-05-29T20:26:11.422Z","buy","taker"
"0.13780000","34.00000000","2023-05-29T14:28:19.209Z","buy","taker"
"0.13780000","36.00000000","2023-05-29T13:15:07.551Z","buy","taker"
"0.13660000","100.00000000","2023-05-29T04:13:41.395Z","sell","maker"
"0.13990000","22.00000000","2023-05-28T22:24:45.921Z","sell","maker"
"0.14010000","11.00000000","2023-05-28T22:11:47.038Z","sell","maker"
"0.13670000","1111.00000000","2023-05-28T17:12:05.633Z","buy","taker"
"0.13580000","712.00000000","2023-05-27T23:29:00.555Z","sell","maker"
"0.15000000","194.00000000","2023-05-27T23:29:00.516Z","buy","taker"
"0.15010000","522.00000000","2023-05-27T23:29:00.516Z","buy","taker"
"0.15000000","716.00000000","2023-05-27T23:29:00.509Z","sell","maker"
"0.13750000","43.00000000","2023-05-27T23:29:00.506Z","buy","taker"
"0.13540000","100.00000000","2023-05-27T20:52:38.839Z","buy","taker"
"0.13550000","37.00000000","2023-05-27T16:51:26.059Z","buy","taker"
"0.13490000","14.00000000","2023-05-27T16:46:07.900Z","sell","maker"
"0.13610000","1.00000000","2023-05-27T16:34:05.377Z","sell","maker"
"0.13610000","14.00000000","2023-05-27T16:21:26.455Z","sell","maker"
"0.13670000","16.00000000","2023-05-27T13:57:43.488Z","buy","taker"
"0.13660000","861.00000000","2023-05-27T13:44:17.602Z","sell","maker"
"0.13660000","1095.00000000","2023-05-27T13:04:17.601Z","sell","maker"
"0.13720000","11.00000000","2023-05-27T11:15:54.423Z","buy","taker"
"0.13620000","953.00000000","2023-05-27T10:41:56.626Z","sell","maker"
"0.13670000","16.00000000","2023-05-27T10:40:56.604Z","buy","taker"
"0.13660000","16.00000000","2023-05-27T10:38:44.076Z","buy","taker"
"0.13700000","818.00000000","2023-05-27T10:27:59.830Z","buy","taker"
"0.13660000","39.00000000","2023-05-27T09:15:53.516Z","buy","taker"
"0.13660000","15.00000000","2023-05-27T07:22:15.357Z","buy","taker"
"0.13620000","309.00000000","2023-05-27T07:21:53.145Z","sell","maker"
"0.15050000","804.00000000","2023-05-27T07:21:53.135Z","sell","maker"
"0.15050000","16.00000000","2023-05-27T07:21:53.134Z","sell","maker"
"0.15050000","317.00000000","2023-05-27T07:21:53.134Z","sell","maker"
"0.15050000","317.00000000","2023-05-27T07:21:53.133Z","sell","maker"
"0.15050000","317.00000000","2023-05-27T07:21:53.133Z","sell","maker"
"0.15050000","317.00000000","2023-05-27T07:21:53.133Z","sell","maker"
"0.15050000","822.00000000","2023-05-27T07:21:53.133Z","sell","maker"
"0.13750000","454.00000000","2023-05-26T15:32:19.160Z","sell","maker"
"0.13820000","573.00000000","2023-05-26T15:15:26.333Z","buy","taker"
"0.13690000","1989.00000000","2023-05-26T13:23:33.939Z","buy","taker"
"0.13690000","2017.00000000","2023-05-26T13:23:22.745Z","buy","taker"
"0.13690000","1991.00000000","2023-05-26T13:23:13.474Z","buy","taker"
"0.13690000","2017.00000000","2023-05-26T13:23:00.152Z","buy","taker"
"0.13690000","2007.00000000","2023-05-26T13:22:45.458Z","buy","taker"
"0.13690000","2016.00000000","2023-05-26T13:22:33.332Z","buy","taker"
"0.13690000","2000.00000000","2023-05-26T13:22:25.809Z","buy","taker"