"price","volume","time","side","orderType"
"35.99000000","0.13892000","2023-06-27T02:54:10.121Z","buy","taker"
"35.99000000","0.10698000","2023-06-27T02:39:48.432Z","buy","taker"
"35.00000000","0.77682000","2023-06-27T02:19:16.461Z","buy","taker"
"34.99000000","1.25078000","2023-06-27T01:53:47.680Z","buy","taker"
"34.99000000","0.27577000","2023-06-27T01:51:51.586Z","buy","taker"
"34.99000000","0.11023000","2023-06-27T01:51:12.765Z","buy","taker"
"34.99000000","0.03192000","2023-06-27T01:47:27.688Z","buy","taker"
"34.99000000","0.07460000","2023-06-27T01:47:21.184Z","buy","taker"
"30.64000000","0.07822000","2023-06-27T01:46:54.714Z","sell","maker"
"34.99000000","0.14289000","2023-06-27T01:43:42.559Z","buy","taker"
"34.99000000","0.35975000","2023-06-27T01:41:32.820Z","buy","taker"
"34.99000000","0.03179000","2023-06-27T01:40:49.769Z","buy","taker"
"35.00000000","0.08492000","2023-06-27T01:39:30.065Z","buy","taker"
"35.00000000","0.13826000","2023-06-27T01:39:23.068Z","buy","taker"
"37.09000000","0.18533000","2023-06-27T01:36:02.290Z","buy","taker"
"37.10000000","0.24695000","2023-06-27T01:35:25.609Z","buy","taker"
"37.13000000","0.10820000","2023-06-27T01:34:47.634Z","buy","taker"
"37.15000000","0.03346000","2023-06-27T01:34:30.551Z","buy","taker"
"37.15000000","0.11857000","2023-06-27T01:34:29.719Z","buy","taker"
"37.35000000","0.05198000","2023-06-27T01:32:48.868Z","buy","taker"
"37.35000000","0.07761000","2023-06-27T01:32:21.181Z","buy","taker"
"37.40000000","0.03081000","2023-06-27T01:31:22.210Z","buy","taker"
"37.41000000","0.50227000","2023-06-27T01:31:10.465Z","buy","taker"
"30.07000000","2.45244000","2023-06-27T01:30:27.834Z","sell","maker"
"37.45000000","0.10691000","2023-06-27T01:30:18.888Z","buy","taker"
"37.47000000","0.27212000","2023-06-27T01:29:33.083Z","buy","taker"
"37.47000000","0.03278000","2023-06-27T01:29:30.832Z","buy","taker"
"37.47000000","0.08157000","2023-06-27T01:29:14.061Z","buy","taker"
"37.48000000","0.19971000","2023-06-27T01:28:36.340Z","buy","taker"
"37.50000000","0.04085000","2023-06-27T01:28:00.427Z","buy","taker"
"37.52000000","0.04462000","2023-06-27T01:27:39.756Z","buy","taker"
"37.52000000","0.25016000","2023-06-27T01:27:38.331Z","buy","taker"
"37.55000000","0.03277000","2023-06-27T01:27:04.629Z","buy","taker"
"37.58000000","0.07903000","2023-06-27T01:26:31.357Z","buy","taker"
"37.65000000","0.08022000","2023-06-27T01:25:10.592Z","buy","taker"
"37.66000000","0.04399000","2023-06-27T01:25:02.974Z","buy","taker"
"37.66000000","0.06098000","2023-06-27T01:25:00.659Z","buy","taker"
"37.66000000","0.25617000","2023-06-27T01:24:57.960Z","buy","taker"
"37.71000000","0.85936000","2023-06-27T01:23:54.173Z","buy","taker"
"37.74000000","0.07668000","2023-06-27T01:23:21.549Z","buy","taker"
"37.78000000","0.04924000","2023-06-27T01:22:35.877Z","buy","taker"
"37.78000000","1.35933000","2023-06-27T01:22:25.842Z","buy","taker"
"37.78000000","0.14400000","2023-06-27T01:22:23.645Z","buy","taker"
"37.79000000","0.10207000","2023-06-27T01:22:15.808Z","buy","taker"
"37.82000000","0.05162000","2023-06-27T01:21:40.659Z","buy","taker"
"37.83000000","0.08376000","2023-06-27T01:21:35.830Z","buy","taker"
"37.86000000","0.08869000","2023-06-27T01:20:59.327Z","buy","taker"
"37.86000000","0.04226000","2023-06-27T01:20:53.039Z","buy","taker"
"37.87000000","1.56044000","2023-06-27T01:20:44.877Z","buy","taker"
"37.87000000","0.10801000","2023-06-27T01:20:44.102Z","buy","taker"
"37.91000000","0.50898000","2023-06-27T01:20:24.361Z","buy","taker"
"37.99000000","0.07617000","2023-06-27T01:20:08.279Z","buy","taker"
"38.32000000","0.13519000","2023-06-27T01:19:23.215Z","buy","taker"
"29.12000000","1.73849000","2023-06-27T01:19:21.736Z","sell","maker"
"29.12000000","0.51510000","2023-06-27T01:19:21.736Z","sell","maker"
"29.11000000","0.00155000","2023-06-27T01:19:21.736Z","sell","maker"
"38.33000000","0.30893000","2023-06-27T01:19:08.402Z","buy","taker"
"38.34000000","7.76346000","2023-06-27T01:18:58.429Z","buy","taker"
"29.06000000","2.86577000","2023-06-27T01:18:57.988Z","sell","maker"
"38.35000000","0.06244000","2023-06-27T01:18:54.063Z","buy","taker"
"38.35000000","0.05928000","2023-06-27T01:18:52.765Z","buy","taker"
"38.35000000","0.35998000","2023-06-27T01:18:40.665Z","buy","taker"
"38.36000000","0.03977000","2023-06-27T01:18:34.405Z","buy","taker"
"38.18000000","0.12172000","2023-06-27T01:18:25.132Z","buy","taker"
"38.18000000","0.25324000","2023-06-27T01:18:24.793Z","buy","taker"
"38.18000000","0.21738000","2023-06-27T01:18:14.322Z","buy","taker"
"38.18000000","0.79916000","2023-06-27T01:18:01.036Z","buy","taker"
"38.19000000","0.07402000","2023-06-27T01:17:37.531Z","buy","taker"
"38.20000000","0.10101000","2023-06-27T01:17:35.540Z","buy","taker"
"38.21000000","0.11559000","2023-06-27T01:17:29.414Z","buy","taker"
"38.23000000","0.73176000","2023-06-27T01:17:05.726Z","buy","taker"
"38.23000000","0.15147000","2023-06-27T01:16:57.257Z","buy","taker"
"38.25000000","0.07377000","2023-06-27T01:16:43.423Z","buy","taker"
"38.25000000","0.09530000","2023-06-27T01:16:31.130Z","buy","taker"
"38.26000000","0.15932000","2023-06-27T01:16:22.469Z","buy","taker"
"38.26000000","0.04785000","2023-06-27T01:16:20.285Z","buy","taker"
"38.27000000","0.32813000","2023-06-27T01:16:13.130Z","buy","taker"
"38.27000000","0.08110000","2023-06-27T01:16:02.468Z","buy","taker"
"38.29000000","0.11566000","2023-06-27T01:15:47.798Z","buy","taker"
"38.29000000","0.17328000","2023-06-27T01:15:33.414Z","buy","taker"
"38.30000000","0.06993000","2023-06-27T01:15:25.868Z","buy","taker"
"38.33000000","0.27697000","2023-06-27T01:14:59.576Z","buy","taker"
"38.33000000","0.30381000","2023-06-27T01:14:55.011Z","buy","taker"
"38.33000000","0.10757000","2023-06-27T01:14:47.293Z","buy","taker"
"38.33000000","0.05760000","2023-06-27T01:14:41.531Z","buy","taker"
"38.34000000","0.07996000","2023-06-27T01:14:37.977Z","buy","taker"
"38.35000000","0.07029000","2023-06-27T01:14:23.125Z","buy","taker"
"38.35000000","0.07570000","2023-06-27T01:14:03.036Z","buy","taker"
"38.36000000","0.24730000","2023-06-27T01:13:48.391Z","buy","taker"
"38.36000000","0.12387000","2023-06-27T01:13:48.335Z","buy","taker"
"38.36000000","0.35310000","2023-06-27T01:13:39.358Z","buy","taker"
"37.81000000","0.06653000","2023-06-27T01:13:04.645Z","buy","taker"
"37.82000000","0.03944000","2023-06-27T01:12:57.969Z","buy","taker"
"37.82000000","0.06717000","2023-06-27T01:12:54.248Z","buy","taker"
"37.83000000","0.03344000","2023-06-27T01:12:44.752Z","buy","taker"
"37.84000000","0.22117000","2023-06-27T01:12:32.269Z","buy","taker"
"37.84000000","0.25760000","2023-06-27T01:12:21.147Z","buy","taker"
"37.85000000","0.06299000","2023-06-27T01:12:17.397Z","buy","taker"
"37.86000000","0.09405000","2023-06-27T01:12:11.045Z","buy","taker"
"37.87000000","0.13102000","2023-06-27T01:11:47.066Z","buy","taker"
"37.88000000","0.16473000","2023-06-27T01:11:40.192Z","buy","taker"
"37.89000000","0.08722000","2023-06-27T01:11:21.683Z","buy","taker"
"37.92000000","0.07634000","2023-06-27T01:10:36.288Z","buy","taker"
"37.92000000","0.05736000","2023-06-27T01:10:32.372Z","buy","taker"
"37.92000000","0.81914000","2023-06-27T01:10:24.333Z","buy","taker"
"37.92000000","0.05693000","2023-06-27T01:10:22.028Z","buy","taker"
"37.92000000","0.13631000","2023-06-27T01:10:17.961Z","buy","taker"
"37.92000000","0.30596000","2023-06-27T01:10:11.327Z","buy","taker"
"37.93000000","0.27385000","2023-06-27T01:10:05.955Z","buy","taker"
"37.93000000","0.13034000","2023-06-27T01:10:03.171Z","buy","taker"
"37.94000000","0.03250000","2023-06-27T01:09:43.423Z","buy","taker"
"37.95000000","0.18027000","2023-06-27T01:09:40.178Z","buy","taker"
"37.96000000","0.05082000","2023-06-27T01:09:29.343Z","buy","taker"
"37.96000000","0.05083000","2023-06-27T01:09:26.578Z","buy","taker"
"37.97000000","0.04714000","2023-06-27T01:09:22.608Z","buy","taker"
"37.98000000","0.05035000","2023-06-27T01:09:16.136Z","buy","taker"
"37.98000000","0.22098000","2023-06-27T01:09:14.645Z","buy","taker"
"37.98000000","0.07682000","2023-06-27T01:09:13.687Z","buy","taker"
"37.98000000","0.09480000","2023-06-27T01:09:09.561Z","buy","taker"
"37.98000000","0.05348000","2023-06-27T01:09:01.813Z","buy","taker"
"37.99000000","0.04994000","2023-06-27T01:08:57.891Z","buy","taker"
"37.99000000","0.70628000","2023-06-27T01:08:54.551Z","buy","taker"
"37.99000000","0.17856000","2023-06-27T01:08:47.667Z","buy","taker"
"37.90000000","0.08194000","2023-06-27T01:08:33.395Z","buy","taker"
"37.90000000","0.19403000","2023-06-27T01:08:18.433Z","buy","taker"
"37.91000000","0.22902000","2023-06-27T01:08:01.897Z","buy","taker"
"37.91000000","0.89154000","2023-06-27T01:07:54.554Z","buy","taker"
"37.93000000","0.07999000","2023-06-27T01:07:28.734Z","buy","taker"
"37.94000000","0.29793000","2023-06-27T01:07:21.149Z","buy","taker"
"37.95000000","0.10145000","2023-06-27T01:07:19.692Z","buy","taker"
"37.95000000","0.15252000","2023-06-27T01:07:10.701Z","buy","taker"
"37.96000000","0.12760000","2023-06-27T01:07:05.248Z","buy","taker"
"37.96000000","0.10491000","2023-06-27T01:07:02.417Z","buy","taker"
"37.97000000","0.12388000","2023-06-27T01:06:57.874Z","buy","taker"
"37.99000000","0.12768000","2023-06-27T01:06:37.754Z","buy","taker"
"37.99000000","0.07628000","2023-06-27T01:06:34.283Z","buy","taker"
"38.01000000","0.30655000","2023-06-27T01:06:18.194Z","buy","taker"
"38.02000000","0.08490000","2023-06-27T01:05:59.761Z","buy","taker"
"38.02000000","0.15220000","2023-06-27T01:05:57.087Z","buy","taker"
"38.03000000","0.05581000","2023-06-27T01:05:40.897Z","buy","taker"
"38.04000000","0.86174000","2023-06-27T01:05:35.801Z","buy","taker"
"38.07000000","0.22893000","2023-06-27T01:05:12.082Z","buy","taker"
"38.09000000","0.13651000","2023-06-27T01:04:42.412Z","buy","taker"
"38.10000000","0.14771000","2023-06-27T01:04:34.529Z","buy","taker"
"38.10000000","0.07415000","2023-06-27T01:04:33.933Z","buy","taker"
"38.11000000","0.15501000","2023-06-27T01:04:27.720Z","buy","taker"
"38.11000000","0.06077000","2023-06-27T01:04:27.044Z","buy","taker"
"38.13000000","0.04144000","2023-06-27T01:03:27.965Z","buy","taker"
"38.14000000","0.12719000","2023-06-27T01:03:11.629Z","buy","taker"
"38.16000000","0.11331000","2023-06-27T01:02:52.149Z","buy","taker"
"38.16000000","0.06666000","2023-06-27T01:02:48.422Z","buy","taker"
"38.17000000","0.03427000","2023-06-27T01:02:47.199Z","buy","taker"
"38.18000000","0.06547000","2023-06-27T01:02:15.044Z","buy","taker"
"28.64000000","0.45874000","2023-06-27T01:01:58.451Z","sell","maker"
"38.20000000","0.10894000","2023-06-27T01:01:53.129Z","buy","taker"
"28.64000000","0.03008000","2023-06-27T01:01:38.192Z","sell","maker"
"38.23000000","0.08430000","2023-06-27T01:01:19.525Z","buy","taker"
"38.25000000","0.03543000","2023-06-27T01:01:04.819Z","buy","taker"
"38.27000000","0.27731000","2023-06-27T01:00:39.637Z","buy","taker"
"38.27000000","0.74381000","2023-06-27T01:00:34.259Z","buy","taker"
"38.30000000","0.07629000","2023-06-27T01:00:03.644Z","buy","taker"
"38.28000000","0.27869000","2023-06-27T00:58:54.160Z","buy","taker"
"38.29000000","0.10151000","2023-06-27T00:58:52.407Z","buy","taker"
"38.30000000","0.04174000","2023-06-27T00:58:37.381Z","buy","taker"
"38.30000000","0.17639000","2023-06-27T00:58:21.902Z","buy","taker"
"38.30000000","0.07818000","2023-06-27T00:58:18.016Z","buy","taker"
"38.27000000","0.03560000","2023-06-27T00:57:51.637Z","buy","taker"
"38.27000000","0.06230000","2023-06-27T00:57:49.837Z","buy","taker"
"38.31000000","0.06254000","2023-06-27T00:56:59.470Z","buy","taker"
"38.35000000","0.27679000","2023-06-27T00:56:18.892Z","buy","taker"
"38.35000000","0.04968000","2023-06-27T00:56:08.554Z","buy","taker"
"38.35000000","0.37392000","2023-06-27T00:56:02.413Z","buy","taker"
"38.35000000","0.06795000","2023-06-27T00:55:41.305Z","buy","taker"
"28.62000000","0.17876000","2023-06-27T00:55:34.235Z","sell","maker"
"38.35000000","0.06732000","2023-06-27T00:55:14.934Z","buy","taker"
"38.35000000","0.04762000","2023-06-27T00:55:01.183Z","buy","taker"
"38.35000000","0.14106000","2023-06-27T00:54:56.429Z","buy","taker"
"38.35000000","0.64551000","2023-06-27T00:54:56.429Z","buy","taker"
"38.35000000","0.09758000","2023-06-27T00:54:17.713Z","buy","taker"
"38.35000000","0.88487000","2023-06-27T00:53:52.444Z","buy","taker"
"38.35000000","0.03930000","2023-06-27T00:53:51.869Z","buy","taker"
"38.35000000","0.05765000","2023-06-27T00:53:51.507Z","buy","taker"
"28.63000000","0.44201000","2023-06-27T00:53:45.843Z","sell","maker"
"28.63000000","0.42824000","2023-06-27T00:53:45.843Z","sell","maker"
"28.63000000","0.07822000","2023-06-27T00:53:45.843Z","sell","maker"
"38.35000000","0.06016000","2023-06-27T00:53:30.530Z","buy","taker"
"38.35000000","0.07119000","2023-06-27T00:53:19.709Z","buy","taker"
"38.35000000","0.04108000","2023-06-27T00:53:09.956Z","buy","taker"
"38.35000000","0.03267000","2023-06-27T00:53:09.484Z","buy","taker"
"38.35000000","0.08047000","2023-06-27T00:53:07.782Z","buy","taker"
"38.35000000","0.29413000","2023-06-27T00:53:02.727Z","buy","taker"
"38.35000000","0.04295000","2023-06-27T00:52:53.312Z","buy","taker"
"38.35000000","0.27668000","2023-06-27T00:52:48.419Z","buy","taker"
"38.35000000","0.18102000","2023-06-27T00:52:47.033Z","buy","taker"
"38.10000000","0.09748000","2023-06-27T00:50:16.803Z","buy","taker"
"36.25000000","3.99216000","2023-06-27T00:50:12.143Z","buy","taker"
"36.26000000","0.37360000","2023-06-27T00:50:12.143Z","buy","taker"
"36.51000000","0.38962000","2023-06-27T00:50:12.143Z","buy","taker"
"36.90000000","0.41221000","2023-06-27T00:50:12.143Z","buy","taker"
"37.40000000","0.46854000","2023-06-27T00:50:12.143Z","buy","taker"
"37.45000000","3.57910000","2023-06-27T00:50:12.143Z","buy","taker"
"37.64000000","0.46854000","2023-06-27T00:50:12.143Z","buy","taker"
"38.10000000","0.31623000","2023-06-27T00:50:12.143Z","buy","taker"
"36.25000000","0.11615000","2023-06-27T00:49:44.675Z","buy","taker"
"36.25000000","0.46850000","2023-06-27T00:49:38.008Z","buy","taker"
"36.25000000","0.05032000","2023-06-27T00:49:25.957Z","buy","taker"
"36.25000000","0.29975000","2023-06-27T00:49:16.525Z","buy","taker"
"36.25000000","0.30609000","2023-06-27T00:49:13.955Z","buy","taker"
"36.25000000","0.23951000","2023-06-27T00:49:09.548Z","buy","taker"
"28.50000000","0.49122000","2023-06-27T00:48:56.219Z","sell","maker"
"36.50000000","0.03168000","2023-06-27T00:48:47.979Z","buy","taker"
"36.50000000","0.07475000","2023-06-27T00:48:42.944Z","buy","taker"
"36.50000000","0.04930000","2023-06-27T00:48:37.278Z","buy","taker"
"36.50000000","0.12890000","2023-06-27T00:48:20.793Z","buy","taker"
"36.50000000","0.05869000","2023-06-27T00:47:23.444Z","buy","taker"
"36.82000000","0.13695000","2023-06-27T00:47:09.773Z","buy","taker"
"36.84000000","0.04645000","2023-06-27T00:46:45.504Z","buy","taker"
"36.85000000","0.14271000","2023-06-27T00:46:31.638Z","buy","taker"
"36.86000000","0.05598000","2023-06-27T00:46:21.876Z","buy","taker"
"36.86000000","0.56542000","2023-06-27T00:46:20.326Z","buy","taker"
"36.87000000","0.04221000","2023-06-27T00:46:14.976Z","buy","taker"
"36.87000000","0.07852000","2023-06-27T00:46:07.796Z","buy","taker"
"36.87000000","0.05295000","2023-06-27T00:46:05.348Z","buy","taker"
"36.87000000","0.41875000","2023-06-27T00:46:05.025Z","buy","taker"
"36.87000000","0.05869000","2023-06-27T00:46:03.418Z","buy","taker"
"36.87000000","0.29112000","2023-06-27T00:45:56.956Z","buy","taker"
"36.87000000","0.12901000","2023-06-27T00:45:51.944Z","buy","taker"
"36.87000000","0.08094000","2023-06-27T00:45:51.621Z","buy","taker"
"36.87000000","0.04080000","2023-06-27T00:45:50.718Z","buy","taker"
"36.88000000","0.04503000","2023-06-27T00:45:37.055Z","buy","taker"
"36.89000000","0.09914000","2023-06-27T00:45:27.493Z","buy","taker"
"36.58000000","0.09860000","2023-06-27T00:45:16.830Z","buy","taker"
"36.58000000","0.06341000","2023-06-27T00:45:10.669Z","buy","taker"
"36.58000000","0.04756000","2023-06-27T00:45:04.491Z","buy","taker"
"36.58000000","0.03215000","2023-06-27T00:44:59.369Z","buy","taker"
"36.60000000","0.08112000","2023-06-27T00:44:32.219Z","buy","taker"
"36.58000000","0.06490000","2023-06-27T00:44:19.427Z","buy","taker"
"36.58000000","0.03314000","2023-06-27T00:44:18.448Z","buy","taker"
"36.58000000","0.05388000","2023-06-27T00:44:17.205Z","buy","taker"
"28.56000000","0.95969000","2023-06-27T00:44:00.162Z","sell","maker"
"36.60000000","0.04934000","2023-06-27T00:43:39.309Z","buy","taker"
"36.55000000","0.10677000","2023-06-27T00:43:12.104Z","buy","taker"
"36.56000000","0.06687000","2023-06-27T00:42:48.300Z","buy","taker"
"36.56000000","0.03669000","2023-06-27T00:42:46.495Z","buy","taker"
"36.56000000","0.03419000","2023-06-27T00:42:45.975Z","buy","taker"
"36.58000000","0.43287000","2023-06-27T00:42:07.910Z","buy","taker"
"36.58000000","0.63767000","2023-06-27T00:42:05.707Z","buy","taker"
"36.60000000","0.03232000","2023-06-27T00:41:52.208Z","buy","taker"
"36.58000000","0.07029000","2023-06-27T00:41:23.915Z","buy","taker"
"36.59000000","0.09713000","2023-06-27T00:41:22.100Z","buy","taker"
"36.36000000","0.04161000","2023-06-27T00:40:58.677Z","buy","taker"
"36.36000000","0.27651000","2023-06-27T00:40:50.800Z","buy","taker"
"36.36000000","0.05465000","2023-06-27T00:40:49.081Z","buy","taker"
"36.26000000","0.11503000","2023-06-27T00:39:55.297Z","buy","taker"
"36.26000000","0.19683000","2023-06-27T00:39:36.380Z","buy","taker"
"36.28000000","0.16540000","2023-06-27T00:39:10.364Z","buy","taker"
"36.30000000","0.06972000","2023-06-27T00:38:54.134Z","buy","taker"
"36.30000000","0.12475000","2023-06-27T00:38:50.581Z","buy","taker"
"36.30000000","0.07001000","2023-06-27T00:38:36.914Z","buy","taker"
"36.31000000","0.08153000","2023-06-27T00:38:23.727Z","buy","taker"
"36.31000000","0.09134000","2023-06-27T00:38:21.340Z","buy","taker"
"36.34000000","0.38173000","2023-06-27T00:37:26.504Z","buy","taker"
"36.35000000","0.06224000","2023-06-27T00:37:17.912Z","buy","taker"
"36.35000000","0.38170000","2023-06-27T00:37:15.937Z","buy","taker"
"36.36000000","1.64201000","2023-06-27T00:37:04.400Z","buy","taker"
"36.36000000","0.06354000","2023-06-27T00:36:39.235Z","buy","taker"
"36.36000000","0.10410000","2023-06-27T00:36:34.703Z","buy","taker"
"36.36000000","0.36991000","2023-06-27T00:36:33.299Z","buy","taker"
"36.32000000","0.15810000","2023-06-27T00:36:14.335Z","buy","taker"
"36.32000000","0.03073000","2023-06-27T00:36:05.318Z","buy","taker"
"36.35000000","0.30995000","2023-06-27T00:35:36.753Z","buy","taker"
"36.36000000","0.03479000","2023-06-27T00:35:31.728Z","buy","taker"
"36.36000000","0.04065000","2023-06-27T00:35:27.764Z","buy","taker"
"36.36000000","0.32834000","2023-06-27T00:35:25.928Z","buy","taker"
"36.36000000","0.04276000","2023-06-27T00:35:25.817Z","buy","taker"
"36.36000000","0.03450000","2023-06-27T00:35:22.437Z","buy","taker"
"36.36000000","0.21171000","2023-06-27T00:35:20.153Z","buy","taker"
"36.36000000","0.07842000","2023-06-27T00:35:07.784Z","buy","taker"
"36.36000000","0.03530000","2023-06-27T00:34:59.079Z","buy","taker"
"36.36000000","0.04847000","2023-06-27T00:34:49.690Z","buy","taker"
"36.36000000","0.09790000","2023-06-27T00:34:44.959Z","buy","taker"
"36.36000000","0.23487000","2023-06-27T00:34:38.543Z","buy","taker"
"36.14000000","0.04486000","2023-06-27T00:34:04.826Z","buy","taker"
"36.17000000","0.18830000","2023-06-27T00:33:32.729Z","buy","taker"
"36.17000000","0.10032000","2023-06-27T00:33:32.364Z","buy","taker"
"36.18000000","1.72977000","2023-06-27T00:33:18.521Z","buy","taker"
"36.20000000","0.09478000","2023-06-27T00:33:01.620Z","buy","taker"
"36.25000000","0.13209000","2023-06-27T00:32:01.541Z","buy","taker"
"36.31000000","0.03134000","2023-06-27T00:30:43.939Z","buy","taker"
"36.35000000","0.29108000","2023-06-27T00:29:50.915Z","buy","taker"
"36.02000000","0.04400000","2023-06-27T00:29:26.509Z","buy","taker"
"36.03000000","0.05043000","2023-06-27T00:29:18.314Z","buy","taker"
"36.05000000","0.03612000","2023-06-27T00:28:29.902Z","buy","taker"
"36.05000000","0.03923000","2023-06-27T00:28:28.329Z","buy","taker"
"36.06000000","0.05312000","2023-06-27T00:28:18.307Z","buy","taker"
"36.14000000","0.03246000","2023-06-27T00:26:39.322Z","buy","taker"
"36.25000000","0.04526000","2023-06-27T00:24:27.177Z","buy","taker"
"36.25000000","0.04310000","2023-06-27T00:24:26.524Z","buy","taker"
"36.27000000","0.06308000","2023-06-27T00:23:49.332Z","buy","taker"
"30.02000000","1.94817000","2023-06-27T00:23:45.468Z","sell","maker"
"30.01000000","0.98290000","2023-06-27T00:23:45.468Z","sell","maker"
"30.00000000","1.00000000","2023-06-27T00:23:45.468Z","sell","maker"
"29.21000000","1.00000000","2023-06-27T00:23:45.468Z","sell","maker"
"27.97000000","0.17876000","2023-06-27T00:23:45.468Z","sell","maker"
"27.95000000","1.00000000","2023-06-27T00:23:45.468Z","sell","maker"
"27.94000000","3.57910000","2023-06-27T00:23:45.468Z","sell","maker"
"27.40000000","5.29607000","2023-06-27T00:23:45.468Z","sell","maker"
"36.28000000","0.05475000","2023-06-27T00:23:26.597Z","buy","taker"
"36.28000000","0.04745000","2023-06-27T00:20:52.619Z","buy","taker"
"36.32000000","0.06952000","2023-06-27T00:20:04.168Z","buy","taker"
"36.26000000","0.03308000","2023-06-27T00:15:27.027Z","buy","taker"
"35.00000000","1.00000000","2023-06-26T21:05:58.124Z","buy","taker"
"34.68000000","2.13078000","2023-06-26T21:05:34.817Z","buy","taker"
"34.68000000","2.55357000","2023-06-26T21:05:30.380Z","buy","taker"
"34.68000000","2.34272000","2023-06-26T21:02:10.486Z","buy","taker"
"34.68000000","4.23337000","2023-06-26T21:02:09.391Z","buy","taker"
"34.67000000","0.59107000","2023-06-26T21:02:08.815Z","buy","taker"
"34.68000000","0.23653000","2023-06-26T21:02:08.815Z","buy","taker"
"34.67000000","8.18870000","2023-06-26T21:02:07.888Z","buy","taker"
"34.67000000","6.00062000","2023-06-26T20:56:31.205Z","buy","taker"
"34.67000000","6.00062000","2023-06-26T20:56:30.199Z","buy","taker"
"34.67000000","3.58637000","2023-06-26T20:55:01.253Z","buy","taker"
"34.68000000","10.70509000","2023-06-26T20:54:13.132Z","buy","taker"
"34.68000000","1.50303000","2023-06-26T20:54:13.132Z","buy","taker"
"34.68000000","3.58637000","2023-06-26T20:54:10.122Z","buy","taker"
"34.67000000","0.20449000","2023-06-26T20:27:08.782Z","buy","taker"
"34.68000000","1.67719000","2023-06-26T13:55:45.155Z","buy","taker"
"34.68000000","6.95939000","2023-06-26T13:55:39.713Z","buy","taker"
"34.68000000","6.95939000","2023-06-26T13:55:38.126Z","buy","taker"
"34.86000000","0.09814000","2023-06-26T01:51:31.277Z","buy","taker"
"34.85000000","0.08609000","2023-06-26T01:48:26.525Z","buy","taker"
"34.87000000","0.03526000","2023-06-26T01:43:40.700Z","buy","taker"
"34.86000000","0.05179000","2023-06-26T01:43:24.281Z","buy","taker"
"34.88000000","0.12807000","2023-06-26T01:42:28.896Z","buy","taker"
"34.88000000","0.03522000","2023-06-26T01:41:55.047Z","buy","taker"
"34.88000000","0.08392000","2023-06-26T01:41:30.832Z","buy","taker"
"34.88000000","0.14801000","2023-06-26T01:39:34.983Z","buy","taker"
"34.87000000","0.04750000","2023-06-26T01:37:51.881Z","buy","taker"
"34.87000000","0.07506000","2023-06-26T01:37:35.250Z","buy","taker"
"34.87000000","0.06666000","2023-06-26T01:36:30.045Z","buy","taker"
"34.86000000","0.08848000","2023-06-26T01:34:31.296Z","buy","taker"
"34.86000000","0.05605000","2023-06-26T01:34:26.268Z","buy","taker"
"34.86000000","0.12491000","2023-06-26T01:33:17.273Z","buy","taker"
"34.86000000","0.06417000","2023-06-26T01:31:26.589Z","buy","taker"
"34.87000000","0.03664000","2023-06-26T01:29:34.338Z","buy","taker"
"34.87000000","0.08792000","2023-06-26T01:29:29.147Z","buy","taker"
"34.87000000","0.07724000","2023-06-26T01:28:04.499Z","buy","taker"
"34.87000000","0.04505000","2023-06-26T01:27:36.781Z","buy","taker"
"34.87000000","0.05674000","2023-06-26T01:27:30.871Z","buy","taker"
"34.87000000","0.11335000","2023-06-26T01:27:09.792Z","buy","taker"
"34.87000000","0.05873000","2023-06-26T01:25:36.209Z","buy","taker"
"34.87000000","0.13387000","2023-06-26T01:24:56.713Z","buy","taker"
"34.87000000","0.04598000","2023-06-26T01:23:38.573Z","buy","taker"
"34.87000000","0.05701000","2023-06-26T01:22:57.753Z","buy","taker"
"34.87000000","0.05014000","2023-06-26T01:21:41.117Z","buy","taker"
"34.87000000","0.04419000","2023-06-26T01:21:30.311Z","buy","taker"
"34.87000000","0.08370000","2023-06-26T01:20:48.312Z","buy","taker"
"34.87000000","0.06947000","2023-06-26T01:20:11.025Z","buy","taker"
"34.87000000","0.10415000","2023-06-26T01:18:42.927Z","buy","taker"
"34.87000000","0.08684000","2023-06-26T01:17:53.121Z","buy","taker"
"34.87000000","0.08436000","2023-06-26T01:17:17.912Z","buy","taker"
"34.87000000","0.03766000","2023-06-26T01:16:55.049Z","buy","taker"
"34.87000000","0.12570000","2023-06-26T01:16:34.652Z","buy","taker"
"34.87000000","0.05559000","2023-06-26T01:16:05.532Z","buy","taker"
"34.88000000","0.07916000","2023-06-26T01:14:52.544Z","buy","taker"
"34.87000000","0.05927000","2023-06-26T01:14:36.737Z","buy","taker"
"34.87000000","0.16858000","2023-06-26T01:13:50.163Z","buy","taker"
"34.87000000","0.03539000","2023-06-26T01:12:55.235Z","buy","taker"
"34.87000000","0.08749000","2023-06-26T01:12:37.416Z","buy","taker"
"34.87000000","0.05339000","2023-06-26T01:11:36.382Z","buy","taker"
"34.87000000","0.11047000","2023-06-26T01:11:22.462Z","buy","taker"
"34.87000000","0.06187000","2023-06-26T01:11:14.898Z","buy","taker"
"34.87000000","0.03166000","2023-06-26T01:09:00.085Z","buy","taker"
"34.87000000","0.07375000","2023-06-26T01:08:28.238Z","buy","taker"
"34.87000000","0.06027000","2023-06-26T01:07:45.852Z","buy","taker"
"34.87000000","0.05132000","2023-06-26T01:06:45.527Z","buy","taker"
"34.87000000","0.04984000","2023-06-26T01:06:36.782Z","buy","taker"
"34.87000000","0.04917000","2023-06-26T01:06:31.381Z","buy","taker"
"34.87000000","0.03502000","2023-06-26T01:06:23.213Z","buy","taker"
"34.88000000","0.07169000","2023-06-26T01:06:07.961Z","buy","taker"
"34.86000000","0.10922000","2023-06-26T01:04:05.815Z","buy","taker"
"34.86000000","0.08113000","2023-06-26T01:03:54.756Z","buy","taker"
"34.86000000","0.13263000","2023-06-26T01:03:20.729Z","buy","taker"
"34.86000000","0.11451000","2023-06-26T01:02:37.626Z","buy","taker"
"34.86000000","0.05364000","2023-06-26T01:02:30.674Z","buy","taker"
"34.86000000","0.05530000","2023-06-26T01:02:21.659Z","buy","taker"
"34.86000000","0.03305000","2023-06-26T01:02:18.711Z","buy","taker"
"34.86000000","0.04238000","2023-06-26T01:02:02.395Z","buy","taker"
"34.87000000","0.03934000","2023-06-26T00:59:51.552Z","buy","taker"
"34.87000000","0.08912000","2023-06-26T00:59:26.574Z","buy","taker"
"34.87000000","0.19464000","2023-06-26T00:58:52.523Z","buy","taker"
"34.87000000","0.33346000","2023-06-26T00:57:42.568Z","buy","taker"
"34.87000000","0.06333000","2023-06-26T00:56:01.237Z","buy","taker"
"34.87000000","0.22868000","2023-06-26T00:56:00.488Z","buy","taker"
"34.87000000","0.05038000","2023-06-26T00:55:46.522Z","buy","taker"
"34.87000000","0.04366000","2023-06-26T00:55:11.700Z","buy","taker"
"34.87000000","0.24228000","2023-06-26T00:55:05.967Z","buy","taker"
"34.87000000","0.52679000","2023-06-26T00:53:39.778Z","buy","taker"
"34.87000000","0.03022000","2023-06-26T00:53:28.770Z","buy","taker"
"34.87000000","0.04940000","2023-06-26T00:52:08.550Z","buy","taker"
"34.87000000","0.04572000","2023-06-26T00:51:08.373Z","buy","taker"
"34.87000000","0.04516000","2023-06-26T00:49:45.319Z","buy","taker"
"34.87000000","0.07615000","2023-06-26T00:49:28.444Z","buy","taker"
"34.87000000","0.08037000","2023-06-26T00:49:09.488Z","buy","taker"
"34.87000000","0.04025000","2023-06-26T00:48:16.444Z","buy","taker"
"34.87000000","0.13833000","2023-06-26T00:47:24.600Z","buy","taker"
"34.87000000","0.08666000","2023-06-26T00:46:14.036Z","buy","taker"
"34.87000000","0.18512000","2023-06-26T00:45:26.618Z","buy","taker"
"34.87000000","0.04277000","2023-06-26T00:45:00.776Z","buy","taker"
"34.87000000","0.04460000","2023-06-26T00:44:38.870Z","buy","taker"
"34.87000000","0.52644000","2023-06-26T00:44:36.975Z","buy","taker"
"34.87000000","0.03580000","2023-06-26T00:44:36.819Z","buy","taker"
"34.87000000","0.05011000","2023-06-26T00:44:36.458Z","buy","taker"
"34.87000000","0.04452000","2023-06-26T00:43:51.457Z","buy","taker"
"34.87000000","0.03847000","2023-06-26T00:43:38.292Z","buy","taker"
"34.87000000","0.03549000","2023-06-26T00:43:38.157Z","buy","taker"
"34.87000000","0.04874000","2023-06-26T00:43:10.855Z","buy","taker"
"34.87000000","0.04321000","2023-06-26T00:42:31.764Z","buy","taker"
"34.87000000","0.03321000","2023-06-26T00:42:31.447Z","buy","taker"
"34.87000000","0.05252000","2023-06-26T00:42:26.571Z","buy","taker"
"34.87000000","0.04768000","2023-06-26T00:42:15.088Z","buy","taker"
"34.88000000","0.07877000","2023-06-26T00:41:34.059Z","buy","taker"
"34.88000000","0.07875000","2023-06-26T00:41:30.988Z","buy","taker"
"34.87000000","0.03369000","2023-06-26T00:39:34.489Z","buy","taker"
"34.87000000","0.04058000","2023-06-26T00:39:30.095Z","buy","taker"
"34.87000000","0.04178000","2023-06-26T00:38:51.716Z","buy","taker"
"34.87000000","0.05849000","2023-06-26T00:38:37.917Z","buy","taker"
"34.87000000","0.05750000","2023-06-26T00:38:26.480Z","buy","taker"
"34.87000000","0.03033000","2023-06-26T00:38:20.301Z","buy","taker"
"34.87000000","0.16943000","2023-06-26T00:38:18.276Z","buy","taker"
"34.87000000","0.06424000","2023-06-26T00:38:17.316Z","buy","taker"
"34.87000000","0.04081000","2023-06-26T00:37:40.081Z","buy","taker"
"34.87000000","0.06862000","2023-06-26T00:37:36.587Z","buy","taker"
"34.87000000","0.21724000","2023-06-26T00:37:18.376Z","buy","taker"
"34.88000000","0.05158000","2023-06-26T00:37:13.219Z","buy","taker"
"34.87000000","0.02999000","2023-06-26T00:36:59.939Z","buy","taker"
"34.87000000","0.03723000","2023-06-26T00:36:54.867Z","buy","taker"
"34.87000000","0.04095000","2023-06-26T00:36:35.690Z","buy","taker"
"34.87000000","0.10470000","2023-06-26T00:36:17.342Z","buy","taker"
"34.87000000","0.04743000","2023-06-26T00:35:56.360Z","buy","taker"
"34.87000000","0.03179000","2023-06-26T00:35:47.461Z","buy","taker"
"34.87000000","0.04450000","2023-06-26T00:35:36.733Z","buy","taker"
"34.87000000","0.05522000","2023-06-26T00:35:16.648Z","buy","taker"
"34.87000000","0.07594000","2023-06-26T00:35:09.203Z","buy","taker"
"34.87000000","0.09728000","2023-06-26T00:35:02.349Z","buy","taker"
"34.87000000","0.18489000","2023-06-26T00:34:43.267Z","buy","taker"
"34.87000000","0.07171000","2023-06-26T00:34:00.776Z","buy","taker"
"34.87000000","0.06431000","2023-06-26T00:33:44.593Z","buy","taker"
"34.87000000","0.15849000","2023-06-26T00:33:39.868Z","buy","taker"
"34.87000000","0.04480000","2023-06-26T00:33:11.967Z","buy","taker"
"34.87000000","0.03233000","2023-06-26T00:33:08.390Z","buy","taker"
"34.87000000","0.06788000","2023-06-26T00:32:42.455Z","buy","taker"
"34.87000000","0.21528000","2023-06-26T00:31:37.600Z","buy","taker"
"34.87000000","0.03822000","2023-06-26T00:31:33.311Z","buy","taker"
"34.86000000","0.07541000","2023-06-26T00:31:00.504Z","buy","taker"
"34.86000000","0.30436000","2023-06-26T00:30:58.317Z","buy","taker"
"34.86000000","0.04645000","2023-06-26T00:30:58.202Z","buy","taker"
"34.86000000","0.04508000","2023-06-26T00:30:58.094Z","buy","taker"
"34.79000000","0.21957000","2023-06-26T00:30:39.470Z","buy","taker"
"34.79000000","0.04591000","2023-06-26T00:30:25.119Z","buy","taker"
"34.79000000","0.04620000","2023-06-26T00:30:24.467Z","buy","taker"
"34.80000000","0.14771000","2023-06-26T00:30:07.585Z","buy","taker"
"34.80000000","0.10368000","2023-06-26T00:30:00.629Z","buy","taker"
"34.80000000","0.03783000","2023-06-26T00:29:40.813Z","buy","taker"
"34.80000000","0.46814000","2023-06-26T00:29:39.507Z","buy","taker"
"34.80000000","0.06372000","2023-06-26T00:29:27.155Z","buy","taker"
"34.81000000","0.03641000","2023-06-26T00:29:16.589Z","buy","taker"
"34.86000000","0.06957000","2023-06-26T00:26:27.064Z","buy","taker"
"34.86000000","0.04462000","2023-06-26T00:26:22.510Z","buy","taker"
"34.83000000","0.05757000","2023-06-26T00:25:32.860Z","buy","taker"
"34.86000000","0.05544000","2023-06-26T00:24:47.564Z","buy","taker"
"34.87000000","0.05818000","2023-06-26T00:22:46.260Z","buy","taker"
"34.82000000","0.03562000","2023-06-26T00:20:32.146Z","buy","taker"
"34.84000000","0.03486000","2023-06-26T00:20:08.131Z","buy","taker"
"34.85000000","0.03300000","2023-06-26T00:19:45.372Z","buy","taker"
"34.61000000","0.03941000","2023-06-26T00:17:18.332Z","buy","taker"
"34.62000000","0.05319000","2023-06-26T00:15:34.933Z","buy","taker"
"34.65000000","0.08630000","2023-06-26T00:14:25.879Z","buy","taker"
"34.16000000","10.43037000","2023-06-25T22:23:51.093Z","buy","taker"
"34.16000000","15.59000000","2023-06-25T22:13:59.196Z","buy","taker"
"34.16000000","15.59000000","2023-06-25T22:00:43.416Z","buy","taker"
"34.16000000","10.31764000","2023-06-25T21:59:04.718Z","buy","taker"
"32.97000000","0.41957000","2023-06-25T20:55:54.446Z","sell","maker"
"34.16000000","2.92740000","2023-06-25T16:07:22.483Z","buy","taker"
"34.08000000","2.93427000","2023-06-25T16:05:41.807Z","buy","taker"
"34.13000000","0.55471000","2023-06-25T16:03:35.037Z","buy","taker"
"34.88000000","0.02867000","2023-06-25T13:01:43.578Z","buy","taker"
"32.98000000","0.22702000","2023-06-25T12:28:08.293Z","sell","maker"
"32.98000000","0.56076000","2023-06-25T12:28:08.293Z","sell","maker"
"32.98000000","0.21222000","2023-06-25T12:28:08.293Z","sell","maker"
"34.83000000","0.10138000","2023-06-25T08:42:24.382Z","buy","taker"
"34.83000000","0.11845000","2023-06-25T08:41:51.848Z","buy","taker"
"34.83000000","0.04542000","2023-06-25T08:41:15.641Z","buy","taker"
"34.83000000","0.32502000","2023-06-25T08:40:25.706Z","buy","taker"
"34.83000000","0.31600000","2023-06-25T08:40:23.231Z","buy","taker"
"34.83000000","0.07752000","2023-06-25T08:40:19.261Z","buy","taker"
"34.83000000","0.13939000","2023-06-25T08:38:42.133Z","buy","taker"
"34.83000000","0.21138000","2023-06-25T08:38:35.456Z","buy","taker"
"34.83000000","0.12266000","2023-06-25T08:38:09.935Z","buy","taker"
"34.83000000","1.64157000","2023-06-25T08:38:05.428Z","buy","taker"