"price","volume","timestamp","type"
"0.16957","4326.2","2024-05-25T19:45:21.491Z","ask"
"0.16958","11740.8","2024-05-25T19:45:21.491Z","ask"
"0.16959","19231.8","2024-05-25T19:45:21.491Z","ask"
"0.1696","45736.1","2024-05-25T19:45:21.491Z","ask"
"0.16961","28290.8","2024-05-25T19:45:21.491Z","ask"
"0.16962","55302","2024-05-25T19:45:21.491Z","ask"
"0.16963","39414.3","2024-05-25T19:45:21.492Z","ask"
"0.16964","22259.9","2024-05-25T19:45:21.492Z","ask"
"0.16965","10625","2024-05-25T19:45:21.492Z","ask"
"0.16966","14673.2","2024-05-25T19:45:21.492Z","ask"
"0.16967","79856","2024-05-25T19:45:21.492Z","ask"
"0.16968","25782.9","2024-05-25T19:45:21.492Z","ask"
"0.16969","44522.7","2024-05-25T19:45:21.492Z","ask"
"0.1697","7217.2","2024-05-25T19:45:21.492Z","ask"
"0.16971","5625.6","2024-05-25T19:45:21.492Z","ask"
"0.16972","4500","2024-05-25T19:45:21.492Z","ask"
"0.16973","19054.1","2024-05-25T19:45:21.492Z","ask"
"0.16974","4500","2024-05-25T19:45:21.492Z","ask"
"0.16975","47550.8","2024-05-25T19:45:21.492Z","ask"
"0.16976","172214.8","2024-05-25T19:45:21.492Z","ask"
"0.16977","44087","2024-05-25T19:45:21.492Z","ask"
"0.16978","32296.1","2024-05-25T19:45:21.492Z","ask"
"0.16979","84635.1","2024-05-25T19:45:21.492Z","ask"
"0.1698","12312.3","2024-05-25T19:45:21.492Z","ask"
"0.16981","226.6","2024-05-25T19:45:21.492Z","ask"
"0.16982","5893.7","2024-05-25T19:45:21.492Z","ask"
"0.16983","120.6","2024-05-25T19:45:21.492Z","ask"
"0.16984","154380.2","2024-05-25T19:45:21.492Z","ask"
"0.16985","220.7","2024-05-25T19:45:21.492Z","ask"
"0.16986","25992.2","2024-05-25T19:45:21.492Z","ask"
"0.16987","94262.8","2024-05-25T19:45:21.492Z","ask"
"0.16988","4596.8","2024-05-25T19:45:21.492Z","ask"
"0.16989","35.2","2024-05-25T19:45:21.492Z","ask"
"0.1699","389359.9","2024-05-25T19:45:21.492Z","ask"
"0.16992","4500","2024-05-25T19:45:21.492Z","ask"
"0.16995","709323.6","2024-05-25T19:45:21.492Z","ask"
"0.16996","4500","2024-05-25T19:45:21.492Z","ask"
"0.16998","98629.7","2024-05-25T19:45:21.492Z","ask"
"0.17","50140.1","2024-05-25T19:45:21.492Z","ask"
"0.17002","4500","2024-05-25T19:45:21.492Z","ask"
"0.17003","24103.1","2024-05-25T19:45:21.492Z","ask"
"0.17004","17309","2024-05-25T19:45:21.492Z","ask"
"0.17007","325412.1","2024-05-25T19:45:21.492Z","ask"
"0.17008","757598.2","2024-05-25T19:45:21.492Z","ask"
"0.17009","99415","2024-05-25T19:45:21.492Z","ask"
"0.1701","106.2","2024-05-25T19:45:21.492Z","ask"
"0.17011","9751.8","2024-05-25T19:45:21.492Z","ask"
"0.17012","4535.4","2024-05-25T19:45:21.492Z","ask"
"0.17013","35.4","2024-05-25T19:45:21.492Z","ask"
"0.17021","35.4","2024-05-25T19:45:21.492Z","ask"
"0.17024","757492","2024-05-25T19:45:21.492Z","ask"
"0.17026","4500","2024-05-25T19:45:21.492Z","ask"
"0.17027","500","2024-05-25T19:45:21.492Z","ask"
"0.17028","262704.3","2024-05-25T19:45:21.492Z","ask"
"0.1703","4500","2024-05-25T19:45:21.492Z","ask"
"0.17037","90.8","2024-05-25T19:45:21.492Z","ask"
"0.17038","12057","2024-05-25T19:45:21.492Z","ask"
"0.1704","35.3","2024-05-25T19:45:21.492Z","ask"
"0.17041","35.3","2024-05-25T19:45:21.492Z","ask"
"0.17042","35.3","2024-05-25T19:45:21.492Z","ask"
"0.17043","105.9","2024-05-25T19:45:21.492Z","ask"
"0.17044","1124417.3","2024-05-25T19:45:21.492Z","ask"
"0.17045","35.3","2024-05-25T19:45:21.492Z","ask"
"0.17047","35.3","2024-05-25T19:45:21.492Z","ask"
"0.17049","90997.3","2024-05-25T19:45:21.492Z","ask"
"0.1705","35.3","2024-05-25T19:45:21.492Z","ask"
"0.17051","35.3","2024-05-25T19:45:21.492Z","ask"
"0.17052","27796.1","2024-05-25T19:45:21.492Z","ask"
"0.17056","234524.1","2024-05-25T19:45:21.492Z","ask"
"0.17057","1880463.5","2024-05-25T19:45:21.492Z","ask"
"0.17058","35.3","2024-05-25T19:45:21.492Z","ask"
"0.17059","35.3","2024-05-25T19:45:21.492Z","ask"
"0.1706","1119.9","2024-05-25T19:45:21.492Z","ask"
"0.17061","35.3","2024-05-25T19:45:21.492Z","ask"
"0.17064","35.3","2024-05-25T19:45:21.492Z","ask"
"0.17067","141.2","2024-05-25T19:45:21.492Z","ask"
"0.17068","35.3","2024-05-25T19:45:21.492Z","ask"
"0.17069","70.6","2024-05-25T19:45:21.492Z","ask"
"0.1707","35.3","2024-05-25T19:45:21.492Z","ask"
"0.17072","141.2","2024-05-25T19:45:21.492Z","ask"
"0.17075","70.6","2024-05-25T19:45:21.492Z","ask"
"0.17076","39101","2024-05-25T19:45:21.492Z","ask"
"0.17077","12844.2","2024-05-25T19:45:21.492Z","ask"
"0.17079","35.2","2024-05-25T19:45:21.492Z","ask"
"0.1708","105.2","2024-05-25T19:45:21.492Z","ask"
"0.17081","35.2","2024-05-25T19:45:21.492Z","ask"
"0.17091","35.2","2024-05-25T19:45:21.492Z","ask"
"0.17092","211.2","2024-05-25T19:45:21.492Z","ask"
"0.17093","410618.6","2024-05-25T19:45:21.492Z","ask"
"0.17094","440.4","2024-05-25T19:45:21.492Z","ask"
"0.17095","35.2","2024-05-25T19:45:21.492Z","ask"
"0.17096","140.8","2024-05-25T19:45:21.492Z","ask"
"0.17097","230.6","2024-05-25T19:45:21.492Z","ask"
"0.17099","105.6","2024-05-25T19:45:21.492Z","ask"
"0.171","195500.9","2024-05-25T19:45:21.492Z","ask"
"0.17101","29713.3","2024-05-25T19:45:21.492Z","ask"
"0.17102","342.5","2024-05-25T19:45:21.492Z","ask"
"0.17103","70.4","2024-05-25T19:45:21.492Z","ask"
"0.17104","196.5","2024-05-25T19:45:21.492Z","ask"
"0.17105","35.2","2024-05-25T19:45:21.492Z","ask"
"0.17106","1512.5","2024-05-25T19:45:21.492Z","ask"
"0.17107","105.6","2024-05-25T19:45:21.492Z","ask"
"0.17108","1006.4","2024-05-25T19:45:21.492Z","ask"
"0.1711","5595.7","2024-05-25T19:45:21.492Z","ask"
"0.17111","4915","2024-05-25T19:45:21.492Z","ask"
"0.17112","1320.4","2024-05-25T19:45:21.492Z","ask"
"0.17113","13287.8","2024-05-25T19:45:21.492Z","ask"
"0.17114","125.6","2024-05-25T19:45:21.492Z","ask"
"0.17115","55.5","2024-05-25T19:45:21.492Z","ask"
"0.17116","35.2","2024-05-25T19:45:21.492Z","ask"
"0.17118","359.2","2024-05-25T19:45:21.492Z","ask"
"0.17119","1015.1","2024-05-25T19:45:21.492Z","ask"
"0.1712","3108","2024-05-25T19:45:21.492Z","ask"
"0.17122","70","2024-05-25T19:45:21.492Z","ask"
"0.17125","49544.4","2024-05-25T19:45:21.492Z","ask"
"0.17126","14550.2","2024-05-25T19:45:21.492Z","ask"
"0.17128","6984","2024-05-25T19:45:21.492Z","ask"
"0.1713","7367.1","2024-05-25T19:45:21.492Z","ask"
"0.17131","30142.4","2024-05-25T19:45:21.492Z","ask"
"0.17133","719.4","2024-05-25T19:45:21.492Z","ask"
"0.17136","6130","2024-05-25T19:45:21.492Z","ask"
"0.17137","316.9","2024-05-25T19:45:21.492Z","ask"
"0.17139","929.6","2024-05-25T19:45:21.492Z","ask"
"0.17141","416.7","2024-05-25T19:45:21.492Z","ask"
"0.17144","945.7","2024-05-25T19:45:21.492Z","ask"
"0.17145","29300","2024-05-25T19:45:21.492Z","ask"
"0.17146","24.8","2024-05-25T19:45:21.492Z","ask"
"0.17147","564.1","2024-05-25T19:45:21.492Z","ask"
"0.17148","4324.7","2024-05-25T19:45:21.492Z","ask"
"0.1715","120902.8","2024-05-25T19:45:21.492Z","ask"
"0.17155","968.5","2024-05-25T19:45:21.492Z","ask"
"0.17156","6.8","2024-05-25T19:45:21.492Z","ask"
"0.17157","194.1","2024-05-25T19:45:21.492Z","ask"
"0.17166","522.3","2024-05-25T19:45:21.492Z","ask"
"0.17169","292.4","2024-05-25T19:45:21.492Z","ask"
"0.17173","30","2024-05-25T19:45:21.492Z","ask"
"0.17174","14987.1","2024-05-25T19:45:21.492Z","ask"
"0.17175","12856.2","2024-05-25T19:45:21.492Z","ask"
"0.17177","226.1","2024-05-25T19:45:21.492Z","ask"
"0.17179","223.1","2024-05-25T19:45:21.492Z","ask"
"0.1718","573","2024-05-25T19:45:21.492Z","ask"
"0.17183","150.3","2024-05-25T19:45:21.492Z","ask"
"0.17186","135619.7","2024-05-25T19:45:21.492Z","ask"
"0.17188","27.5","2024-05-25T19:45:21.492Z","ask"
"0.17189","350","2024-05-25T19:45:21.492Z","ask"
"0.17191","90","2024-05-25T19:45:21.492Z","ask"
"0.17192","351.7","2024-05-25T19:45:21.492Z","ask"
"0.17194","21","2024-05-25T19:45:21.492Z","ask"
"0.17196","353.5","2024-05-25T19:45:21.492Z","ask"
"0.17198","495.5","2024-05-25T19:45:21.492Z","ask"
"0.17199","50000","2024-05-25T19:45:21.492Z","ask"
"0.172","370454.4","2024-05-25T19:45:21.492Z","ask"
"0.17204","965.8","2024-05-25T19:45:21.492Z","ask"
"0.17208","36231.2","2024-05-25T19:45:21.492Z","ask"
"0.1721","587.2","2024-05-25T19:45:21.492Z","ask"
"0.17212","203444.3","2024-05-25T19:45:21.492Z","ask"
"0.17213","54.9","2024-05-25T19:45:21.492Z","ask"
"0.17214","2.7","2024-05-25T19:45:21.492Z","ask"
"0.17217","1933.9","2024-05-25T19:45:21.492Z","ask"
"0.17218","1274.4","2024-05-25T19:45:21.492Z","ask"
"0.1722","2974.3","2024-05-25T19:45:21.492Z","ask"
"0.17223","118.5","2024-05-25T19:45:21.492Z","ask"
"0.17224","37.6","2024-05-25T19:45:21.492Z","ask"
"0.17225","281.3","2024-05-25T19:45:21.492Z","ask"
"0.17226","595.4","2024-05-25T19:45:21.492Z","ask"
"0.17228","767.7","2024-05-25T19:45:21.492Z","ask"
"0.1723","15100","2024-05-25T19:45:21.492Z","ask"
"0.17231","2003.9","2024-05-25T19:45:21.492Z","ask"
"0.17232","151.7","2024-05-25T19:45:21.492Z","ask"
"0.17241","421.7","2024-05-25T19:45:21.492Z","ask"
"0.17242","193.1","2024-05-25T19:45:21.492Z","ask"
"0.17246","648.2","2024-05-25T19:45:21.492Z","ask"
"0.17248","594.9","2024-05-25T19:45:21.492Z","ask"
"0.17249","31.3","2024-05-25T19:45:21.492Z","ask"
"0.1725","26.8","2024-05-25T19:45:21.492Z","ask"
"0.17252","17.9","2024-05-25T19:45:21.492Z","ask"
"0.17253","963","2024-05-25T19:45:21.492Z","ask"
"0.17255","560.5","2024-05-25T19:45:21.492Z","ask"
"0.17258","1885.6","2024-05-25T19:45:21.492Z","ask"
"0.1726","28854.3","2024-05-25T19:45:21.492Z","ask"
"0.17262","413.2","2024-05-25T19:45:21.492Z","ask"
"0.17266","945.4","2024-05-25T19:45:21.492Z","ask"
"0.17267","18.1","2024-05-25T19:45:21.492Z","ask"
"0.17269","800.3","2024-05-25T19:45:21.492Z","ask"
"0.1727","6096","2024-05-25T19:45:21.492Z","ask"
"0.17271","726.8","2024-05-25T19:45:21.492Z","ask"
"0.17272","216.4","2024-05-25T19:45:21.492Z","ask"
"0.17273","20","2024-05-25T19:45:21.492Z","ask"
"0.17275","8631.4","2024-05-25T19:45:21.492Z","ask"
"0.17276","89.1","2024-05-25T19:45:21.492Z","ask"
"0.17279","963.3","2024-05-25T19:45:21.492Z","ask"
"0.1728","196.1","2024-05-25T19:45:21.492Z","ask"
"0.17281","246.5","2024-05-25T19:45:21.492Z","ask"
"0.17283","7074.2","2024-05-25T19:45:21.492Z","ask"
"0.17284","6694","2024-05-25T19:45:21.492Z","ask"
"0.17285","3981.4","2024-05-25T19:45:21.492Z","ask"
"0.17287","3600","2024-05-25T19:45:21.492Z","ask"
"0.17289","1657708.6","2024-05-25T19:45:21.492Z","ask"
"0.1729","274.1","2024-05-25T19:45:21.492Z","ask"
"0.17292","649.2","2024-05-25T19:45:21.492Z","ask"
"0.17296","209.3","2024-05-25T19:45:21.492Z","ask"
"0.173","389645.2","2024-05-25T19:45:21.492Z","ask"
"0.17302","960.3","2024-05-25T19:45:21.492Z","ask"
"0.17304","3352","2024-05-25T19:45:21.492Z","ask"
"0.17305","15.9","2024-05-25T19:45:21.492Z","ask"
"0.17312","615.5","2024-05-25T19:45:21.492Z","ask"
"0.17316","963.6","2024-05-25T19:45:21.492Z","ask"
"0.17318","1593.7","2024-05-25T19:45:21.492Z","ask"
"0.17326","2107.3","2024-05-25T19:45:21.492Z","ask"
"0.17329","192.2","2024-05-25T19:45:21.492Z","ask"
"0.1733","50583.2","2024-05-25T19:45:21.492Z","ask"
"0.17331","2046.6","2024-05-25T19:45:21.492Z","ask"
"0.17332","62066.7","2024-05-25T19:45:21.492Z","ask"
"0.17333","253.5","2024-05-25T19:45:21.492Z","ask"
"0.17335","21.7","2024-05-25T19:45:21.492Z","ask"
"0.17336","34.7","2024-05-25T19:45:21.492Z","ask"
"0.17338","199.7","2024-05-25T19:45:21.492Z","ask"
"0.1734","7975.9","2024-05-25T19:45:21.492Z","ask"
"0.17341","6155.9","2024-05-25T19:45:21.492Z","ask"
"0.17342","1231.1","2024-05-25T19:45:21.492Z","ask"
"0.17343","10403.2","2024-05-25T19:45:21.492Z","ask"
"0.17344","49.3","2024-05-25T19:45:21.492Z","ask"
"0.17345","255.7","2024-05-25T19:45:21.492Z","ask"
"0.17346","6665.1","2024-05-25T19:45:21.492Z","ask"
"0.17347","158.6","2024-05-25T19:45:21.492Z","ask"
"0.17348","1064","2024-05-25T19:45:21.492Z","ask"
"0.17349","247.9","2024-05-25T19:45:21.492Z","ask"
"0.1735","957.6","2024-05-25T19:45:21.492Z","ask"
"0.17352","746.4","2024-05-25T19:45:21.492Z","ask"
"0.17353","17.7","2024-05-25T19:45:21.492Z","ask"
"0.17354","61.9","2024-05-25T19:45:21.492Z","ask"
"0.17355","58.9","2024-05-25T19:45:21.492Z","ask"
"0.17357","104.1","2024-05-25T19:45:21.492Z","ask"
"0.17358","37523.3","2024-05-25T19:45:21.492Z","ask"
"0.17359","3117.2","2024-05-25T19:45:21.492Z","ask"
"0.17361","2233.3","2024-05-25T19:45:21.492Z","ask"
"0.17362","69.4","2024-05-25T19:45:21.492Z","ask"
"0.17364","184.9","2024-05-25T19:45:21.492Z","ask"
"0.17365","41927.5","2024-05-25T19:45:21.492Z","ask"
"0.17366","557","2024-05-25T19:45:21.492Z","ask"
"0.17369","123.8","2024-05-25T19:45:21.492Z","ask"
"0.1737","59","2024-05-25T19:45:21.492Z","ask"
"0.17374","268.1","2024-05-25T19:45:21.492Z","ask"
"0.17375","202.7","2024-05-25T19:45:21.492Z","ask"
"0.17376","668.2","2024-05-25T19:45:21.492Z","ask"
"0.17377","34.6","2024-05-25T19:45:21.492Z","ask"
"0.17379","34.6","2024-05-25T19:45:21.492Z","ask"
"0.1738","305893.1","2024-05-25T19:45:21.492Z","ask"
"0.17385","55.1","2024-05-25T19:45:21.492Z","ask"
"0.17388","294.4","2024-05-25T19:45:21.492Z","ask"
"0.17389","44.9","2024-05-25T19:45:21.492Z","ask"
"0.1739","245.7","2024-05-25T19:45:21.492Z","ask"
"0.17392","316.9","2024-05-25T19:45:21.492Z","ask"
"0.17394","90","2024-05-25T19:45:21.492Z","ask"
"0.17396","34.6","2024-05-25T19:45:21.492Z","ask"
"0.17397","379.2","2024-05-25T19:45:21.492Z","ask"
"0.17398","69.2","2024-05-25T19:45:21.492Z","ask"
"0.17399","1913.6","2024-05-25T19:45:21.492Z","ask"
"0.174","1059891.3","2024-05-25T19:45:21.492Z","ask"
"0.17401","113.4","2024-05-25T19:45:21.492Z","ask"
"0.17402","103.8","2024-05-25T19:45:21.492Z","ask"
"0.17404","5388.3","2024-05-25T19:45:21.492Z","ask"
"0.17405","34.6","2024-05-25T19:45:21.492Z","ask"
"0.17407","34.6","2024-05-25T19:45:21.492Z","ask"
"0.17408","34.6","2024-05-25T19:45:21.492Z","ask"
"0.17409","34.6","2024-05-25T19:45:21.492Z","ask"
"0.1741","34.6","2024-05-25T19:45:21.492Z","ask"
"0.17411","15.8","2024-05-25T19:45:21.492Z","ask"
"0.17412","34.6","2024-05-25T19:45:21.492Z","ask"
"0.17413","469.5","2024-05-25T19:45:21.492Z","ask"
"0.17414","69.2","2024-05-25T19:45:21.492Z","ask"
"0.17415","969.5","2024-05-25T19:45:21.492Z","ask"
"0.17416","3481.9","2024-05-25T19:45:21.492Z","ask"
"0.17417","103.8","2024-05-25T19:45:21.492Z","ask"
"0.17418","103.8","2024-05-25T19:45:21.492Z","ask"
"0.17419","493.9","2024-05-25T19:45:21.492Z","ask"
"0.1742","207.6","2024-05-25T19:45:21.492Z","ask"
"0.17421","172.7","2024-05-25T19:45:21.492Z","ask"
"0.17422","138.2","2024-05-25T19:45:21.492Z","ask"
"0.17423","310.5","2024-05-25T19:45:21.492Z","ask"
"0.17424","138","2024-05-25T19:45:21.492Z","ask"
"0.17425","157.8","2024-05-25T19:45:21.492Z","ask"
"0.17426","818.3","2024-05-25T19:45:21.492Z","ask"
"0.17427","103.5","2024-05-25T19:45:21.492Z","ask"
"0.17428","69","2024-05-25T19:45:21.492Z","ask"
"0.17429","3260.5","2024-05-25T19:45:21.492Z","ask"
"0.1743","2516.4","2024-05-25T19:45:21.492Z","ask"
"0.17431","103.5","2024-05-25T19:45:21.492Z","ask"
"0.17432","624.6","2024-05-25T19:45:21.492Z","ask"
"0.17434","205","2024-05-25T19:45:21.492Z","ask"
"0.17436","103.5","2024-05-25T19:45:21.492Z","ask"
"0.17437","574.5","2024-05-25T19:45:21.492Z","ask"
"0.17438","138","2024-05-25T19:45:21.492Z","ask"
"0.17439","397.2","2024-05-25T19:45:21.492Z","ask"
"0.1744","31.3","2024-05-25T19:45:21.492Z","ask"
"0.17442","90","2024-05-25T19:45:21.492Z","ask"
"0.17443","546.9","2024-05-25T19:45:21.493Z","ask"
"0.17445","6070.2","2024-05-25T19:45:21.493Z","ask"
"0.17446","34.5","2024-05-25T19:45:21.493Z","ask"
"0.17447","186","2024-05-25T19:45:21.493Z","ask"
"0.17448","451.2","2024-05-25T19:45:21.493Z","ask"
"0.17449","1055.7","2024-05-25T19:45:21.493Z","ask"
"0.1745","36249.5","2024-05-25T19:45:21.493Z","ask"
"0.17451","4397.4","2024-05-25T19:45:21.493Z","ask"
"0.17452","25945.1","2024-05-25T19:45:21.493Z","ask"
"0.17454","5199.3","2024-05-25T19:45:21.493Z","ask"
"0.17455","346710.1","2024-05-25T19:45:21.493Z","ask"
"0.17456","138","2024-05-25T19:45:21.493Z","ask"
"0.17458","34.5","2024-05-25T19:45:21.493Z","ask"
"0.17459","0.6","2024-05-25T19:45:21.493Z","ask"
"0.1746","806542.7","2024-05-25T19:45:21.493Z","ask"
"0.17464","34.5","2024-05-25T19:45:21.493Z","ask"
"0.17465","6000","2024-05-25T19:45:21.493Z","ask"
"0.17467","587.2","2024-05-25T19:45:21.493Z","ask"
"0.17469","500","2024-05-25T19:45:21.493Z","ask"
"0.1747","34.5","2024-05-25T19:45:21.493Z","ask"
"0.17471","210","2024-05-25T19:45:21.493Z","ask"
"0.17474","52.3","2024-05-25T19:45:21.493Z","ask"
"0.17475","54.4","2024-05-25T19:45:21.493Z","ask"
"0.17476","587.8","2024-05-25T19:45:21.493Z","ask"
"0.17477","305.7","2024-05-25T19:45:21.493Z","ask"
"0.17478","48.9","2024-05-25T19:45:21.493Z","ask"
"0.17479","144.2","2024-05-25T19:45:21.493Z","ask"
"0.1748","29845","2024-05-25T19:45:21.493Z","ask"
"0.17481","187.3","2024-05-25T19:45:21.493Z","ask"
"0.17484","103.2","2024-05-25T19:45:21.493Z","ask"
"0.17485","9754.3","2024-05-25T19:45:21.493Z","ask"
"0.17486","15132.2","2024-05-25T19:45:21.493Z","ask"
"0.17487","654.5","2024-05-25T19:45:21.493Z","ask"
"0.17489","60000","2024-05-25T19:45:21.493Z","ask"
"0.1749","70235.8","2024-05-25T19:45:21.493Z","ask"
"0.17491","1.5","2024-05-25T19:45:21.493Z","ask"
"0.17492","32.3","2024-05-25T19:45:21.493Z","ask"
"0.17494","117.8","2024-05-25T19:45:21.493Z","ask"
"0.17497","1537.5","2024-05-25T19:45:21.493Z","ask"
"0.17498","1024.1","2024-05-25T19:45:21.493Z","ask"
"0.17499","1907","2024-05-25T19:45:21.493Z","ask"
"0.175","895383","2024-05-25T19:45:21.493Z","ask"
"0.17503","190.3","2024-05-25T19:45:21.493Z","ask"
"0.17504","1789.5","2024-05-25T19:45:21.493Z","ask"
"0.17505","1665.3","2024-05-25T19:45:21.493Z","ask"
"0.1751","4571.3","2024-05-25T19:45:21.493Z","ask"
"0.17514","220.6","2024-05-25T19:45:21.493Z","ask"
"0.17517","256.8","2024-05-25T19:45:21.493Z","ask"
"0.17518","23159.9","2024-05-25T19:45:21.493Z","ask"
"0.17519","5691.9","2024-05-25T19:45:21.493Z","ask"
"0.17521","14456.2","2024-05-25T19:45:21.493Z","ask"
"0.17524","75","2024-05-25T19:45:21.493Z","ask"
"0.17526","360.9","2024-05-25T19:45:21.493Z","ask"
"0.17528","69.7","2024-05-25T19:45:21.493Z","ask"
"0.1753","2034.6","2024-05-25T19:45:21.493Z","ask"
"0.17535","150.8","2024-05-25T19:45:21.493Z","ask"
"0.17536","1193.8","2024-05-25T19:45:21.493Z","ask"
"0.17537","1425.5","2024-05-25T19:45:21.493Z","ask"
"0.17542","587.8","2024-05-25T19:45:21.493Z","ask"
"0.17545","72185.5","2024-05-25T19:45:21.493Z","ask"
"0.17546","49.3","2024-05-25T19:45:21.493Z","ask"
"0.17548","235.1","2024-05-25T19:45:21.493Z","ask"
"0.17549","2740.9","2024-05-25T19:45:21.493Z","ask"
"0.1755","137022.6","2024-05-25T19:45:21.493Z","ask"
"0.17552","624","2024-05-25T19:45:21.493Z","ask"
"0.17553","500","2024-05-25T19:45:21.493Z","ask"
"0.17554","599900","2024-05-25T19:45:21.493Z","ask"
"0.17562","42","2024-05-25T19:45:21.493Z","ask"
"0.17564","54.8","2024-05-25T19:45:21.493Z","ask"
"0.17565","1011.4","2024-05-25T19:45:21.493Z","ask"
"0.17566","4043.7","2024-05-25T19:45:21.493Z","ask"
"0.17568","63.5","2024-05-25T19:45:21.493Z","ask"
"0.17569","56.8","2024-05-25T19:45:21.493Z","ask"
"0.17576","86.7","2024-05-25T19:45:21.493Z","ask"
"0.17577","4009.3","2024-05-25T19:45:21.493Z","ask"
"0.17578","57.3","2024-05-25T19:45:21.493Z","ask"
"0.17579","1.5","2024-05-25T19:45:21.493Z","ask"
"0.1758","75738.9","2024-05-25T19:45:21.493Z","ask"
"0.17581","186.7","2024-05-25T19:45:21.493Z","ask"
"0.17582","1893.9","2024-05-25T19:45:21.493Z","ask"
"0.17583","88","2024-05-25T19:45:21.493Z","ask"
"0.17584","954","2024-05-25T19:45:21.493Z","ask"
"0.17585","3449.9","2024-05-25T19:45:21.493Z","ask"
"0.17587","255","2024-05-25T19:45:21.493Z","ask"
"0.17588","599.9","2024-05-25T19:45:21.493Z","ask"
"0.1759","189.3","2024-05-25T19:45:21.493Z","ask"
"0.17596","20.5","2024-05-25T19:45:21.493Z","ask"
"0.17598","59.1","2024-05-25T19:45:21.493Z","ask"
"0.176","173117","2024-05-25T19:45:21.493Z","ask"
"0.17606","479.8","2024-05-25T19:45:21.493Z","ask"
"0.17608","105.1","2024-05-25T19:45:21.493Z","ask"
"0.17609","310.9","2024-05-25T19:45:21.493Z","ask"
"0.1761","554.3","2024-05-25T19:45:21.493Z","ask"
"0.17612","31380.1","2024-05-25T19:45:21.493Z","ask"
"0.17613","3457.6","2024-05-25T19:45:21.493Z","ask"
"0.17614","0.2","2024-05-25T19:45:21.493Z","ask"
"0.17615","359.1","2024-05-25T19:45:21.493Z","ask"
"0.1762","723.1","2024-05-25T19:45:21.493Z","ask"
"0.17621","496.9","2024-05-25T19:45:21.493Z","ask"
"0.17622","111.9","2024-05-25T19:45:21.493Z","ask"
"0.17623","150","2024-05-25T19:45:21.493Z","ask"
"0.17624","976.5","2024-05-25T19:45:21.493Z","ask"
"0.17626","11.7","2024-05-25T19:45:21.493Z","ask"
"0.17627","12150.8","2024-05-25T19:45:21.493Z","ask"
"0.1763","44.9","2024-05-25T19:45:21.493Z","ask"
"0.17631","13437.9","2024-05-25T19:45:21.493Z","ask"
"0.17632","40","2024-05-25T19:45:21.493Z","ask"
"0.17634","581.6","2024-05-25T19:45:21.493Z","ask"
"0.17635","11.6","2024-05-25T19:45:21.493Z","ask"
"0.17636","211.6","2024-05-25T19:45:21.493Z","ask"
"0.17637","90.4","2024-05-25T19:45:21.493Z","ask"
"0.17638","19260.1","2024-05-25T19:45:21.493Z","ask"
"0.17639","145.2","2024-05-25T19:45:21.493Z","ask"
"0.17642","30.2","2024-05-25T19:45:21.493Z","ask"
"0.17643","121.9","2024-05-25T19:45:21.493Z","ask"
"0.17645","28.7","2024-05-25T19:45:21.493Z","ask"
"0.17646","0.2","2024-05-25T19:45:21.493Z","ask"
"0.17647","397","2024-05-25T19:45:21.493Z","ask"
"0.17648","623.3","2024-05-25T19:45:21.493Z","ask"
"0.17649","1636.2","2024-05-25T19:45:21.493Z","ask"
"0.1765","20011.7","2024-05-25T19:45:21.493Z","ask"
"0.17656","411.8","2024-05-25T19:45:21.493Z","ask"
"0.17657","1","2024-05-25T19:45:21.493Z","ask"
"0.17658","344.6","2024-05-25T19:45:21.493Z","ask"
"0.17661","1","2024-05-25T19:45:21.493Z","ask"
"0.17662","346.6","2024-05-25T19:45:21.493Z","ask"
"0.17663","87.6","2024-05-25T19:45:21.493Z","ask"
"0.17666","1000","2024-05-25T19:45:21.493Z","ask"
"0.17667","520","2024-05-25T19:45:21.493Z","ask"
"0.17669","88.4","2024-05-25T19:45:21.493Z","ask"
"0.1767","1414.8","2024-05-25T19:45:21.493Z","ask"
"0.17673","31.9","2024-05-25T19:45:21.493Z","ask"
"0.17674","1922.4","2024-05-25T19:45:21.493Z","ask"
"0.17676","2962.4","2024-05-25T19:45:21.493Z","ask"
"0.17677","2573.5","2024-05-25T19:45:21.493Z","ask"
"0.17678","188.6","2024-05-25T19:45:21.493Z","ask"
"0.1768","84.5","2024-05-25T19:45:21.493Z","ask"
"0.17683","17.6","2024-05-25T19:45:21.493Z","ask"
"0.17684","44416.3","2024-05-25T19:45:21.493Z","ask"
"0.17688","26.7","2024-05-25T19:45:21.493Z","ask"
"0.17694","48.9","2024-05-25T19:45:21.493Z","ask"
"0.17697","723","2024-05-25T19:45:21.493Z","ask"
"0.177","1623671.4","2024-05-25T19:45:21.493Z","ask"
"0.17701","334.6","2024-05-25T19:45:21.493Z","ask"
"0.17703","17601.1","2024-05-25T19:45:21.493Z","ask"
"0.17704","10746.2","2024-05-25T19:45:21.493Z","ask"
"0.17705","104.6","2024-05-25T19:45:21.493Z","ask"
"0.17706","157","2024-05-25T19:45:21.493Z","ask"
"0.17707","150.3","2024-05-25T19:45:21.493Z","ask"
"0.17708","17","2024-05-25T19:45:21.493Z","ask"
"0.1771","560.5","2024-05-25T19:45:21.493Z","ask"
"0.17711","22149.3","2024-05-25T19:45:21.493Z","ask"
"0.17713","13942","2024-05-25T19:45:21.493Z","ask"
"0.17717","3416.2","2024-05-25T19:45:21.493Z","ask"
"0.17718","1104.4","2024-05-25T19:45:21.493Z","ask"
"0.1772","36.2","2024-05-25T19:45:21.493Z","ask"
"0.17721","59.1","2024-05-25T19:45:21.493Z","ask"
"0.17724","185.9","2024-05-25T19:45:21.493Z","ask"
"0.17725","337.5","2024-05-25T19:45:21.493Z","ask"
"0.17728","598.7","2024-05-25T19:45:21.493Z","ask"
"0.17733","6476.8","2024-05-25T19:45:21.493Z","ask"
"0.17736","100","2024-05-25T19:45:21.493Z","ask"
"0.17738","45.7","2024-05-25T19:45:21.493Z","ask"
"0.1774","23303.4","2024-05-25T19:45:21.493Z","ask"
"0.17741","1418.3","2024-05-25T19:45:21.493Z","ask"
"0.17742","0.2","2024-05-25T19:45:21.493Z","ask"
"0.17743","205.7","2024-05-25T19:45:21.493Z","ask"
"0.17744","1789123.9","2024-05-25T19:45:21.493Z","ask"
"0.17748","14.3","2024-05-25T19:45:21.493Z","ask"
"0.1775","1883.8","2024-05-25T19:45:21.493Z","ask"
"0.17753","9171","2024-05-25T19:45:21.493Z","ask"
"0.17756","5645.9","2024-05-25T19:45:21.494Z","ask"
"0.17757","604.8","2024-05-25T19:45:21.494Z","ask"
"0.17758","17075.9","2024-05-25T19:45:21.494Z","ask"
"0.1776","1000","2024-05-25T19:45:21.494Z","ask"
"0.17762","3700.5","2024-05-25T19:45:21.494Z","ask"
"0.17764","577.6","2024-05-25T19:45:21.494Z","ask"
"0.17767","187.4","2024-05-25T19:45:21.494Z","ask"
"0.17768","4816.9","2024-05-25T19:45:21.494Z","ask"
"0.17769","104.2","2024-05-25T19:45:21.494Z","ask"
"0.1777","1727.5","2024-05-25T19:45:21.494Z","ask"
"0.17774","10235.1","2024-05-25T19:45:21.494Z","ask"
"0.17775","20751.8","2024-05-25T19:45:21.494Z","ask"
"0.17777","78000","2024-05-25T19:45:21.494Z","ask"
"0.17782","215.5","2024-05-25T19:45:21.494Z","ask"
"0.17783","570.8","2024-05-25T19:45:21.494Z","ask"
"0.17786","500","2024-05-25T19:45:21.494Z","ask"
"0.17788","29","2024-05-25T19:45:21.494Z","ask"
"0.17789","68.7","2024-05-25T19:45:21.494Z","ask"
"0.1779","64176.6","2024-05-25T19:45:21.494Z","ask"
"0.17791","1237.9","2024-05-25T19:45:21.494Z","ask"
"0.17792","399.8","2024-05-25T19:45:21.494Z","ask"
"0.17793","10025.5","2024-05-25T19:45:21.494Z","ask"
"0.17794","3036","2024-05-25T19:45:21.494Z","ask"
"0.17795","2001.6","2024-05-25T19:45:21.494Z","ask"
"0.17796","1233.1","2024-05-25T19:45:21.494Z","ask"
"0.17799","148.5","2024-05-25T19:45:21.494Z","ask"
"0.178","17342","2024-05-25T19:45:21.494Z","ask"
"0.17801","124.3","2024-05-25T19:45:21.494Z","ask"
"0.17802","261.9","2024-05-25T19:45:21.494Z","ask"
"0.17804","11.5","2024-05-25T19:45:21.494Z","ask"
"0.17805","4337.5","2024-05-25T19:45:21.494Z","ask"
"0.17806","0.2","2024-05-25T19:45:21.494Z","ask"
"0.17809","28700","2024-05-25T19:45:21.494Z","ask"
"0.17812","21207.1","2024-05-25T19:45:21.494Z","ask"
"0.17813","21750","2024-05-25T19:45:21.494Z","ask"
"0.17815","3374.9","2024-05-25T19:45:21.494Z","ask"
"0.17816","172.2","2024-05-25T19:45:21.494Z","ask"
"0.17822","6031.3","2024-05-25T19:45:21.494Z","ask"
"0.17823","86.8","2024-05-25T19:45:21.494Z","ask"
"0.17826","3897.5","2024-05-25T19:45:21.494Z","ask"
"0.1783","58647.3","2024-05-25T19:45:21.494Z","ask"
"0.17832","2.5","2024-05-25T19:45:21.494Z","ask"
"0.17834","51083.7","2024-05-25T19:45:21.494Z","ask"
"0.17838","287","2024-05-25T19:45:21.494Z","ask"
"0.1784","2774.1","2024-05-25T19:45:21.494Z","ask"
"0.17841","40.8","2024-05-25T19:45:21.494Z","ask"
"0.17842","48.5","2024-05-25T19:45:21.494Z","ask"
"0.17845","4924.4","2024-05-25T19:45:21.494Z","ask"
"0.1785","3394.9","2024-05-25T19:45:21.494Z","ask"
"0.17853","29.8","2024-05-25T19:45:21.494Z","ask"
"0.17856","229.5","2024-05-25T19:45:21.494Z","ask"
"0.17857","5671.9","2024-05-25T19:45:21.494Z","ask"
"0.17858","33338","2024-05-25T19:45:21.494Z","ask"
"0.17864","724.3","2024-05-25T19:45:21.494Z","ask"
"0.17868","406.9","2024-05-25T19:45:21.494Z","ask"
"0.1787","1272.9","2024-05-25T19:45:21.494Z","ask"
"0.17871","595.9","2024-05-25T19:45:21.494Z","ask"
"0.17873","663.3","2024-05-25T19:45:21.494Z","ask"
"0.17875","311.5","2024-05-25T19:45:21.494Z","ask"
"0.17876","615.7","2024-05-25T19:45:21.494Z","ask"
"0.17879","20","2024-05-25T19:45:21.494Z","ask"
"0.1788","55620.2","2024-05-25T19:45:21.494Z","ask"
"0.17881","353.7","2024-05-25T19:45:21.494Z","ask"
"0.17885","7082.1","2024-05-25T19:45:21.494Z","ask"
"0.17888","42798","2024-05-25T19:45:21.494Z","ask"
"0.17889","3271.1","2024-05-25T19:45:21.494Z","ask"
"0.1789","320696.1","2024-05-25T19:45:21.494Z","ask"
"0.17891","30.7","2024-05-25T19:45:21.494Z","ask"
"0.17895","17.4","2024-05-25T19:45:21.494Z","ask"
"0.17896","8712.3","2024-05-25T19:45:21.494Z","ask"
"0.17897","103.4","2024-05-25T19:45:21.494Z","ask"
"0.17899","388","2024-05-25T19:45:21.494Z","ask"
"0.179","88934","2024-05-25T19:45:21.494Z","ask"
"0.17902","0.2","2024-05-25T19:45:21.494Z","ask"
"0.17903","134448","2024-05-25T19:45:21.494Z","ask"
"0.17904","2930.7","2024-05-25T19:45:21.494Z","ask"
"0.17911","316.9","2024-05-25T19:45:21.494Z","ask"
"0.17912","342.4","2024-05-25T19:45:21.494Z","ask"
"0.17914","5582","2024-05-25T19:45:21.494Z","ask"
"0.17919","13","2024-05-25T19:45:21.494Z","ask"
"0.17921","464.6","2024-05-25T19:45:21.494Z","ask"
"0.17922","339.1","2024-05-25T19:45:21.494Z","ask"
"0.17924","418.4","2024-05-25T19:45:21.494Z","ask"
"0.17925","1506.5","2024-05-25T19:45:21.494Z","ask"
"0.17927","539.5","2024-05-25T19:45:21.494Z","ask"
"0.17928","1122","2024-05-25T19:45:21.494Z","ask"
"0.17929","45.2","2024-05-25T19:45:21.494Z","ask"
"0.17932","227.9","2024-05-25T19:45:21.494Z","ask"
"0.17934","386.5","2024-05-25T19:45:21.494Z","ask"
"0.17935","17.2","2024-05-25T19:45:21.494Z","ask"
"0.1794","114.2","2024-05-25T19:45:21.494Z","ask"
"0.17941","557.3","2024-05-25T19:45:21.494Z","ask"
"0.17943","2150.5","2024-05-25T19:45:21.494Z","ask"
"0.17944","260.8","2024-05-25T19:45:21.494Z","ask"
"0.17946","185.6","2024-05-25T19:45:21.494Z","ask"
"0.17948","2.9","2024-05-25T19:45:21.494Z","ask"
"0.17949","27353.2","2024-05-25T19:45:21.494Z","ask"
"0.1795","24850.9","2024-05-25T19:45:21.494Z","ask"
"0.17951","149.3","2024-05-25T19:45:21.494Z","ask"
"0.17955","1854.4","2024-05-25T19:45:21.494Z","ask"
"0.17956","1179.7","2024-05-25T19:45:21.494Z","ask"
"0.1796","5801","2024-05-25T19:45:21.494Z","ask"
"0.17962","90.4","2024-05-25T19:45:21.494Z","ask"
"0.17964","1306.5","2024-05-25T19:45:21.494Z","ask"
"0.17965","0.2","2024-05-25T19:45:21.494Z","ask"
"0.1797","3352.2","2024-05-25T19:45:21.494Z","ask"
"0.17975","150.3","2024-05-25T19:45:21.494Z","ask"
"0.17976","6104.5","2024-05-25T19:45:21.494Z","ask"
"0.17977","147.1","2024-05-25T19:45:21.494Z","ask"
"0.1798","0.2","2024-05-25T19:45:21.494Z","ask"
"0.17984","2124.2","2024-05-25T19:45:21.494Z","ask"
"0.17985","86.1","2024-05-25T19:45:21.494Z","ask"
"0.17987","0.2","2024-05-25T19:45:21.494Z","ask"
"0.17988","2348.7","2024-05-25T19:45:21.494Z","ask"
"0.1799","9750.3","2024-05-25T19:45:21.494Z","ask"
"0.17991","608.8","2024-05-25T19:45:21.494Z","ask"
"0.17992","818.4","2024-05-25T19:45:21.494Z","ask"
"0.17994","260","2024-05-25T19:45:21.494Z","ask"
"0.17995","13180.9","2024-05-25T19:45:21.494Z","ask"
"0.17997","1924568.6","2024-05-25T19:45:21.494Z","ask"
"0.17998","587.5","2024-05-25T19:45:21.494Z","ask"
"0.17999","1056.5","2024-05-25T19:45:21.494Z","ask"
"0.18","1605461.9","2024-05-25T19:45:21.494Z","ask"
"0.18008","20.1","2024-05-25T19:45:21.494Z","ask"
"0.18009","433.4","2024-05-25T19:45:21.494Z","ask"
"0.18011","610.7","2024-05-25T19:45:21.494Z","ask"
"0.18013","9669.3","2024-05-25T19:45:21.494Z","ask"
"0.18021","269.6","2024-05-25T19:45:21.494Z","ask"
"0.18023","14","2024-05-25T19:45:21.494Z","ask"
"0.18027","1424.5","2024-05-25T19:45:21.494Z","ask"
"0.18029","1910.9","2024-05-25T19:45:21.494Z","ask"
"0.18031","3698.4","2024-05-25T19:45:21.494Z","ask"
"0.18032","749.1","2024-05-25T19:45:21.494Z","ask"
"0.18035","8178","2024-05-25T19:45:21.494Z","ask"
"0.18037","307.5","2024-05-25T19:45:21.494Z","ask"
"0.18039","208.4","2024-05-25T19:45:21.494Z","ask"
"0.18042","31.3","2024-05-25T19:45:21.494Z","ask"
"0.18051","0.2","2024-05-25T19:45:21.494Z","ask"
"0.18052","288","2024-05-25T19:45:21.494Z","ask"
"0.18053","500","2024-05-25T19:45:21.494Z","ask"
"0.18055","67.7","2024-05-25T19:45:21.494Z","ask"
"0.18057","110.6","2024-05-25T19:45:21.494Z","ask"
"0.1806","57885.5","2024-05-25T19:45:21.494Z","ask"
"0.18061","929.2","2024-05-25T19:45:21.494Z","ask"
"0.18062","55.7","2024-05-25T19:45:21.494Z","ask"
"0.18066","288.8","2024-05-25T19:45:21.494Z","ask"
"0.18067","15.2","2024-05-25T19:45:21.494Z","ask"
"0.1807","246.2","2024-05-25T19:45:21.494Z","ask"
"0.18073","152.5","2024-05-25T19:45:21.494Z","ask"
"0.18077","38.5","2024-05-25T19:45:21.494Z","ask"
"0.18081","20","2024-05-25T19:45:21.494Z","ask"
"0.18082","402.1","2024-05-25T19:45:21.494Z","ask"
"0.18089","169.7","2024-05-25T19:45:21.494Z","ask"
"0.1809","500","2024-05-25T19:45:21.494Z","ask"
"0.18091","1424.7","2024-05-25T19:45:21.494Z","ask"
"0.18092","3180.8","2024-05-25T19:45:21.494Z","ask"
"0.18093","0.2","2024-05-25T19:45:21.494Z","ask"
"0.18097","9041.7","2024-05-25T19:45:21.494Z","ask"
"0.181","7173.4","2024-05-25T19:45:21.494Z","ask"
"0.18101","8000.2","2024-05-25T19:45:21.494Z","ask"
"0.18105","1888.1","2024-05-25T19:45:21.494Z","ask"
"0.18106","20.8","2024-05-25T19:45:21.494Z","ask"
"0.18107","57.4","2024-05-25T19:45:21.494Z","ask"
"0.18109","17.2","2024-05-25T19:45:21.494Z","ask"
"0.18111","44.9","2024-05-25T19:45:21.494Z","ask"
"0.18113","64.7","2024-05-25T19:45:21.494Z","ask"
"0.18114","782.2","2024-05-25T19:45:21.494Z","ask"
"0.18116","274.1","2024-05-25T19:45:21.494Z","ask"
"0.18118","610.1","2024-05-25T19:45:21.494Z","ask"
"0.18122","418.8","2024-05-25T19:45:21.494Z","ask"
"0.18123","44.7","2024-05-25T19:45:21.494Z","ask"
"0.18125","183.9","2024-05-25T19:45:21.494Z","ask"
"0.18127","157","2024-05-25T19:45:21.494Z","ask"
"0.18129","716.2","2024-05-25T19:45:21.494Z","ask"
"0.18131","0.2","2024-05-25T19:45:21.494Z","ask"
"0.18135","0.2","2024-05-25T19:45:21.494Z","ask"
"0.1814","366.7","2024-05-25T19:45:21.494Z","ask"
"0.18144","47.7","2024-05-25T19:45:21.494Z","ask"
"0.18145","1835","2024-05-25T19:45:21.494Z","ask"
"0.18148","85.3","2024-05-25T19:45:21.494Z","ask"
"0.18149","494.2","2024-05-25T19:45:21.494Z","ask"
"0.1815","8259.7","2024-05-25T19:45:21.494Z","ask"
"0.18151","348.5","2024-05-25T19:45:21.494Z","ask"
"0.18156","446.1","2024-05-25T19:45:21.494Z","ask"
"0.18157","145.8","2024-05-25T19:45:21.494Z","ask"
"0.18159","1726.3","2024-05-25T19:45:21.494Z","ask"
"0.18161","13.9","2024-05-25T19:45:21.494Z","ask"
"0.18165","890","2024-05-25T19:45:21.494Z","ask"
"0.18168","1111.2","2024-05-25T19:45:21.494Z","ask"
"0.18169","17","2024-05-25T19:45:21.494Z","ask"
"0.18171","916","2024-05-25T19:45:21.494Z","ask"
"0.18172","15248.5","2024-05-25T19:45:21.494Z","ask"
"0.18178","29830.1","2024-05-25T19:45:21.494Z","ask"
"0.18179","1973.6","2024-05-25T19:45:21.494Z","ask"
"0.1818","28422","2024-05-25T19:45:21.494Z","ask"
"0.18181","5781.3","2024-05-25T19:45:21.494Z","ask"
"0.18182","58.2","2024-05-25T19:45:21.494Z","ask"
"0.18183","140","2024-05-25T19:45:21.494Z","ask"
"0.18184","71.4","2024-05-25T19:45:21.494Z","ask"
"0.18186","6147.2","2024-05-25T19:45:21.494Z","ask"
"0.18189","344.8","2024-05-25T19:45:21.494Z","ask"
"0.1819","101.8","2024-05-25T19:45:21.494Z","ask"
"0.18194","0.8","2024-05-25T19:45:21.494Z","ask"
"0.182","113725.8","2024-05-25T19:45:21.494Z","ask"
"0.18202","25.9","2024-05-25T19:45:21.494Z","ask"
"0.18203","843.1","2024-05-25T19:45:21.494Z","ask"
"0.18204","149.4","2024-05-25T19:45:21.494Z","ask"
"0.18206","1534.2","2024-05-25T19:45:21.494Z","ask"
"0.1821","28.3","2024-05-25T19:45:21.494Z","ask"
"0.18211","60.3","2024-05-25T19:45:21.494Z","ask"
"0.18213","500","2024-05-25T19:45:21.494Z","ask"
"0.18214","200","2024-05-25T19:45:21.494Z","ask"
"0.18216","182.8","2024-05-25T19:45:21.494Z","ask"
"0.18217","19.8","2024-05-25T19:45:21.494Z","ask"
"0.18221","0.2","2024-05-25T19:45:21.494Z","ask"
"0.18222","1676.5","2024-05-25T19:45:21.494Z","ask"
"0.18229","31","2024-05-25T19:45:21.494Z","ask"
"0.1823","84.9","2024-05-25T19:45:21.494Z","ask"
"0.18239","551.2","2024-05-25T19:45:21.494Z","ask"
"0.18241","1151.6","2024-05-25T19:45:21.494Z","ask"
"0.18242","1549.6","2024-05-25T19:45:21.494Z","ask"
"0.18247","150.3","2024-05-25T19:45:21.494Z","ask"
"0.18248","144.9","2024-05-25T19:45:21.494Z","ask"
"0.1825","8337","2024-05-25T19:45:21.494Z","ask"
"0.18251","58.7","2024-05-25T19:45:21.494Z","ask"
"0.18253","500.2","2024-05-25T19:45:21.494Z","ask"
"0.18257","1046.8","2024-05-25T19:45:21.494Z","ask"
"0.18259","794.2","2024-05-25T19:45:21.494Z","ask"
"0.1826","587.2","2024-05-25T19:45:21.494Z","ask"
"0.18264","180.4","2024-05-25T19:45:21.494Z","ask"
"0.18266","382.8","2024-05-25T19:45:21.494Z","ask"
"0.18268","649.1","2024-05-25T19:45:21.494Z","ask"
"0.18273","300","2024-05-25T19:45:21.494Z","ask"
"0.18274","697.2","2024-05-25T19:45:21.494Z","ask"
"0.18275","3077.6","2024-05-25T19:45:21.494Z","ask"
"0.18277","168.2","2024-05-25T19:45:21.494Z","ask"
"0.18279","118.5","2024-05-25T19:45:21.494Z","ask"
"0.18283","25192.9","2024-05-25T19:45:21.494Z","ask"
"0.18285","0.2","2024-05-25T19:45:21.494Z","ask"
"0.18287","90.4","2024-05-25T19:45:21.494Z","ask"
"0.18288","1055","2024-05-25T19:45:21.494Z","ask"
"0.18291","15","2024-05-25T19:45:21.494Z","ask"
"0.18296","47.3","2024-05-25T19:45:21.494Z","ask"
"0.18299","397.4","2024-05-25T19:45:21.494Z","ask"
"0.183","112740","2024-05-25T19:45:21.494Z","ask"
"0.18302","13.8","2024-05-25T19:45:21.494Z","ask"
"0.18304","26604","2024-05-25T19:45:21.494Z","ask"
"0.18305","197.6","2024-05-25T19:45:21.494Z","ask"
"0.18307","181.9","2024-05-25T19:45:21.494Z","ask"
"0.1831","6604.5","2024-05-25T19:45:21.494Z","ask"
"0.18312","84.5","2024-05-25T19:45:21.494Z","ask"
"0.18316","101229.7","2024-05-25T19:45:21.494Z","ask"
"0.18317","0.2","2024-05-25T19:45:21.494Z","ask"
"0.18319","100.4","2024-05-25T19:45:21.494Z","ask"
"0.1832","58.9","2024-05-25T19:45:21.494Z","ask"
"0.18321","104.3","2024-05-25T19:45:21.494Z","ask"
"0.18324","66.7","2024-05-25T19:45:21.494Z","ask"
"0.18327","17","2024-05-25T19:45:21.494Z","ask"
"0.18332","1195.1","2024-05-25T19:45:21.494Z","ask"
"0.18333","5673.4","2024-05-25T19:45:21.494Z","ask"
"0.18334","345","2024-05-25T19:45:21.494Z","ask"
"0.18336","1815.8","2024-05-25T19:45:21.494Z","ask"
"0.18339","144.2","2024-05-25T19:45:21.494Z","ask"
"0.1834","7000","2024-05-25T19:45:21.494Z","ask"
"0.18343","3387.9","2024-05-25T19:45:21.494Z","ask"
"0.18347","3545.7","2024-05-25T19:45:21.494Z","ask"
"0.18348","109","2024-05-25T19:45:21.494Z","ask"
"0.18349","0.2","2024-05-25T19:45:21.494Z","ask"
"0.18352","44.9","2024-05-25T19:45:21.494Z","ask"
"0.18355","6059.3","2024-05-25T19:45:21.494Z","ask"
"0.18363","165.5","2024-05-25T19:45:21.494Z","ask"
"0.18368","72388","2024-05-25T19:45:21.494Z","ask"
"0.18374","282.7","2024-05-25T19:45:21.494Z","ask"
"0.18375","767.3","2024-05-25T19:45:21.494Z","ask"
"0.18377","25.7","2024-05-25T19:45:21.494Z","ask"
"0.18378","1706.9","2024-05-25T19:45:21.494Z","ask"
"0.18381","0.2","2024-05-25T19:45:21.494Z","ask"
"0.18382","598.4","2024-05-25T19:45:21.494Z","ask"
"0.18388","477.4","2024-05-25T19:45:21.494Z","ask"
"0.1839","500","2024-05-25T19:45:21.494Z","ask"
"0.18391","274.1","2024-05-25T19:45:21.494Z","ask"
"0.18392","3040.4","2024-05-25T19:45:21.494Z","ask"
"0.18395","115.4","2024-05-25T19:45:21.494Z","ask"
"0.184","102798.1","2024-05-25T19:45:21.494Z","ask"
"0.18401","904.5","2024-05-25T19:45:21.494Z","ask"
"0.18403","14.9","2024-05-25T19:45:21.495Z","ask"
"0.18406","178.9","2024-05-25T19:45:21.495Z","ask"
"0.18412","297","2024-05-25T19:45:21.495Z","ask"
"0.18413","0.2","2024-05-25T19:45:21.495Z","ask"
"0.18418","30.7","2024-05-25T19:45:21.495Z","ask"
"0.1842","50000","2024-05-25T19:45:21.495Z","ask"
"0.18421","3069.9","2024-05-25T19:45:21.495Z","ask"
"0.18424","28","2024-05-25T19:45:21.495Z","ask"
"0.18425","343.3","2024-05-25T19:45:21.495Z","ask"
"0.18426","2397.2","2024-05-25T19:45:21.495Z","ask"
"0.18429","19.6","2024-05-25T19:45:21.495Z","ask"
"0.1843","143.4","2024-05-25T19:45:21.495Z","ask"
"0.18434","293.3","2024-05-25T19:45:21.495Z","ask"
"0.18439","123.1","2024-05-25T19:45:21.495Z","ask"
"0.1844","71947","2024-05-25T19:45:21.495Z","ask"
"0.18443","13.7","2024-05-25T19:45:21.495Z","ask"
"0.18445","0.2","2024-05-25T19:45:21.495Z","ask"
"0.18447","316.9","2024-05-25T19:45:21.495Z","ask"
"0.18449","1951.7","2024-05-25T19:45:21.495Z","ask"
"0.1845","43673.9","2024-05-25T19:45:21.495Z","ask"
"0.18457","1200","2024-05-25T19:45:21.495Z","ask"
"0.18462","344.6","2024-05-25T19:45:21.495Z","ask"
"0.18464","2750.5","2024-05-25T19:45:21.495Z","ask"
"0.18468","59.1","2024-05-25T19:45:21.495Z","ask"
"0.1847","73992","2024-05-25T19:45:21.495Z","ask"
"0.18477","0.2","2024-05-25T19:45:21.495Z","ask"
"0.18478","83.8","2024-05-25T19:45:21.495Z","ask"
"0.18482","47.3","2024-05-25T19:45:21.495Z","ask"
"0.18484","301.3","2024-05-25T19:45:21.495Z","ask"
"0.18485","100","2024-05-25T19:45:21.495Z","ask"
"0.18488","100.1","2024-05-25T19:45:21.495Z","ask"
"0.18489","77.3","2024-05-25T19:45:21.495Z","ask"
"0.1849","600","2024-05-25T19:45:21.495Z","ask"
"0.18491","2327","2024-05-25T19:45:21.495Z","ask"
"0.18492","180.1","2024-05-25T19:45:21.495Z","ask"
"0.185","977919.5","2024-05-25T19:45:21.495Z","ask"
"0.18502","165","2024-05-25T19:45:21.495Z","ask"
"0.18504","611.6","2024-05-25T19:45:21.495Z","ask"
"0.18509","2173.3","2024-05-25T19:45:21.495Z","ask"
"0.1851","66.2","2024-05-25T19:45:21.495Z","ask"
"0.18517","451.3","2024-05-25T19:45:21.495Z","ask"
"0.18518","341.6","2024-05-25T19:45:21.495Z","ask"
"0.18522","142.7","2024-05-25T19:45:21.495Z","ask"
"0.18523","150.3","2024-05-25T19:45:21.495Z","ask"
"0.18527","20.4","2024-05-25T19:45:21.495Z","ask"
"0.1853","1796.9","2024-05-25T19:45:21.495Z","ask"
"0.18533","587.2","2024-05-25T19:45:21.495Z","ask"
"0.18535","175.1","2024-05-25T19:45:21.495Z","ask"
"0.1854","375.6","2024-05-25T19:45:21.495Z","ask"
"0.18541","0.3","2024-05-25T19:45:21.495Z","ask"
"0.18545","1183.3","2024-05-25T19:45:21.495Z","ask"
"0.18546","16.8","2024-05-25T19:45:21.495Z","ask"
"0.18548","400","2024-05-25T19:45:21.495Z","ask"
"0.18549","157","2024-05-25T19:45:21.495Z","ask"
"0.1855","539","2024-05-25T19:45:21.495Z","ask"
"0.18552","904.2","2024-05-25T19:45:21.495Z","ask"
"0.18553","612.8","2024-05-25T19:45:21.495Z","ask"
"0.18555","14322.9","2024-05-25T19:45:21.495Z","ask"
"0.18556","0.8","2024-05-25T19:45:21.495Z","ask"
"0.18562","83.4","2024-05-25T19:45:21.495Z","ask"
"0.18571","5767.6","2024-05-25T19:45:21.495Z","ask"
"0.18572","388.2","2024-05-25T19:45:21.495Z","ask"
"0.18573","0.3","2024-05-25T19:45:21.495Z","ask"
"0.18575","6245","2024-05-25T19:45:21.495Z","ask"
"0.18579","107.5","2024-05-25T19:45:21.495Z","ask"
"0.18583","134.5","2024-05-25T19:45:21.495Z","ask"
"0.18584","179.2","2024-05-25T19:45:21.495Z","ask"
"0.18585","13.6","2024-05-25T19:45:21.495Z","ask"
"0.18586","31.3","2024-05-25T19:45:21.495Z","ask"
"0.18587","99.6","2024-05-25T19:45:21.495Z","ask"
"0.18593","774.5","2024-05-25T19:45:21.495Z","ask"
"0.18595","0.8","2024-05-25T19:45:21.495Z","ask"
"0.18596","24.6","2024-05-25T19:45:21.495Z","ask"
"0.18599","468.9","2024-05-25T19:45:21.495Z","ask"
"0.186","54700.7","2024-05-25T19:45:21.495Z","ask"
"0.18605","89.8","2024-05-25T19:45:21.495Z","ask"
"0.18606","554.8","2024-05-25T19:45:21.495Z","ask"
"0.1861","370.2","2024-05-25T19:45:21.495Z","ask"
"0.18611","80.5","2024-05-25T19:45:21.495Z","ask"
"0.18612","90.4","2024-05-25T19:45:21.495Z","ask"
"0.18614","142","2024-05-25T19:45:21.495Z","ask"
"0.18621","599.7","2024-05-25T19:45:21.495Z","ask"
"0.18622","0.7","2024-05-25T19:45:21.495Z","ask"
"0.1863","1500","2024-05-25T19:45:21.495Z","ask"
"0.18631","14.7","2024-05-25T19:45:21.495Z","ask"
"0.18633","55.8","2024-05-25T19:45:21.495Z","ask"
"0.18634","893.2","2024-05-25T19:45:21.495Z","ask"
"0.18637","22.1","2024-05-25T19:45:21.495Z","ask"
"0.1864","142.7","2024-05-25T19:45:21.495Z","ask"
"0.18642","27.7","2024-05-25T19:45:21.495Z","ask"
"0.18643","19.4","2024-05-25T19:45:21.495Z","ask"
"0.18645","16.5","2024-05-25T19:45:21.495Z","ask"
"0.18646","83","2024-05-25T19:45:21.495Z","ask"
"0.1865","3424.2","2024-05-25T19:45:21.495Z","ask"
"0.1866","365","2024-05-25T19:45:21.495Z","ask"
"0.18666","274.1","2024-05-25T19:45:21.495Z","ask"
"0.18667","218.8","2024-05-25T19:45:21.495Z","ask"
"0.18669","1875","2024-05-25T19:45:21.495Z","ask"
"0.1867","537.8","2024-05-25T19:45:21.495Z","ask"
"0.18674","240.2","2024-05-25T19:45:21.495Z","ask"
"0.18677","475.2","2024-05-25T19:45:21.495Z","ask"
"0.18688","1227.4","2024-05-25T19:45:21.495Z","ask"
"0.18689","99","2024-05-25T19:45:21.495Z","ask"
"0.1869","40547","2024-05-25T19:45:21.495Z","ask"
"0.18691","79.6","2024-05-25T19:45:21.495Z","ask"
"0.187","193720.1","2024-05-25T19:45:21.495Z","ask"
"0.18701","0.3","2024-05-25T19:45:21.495Z","ask"
"0.18702","1.5","2024-05-25T19:45:21.495Z","ask"
"0.18704","338.2","2024-05-25T19:45:21.495Z","ask"
"0.18715","8239.9","2024-05-25T19:45:21.495Z","ask"
"0.18717","43.3","2024-05-25T19:45:21.495Z","ask"
"0.18721","316.9","2024-05-25T19:45:21.495Z","ask"
"0.18724","37693","2024-05-25T19:45:21.495Z","ask"
"0.18725","1778.1","2024-05-25T19:45:21.495Z","ask"
"0.18728","13.5","2024-05-25T19:45:21.495Z","ask"
"0.1873","82.6","2024-05-25T19:45:21.495Z","ask"
"0.18731","25.2","2024-05-25T19:45:21.495Z","ask"
"0.18733","0.3","2024-05-25T19:45:21.495Z","ask"
"0.18738","344.6","2024-05-25T19:45:21.495Z","ask"
"0.18739","388","2024-05-25T19:45:21.495Z","ask"
"0.18746","14.7","2024-05-25T19:45:21.495Z","ask"
"0.1875","11180.5","2024-05-25T19:45:21.495Z","ask"
"0.18751","835.6","2024-05-25T19:45:21.495Z","ask"
"0.18752","139619.8","2024-05-25T19:45:21.495Z","ask"
"0.18755","602.2","2024-05-25T19:45:21.495Z","ask"
"0.1876","1222.3","2024-05-25T19:45:21.495Z","ask"
"0.18762","1857","2024-05-25T19:45:21.495Z","ask"
"0.18765","0.3","2024-05-25T19:45:21.495Z","ask"
"0.18768","16.6","2024-05-25T19:45:21.495Z","ask"
"0.1877","177.4","2024-05-25T19:45:21.495Z","ask"
"0.18773","109.5","2024-05-25T19:45:21.495Z","ask"
"0.18775","40052","2024-05-25T19:45:21.495Z","ask"
"0.18776","98","2024-05-25T19:45:21.495Z","ask"
"0.18777","31.3","2024-05-25T19:45:21.495Z","ask"
"0.18781","114.5","2024-05-25T19:45:21.495Z","ask"
"0.18785","6924.6","2024-05-25T19:45:21.495Z","ask"
"0.18786","1224.4","2024-05-25T19:45:21.495Z","ask"
"0.1879","98.5","2024-05-25T19:45:21.495Z","ask"
"0.18797","0.3","2024-05-25T19:45:21.495Z","ask"
"0.18798","336.5","2024-05-25T19:45:21.495Z","ask"
"0.188","58709.9","2024-05-25T19:45:21.495Z","ask"
"0.18801","140.6","2024-05-25T19:45:21.495Z","ask"
"0.18802","630.5","2024-05-25T19:45:21.495Z","ask"
"0.18803","180.3","2024-05-25T19:45:21.495Z","ask"
"0.18809","587.2","2024-05-25T19:45:21.495Z","ask"
"0.18814","82.3","2024-05-25T19:45:21.495Z","ask"
"0.18816","16","2024-05-25T19:45:21.495Z","ask"
"0.18821","12538.6","2024-05-25T19:45:21.495Z","ask"
"0.18829","0.3","2024-05-25T19:45:21.495Z","ask"
"0.1883","7225","2024-05-25T19:45:21.495Z","ask"
"0.18833","163.4","2024-05-25T19:45:21.495Z","ask"
"0.18845","1000","2024-05-25T19:45:21.495Z","ask"
"0.1885","44268.1","2024-05-25T19:45:21.495Z","ask"
"0.18861","19.4","2024-05-25T19:45:21.495Z","ask"
"0.18862","41.9","2024-05-25T19:45:21.495Z","ask"
"0.18865","176.5","2024-05-25T19:45:21.495Z","ask"
"0.18868","2497.9","2024-05-25T19:45:21.495Z","ask"
"0.18871","902.4","2024-05-25T19:45:21.495Z","ask"
"0.18872","13.4","2024-05-25T19:45:21.495Z","ask"
"0.18875","16","2024-05-25T19:45:21.495Z","ask"
"0.18877","64.7","2024-05-25T19:45:21.495Z","ask"
"0.18878","1713.8","2024-05-25T19:45:21.495Z","ask"
"0.1888","86269","2024-05-25T19:45:21.495Z","ask"
"0.18888","7002.7","2024-05-25T19:45:21.495Z","ask"
"0.18891","149.6","2024-05-25T19:45:21.495Z","ask"
"0.18892","432.8","2024-05-25T19:45:21.495Z","ask"
"0.18893","0.3","2024-05-25T19:45:21.495Z","ask"
"0.18895","139.9","2024-05-25T19:45:21.495Z","ask"
"0.18899","81.9","2024-05-25T19:45:21.495Z","ask"
"0.189","164680.8","2024-05-25T19:45:21.495Z","ask"
"0.18903","17.7","2024-05-25T19:45:21.495Z","ask"
"0.18907","19292.7","2024-05-25T19:45:21.495Z","ask"
"0.1891","26446","2024-05-25T19:45:21.495Z","ask"
"0.18911","19.9","2024-05-25T19:45:21.495Z","ask"
"0.18912","24.9","2024-05-25T19:45:21.495Z","ask"
"0.18919","45.7","2024-05-25T19:45:21.495Z","ask"
"0.1892","136126","2024-05-25T19:45:21.495Z","ask"
"0.18923","1759.5","2024-05-25T19:45:21.495Z","ask"
"0.18925","372.4","2024-05-25T19:45:21.495Z","ask"
"0.1893","3500","2024-05-25T19:45:21.495Z","ask"
"0.18937","90.4","2024-05-25T19:45:21.495Z","ask"
"0.1894","8569.4","2024-05-25T19:45:21.495Z","ask"
"0.18941","274.1","2024-05-25T19:45:21.495Z","ask"
"0.18942","50000","2024-05-25T19:45:21.495Z","ask"
"0.18943","9244.5","2024-05-25T19:45:21.495Z","ask"
"0.1895","4487.6","2024-05-25T19:45:21.495Z","ask"
"0.18951","56438.5","2024-05-25T19:45:21.495Z","ask"
"0.18952","543.4","2024-05-25T19:45:21.495Z","ask"
"0.18953","672.2","2024-05-25T19:45:21.495Z","ask"
"0.18957","0.3","2024-05-25T19:45:21.495Z","ask"
"0.18959","175.6","2024-05-25T19:45:21.495Z","ask"
"0.18962","1053.5","2024-05-25T19:45:21.495Z","ask"
"0.18964","383.4","2024-05-25T19:45:21.495Z","ask"
"0.18967","2922.6","2024-05-25T19:45:21.495Z","ask"
"0.18968","31.3","2024-05-25T19:45:21.495Z","ask"
"0.18969","561.1","2024-05-25T19:45:21.495Z","ask"
"0.1897","3157","2024-05-25T19:45:21.495Z","ask"
"0.18978","14.5","2024-05-25T19:45:21.495Z","ask"
"0.18984","81.5","2024-05-25T19:45:21.495Z","ask"
"0.18986","333.1","2024-05-25T19:45:21.495Z","ask"
"0.18989","139.5","2024-05-25T19:45:21.495Z","ask"
"0.1899","12603.1","2024-05-25T19:45:21.495Z","ask"
"0.18991","1260","2024-05-25T19:45:21.495Z","ask"
"0.18993","284.3","2024-05-25T19:45:21.495Z","ask"
"0.18994","16.4","2024-05-25T19:45:21.495Z","ask"
"0.18995","197.5","2024-05-25T19:45:21.495Z","ask"
"0.18999","2675.9","2024-05-25T19:45:21.495Z","ask"
"0.19","2510862.5","2024-05-25T19:45:21.495Z","ask"
"0.19006","291.8","2024-05-25T19:45:21.495Z","ask"
"0.1901","351","2024-05-25T19:45:21.495Z","ask"
"0.19018","357.9","2024-05-25T19:45:21.495Z","ask"
"0.19021","0.3","2024-05-25T19:45:21.495Z","ask"
"0.19036","2687.2","2024-05-25T19:45:21.495Z","ask"
"0.1905","20000","2024-05-25T19:45:21.495Z","ask"
"0.19053","0.3","2024-05-25T19:45:21.495Z","ask"
"0.19054","174.8","2024-05-25T19:45:21.495Z","ask"
"0.19055","527.6","2024-05-25T19:45:21.495Z","ask"
"0.19056","880.3","2024-05-25T19:45:21.495Z","ask"
"0.19069","81.2","2024-05-25T19:45:21.495Z","ask"
"0.19074","44.9","2024-05-25T19:45:21.495Z","ask"
"0.19077","112.7","2024-05-25T19:45:21.495Z","ask"
"0.19079","45.3","2024-05-25T19:45:21.495Z","ask"
"0.1908","18.9","2024-05-25T19:45:21.495Z","ask"
"0.19081","331.5","2024-05-25T19:45:21.495Z","ask"
"0.19084","138.5","2024-05-25T19:45:21.495Z","ask"
"0.19085","27.3","2024-05-25T19:45:21.495Z","ask"
"0.19089","150.3","2024-05-25T19:45:21.495Z","ask"
"0.1909","587.2","2024-05-25T19:45:21.495Z","ask"
"0.19093","24.7","2024-05-25T19:45:21.495Z","ask"
"0.19096","14.4","2024-05-25T19:45:21.495Z","ask"
"0.19097","96.9","2024-05-25T19:45:21.495Z","ask"
"0.19099","9958.7","2024-05-25T19:45:21.495Z","ask"
"0.191","7737.6","2024-05-25T19:45:21.495Z","ask"
"0.19105","172.5","2024-05-25T19:45:21.495Z","ask"
"0.19109","2869.3","2024-05-25T19:45:21.495Z","ask"
"0.1911","23.3","2024-05-25T19:45:21.495Z","ask"
"0.19115","409.8","2024-05-25T19:45:21.495Z","ask"
"0.19117","104.8","2024-05-25T19:45:21.495Z","ask"
"0.19122","1741.2","2024-05-25T19:45:21.495Z","ask"
"0.19125","42.4","2024-05-25T19:45:21.495Z","ask"
"0.1913","376.9","2024-05-25T19:45:21.495Z","ask"
"0.19134","16.1","2024-05-25T19:45:21.495Z","ask"
"0.19139","1775.2","2024-05-25T19:45:21.495Z","ask"
"0.1914","2000","2024-05-25T19:45:21.495Z","ask"
"0.19146","574.5","2024-05-25T19:45:21.495Z","ask"
"0.19149","220.8","2024-05-25T19:45:21.495Z","ask"
"0.19153","500","2024-05-25T19:45:21.495Z","ask"
"0.19155","80.8","2024-05-25T19:45:21.495Z","ask"
"0.19159","95.1","2024-05-25T19:45:21.495Z","ask"
"0.19163","124.2","2024-05-25T19:45:21.495Z","ask"
"0.19165","740.7","2024-05-25T19:45:21.495Z","ask"
"0.19173","138.3","2024-05-25T19:45:21.495Z","ask"
"0.19178","329.8","2024-05-25T19:45:21.495Z","ask"
"0.1918","137.8","2024-05-25T19:45:21.495Z","ask"
"0.19181","0.3","2024-05-25T19:45:21.495Z","ask"
"0.19183","36428","2024-05-25T19:45:21.495Z","ask"
"0.19187","1132","2024-05-25T19:45:21.495Z","ask"
"0.1919","378.9","2024-05-25T19:45:21.495Z","ask"
"0.19192","1638.5","2024-05-25T19:45:21.495Z","ask"
"0.19196","29.4","2024-05-25T19:45:21.495Z","ask"
"0.192","71105.1","2024-05-25T19:45:21.495Z","ask"
"0.19201","112.1","2024-05-25T19:45:21.495Z","ask"
"0.1921","4266.4","2024-05-25T19:45:21.495Z","ask"
"0.19213","0.3","2024-05-25T19:45:21.495Z","ask"
"0.19214","14.3","2024-05-25T19:45:21.495Z","ask"
"0.19216","274.1","2024-05-25T19:45:21.495Z","ask"
"0.19217","265.4","2024-05-25T19:45:21.495Z","ask"
"0.19218","585.3","2024-05-25T19:45:21.495Z","ask"
"0.19221","16.2","2024-05-25T19:45:21.495Z","ask"
"0.1924","45","2024-05-25T19:45:21.495Z","ask"
"0.19241","80.4","2024-05-25T19:45:21.495Z","ask"
"0.19245","173.3","2024-05-25T19:45:21.495Z","ask"
"0.19246","95.6","2024-05-25T19:45:21.495Z","ask"
"0.1926","49008.8","2024-05-25T19:45:21.495Z","ask"
"0.19262","90.4","2024-05-25T19:45:21.495Z","ask"
"0.1927","2398.8","2024-05-25T19:45:21.495Z","ask"
"0.19274","328.2","2024-05-25T19:45:21.495Z","ask"
"0.19275","137.2","2024-05-25T19:45:21.495Z","ask"
"0.19276","24.5","2024-05-25T19:45:21.495Z","ask"
"0.19277","0.3","2024-05-25T19:45:21.495Z","ask"
"0.19282","316.9","2024-05-25T19:45:21.495Z","ask"
"0.19285","614.7","2024-05-25T19:45:21.495Z","ask"
"0.193","120190.4","2024-05-25T19:45:21.495Z","ask"
"0.19301","18.7","2024-05-25T19:45:21.495Z","ask"
"0.19302","344.6","2024-05-25T19:45:21.495Z","ask"
"0.19305","95.9","2024-05-25T19:45:21.495Z","ask"
"0.19308","0.3","2024-05-25T19:45:21.495Z","ask"
"0.19309","26.7","2024-05-25T19:45:21.495Z","ask"
"0.19312","13.1","2024-05-25T19:45:21.495Z","ask"
"0.19315","44.9","2024-05-25T19:45:21.495Z","ask"
"0.1932","165","2024-05-25T19:45:21.495Z","ask"
"0.19323","13327.9","2024-05-25T19:45:21.495Z","ask"
"0.19324","1723","2024-05-25T19:45:21.495Z","ask"
"0.19327","99.6","2024-05-25T19:45:21.495Z","ask"
"0.19329","494","2024-05-25T19:45:21.495Z","ask"
"0.19331","41.9","2024-05-25T19:45:21.495Z","ask"
"0.19332","14.2","2024-05-25T19:45:21.495Z","ask"
"0.1934","694.4","2024-05-25T19:45:21.495Z","ask"
"0.19342","172.2","2024-05-25T19:45:21.495Z","ask"
"0.1935","43415","2024-05-25T19:45:21.495Z","ask"
"0.1936","57","2024-05-25T19:45:21.495Z","ask"
"0.19363","284.7","2024-05-25T19:45:21.495Z","ask"
"0.19371","856.3","2024-05-25T19:45:21.495Z","ask"
"0.19372","0.3","2024-05-25T19:45:21.495Z","ask"
"0.19375","587.2","2024-05-25T19:45:21.495Z","ask"
"0.19377","150.3","2024-05-25T19:45:21.495Z","ask"
"0.19378","16476.5","2024-05-25T19:45:21.495Z","ask"
"0.19381","5482.9","2024-05-25T19:45:21.495Z","ask"
"0.19383","15.9","2024-05-25T19:45:21.495Z","ask"
"0.19392","157","2024-05-25T19:45:21.495Z","ask"
"0.19395","169.9","2024-05-25T19:45:21.495Z","ask"
"0.19396","29.1","2024-05-25T19:45:21.495Z","ask"
"0.19398","347.6","2024-05-25T19:45:21.495Z","ask"
"0.194","218127.5","2024-05-25T19:45:21.495Z","ask"
"0.19401","44.6","2024-05-25T19:45:21.495Z","ask"
"0.19403","118.5","2024-05-25T19:45:21.495Z","ask"
"0.19404","0.3","2024-05-25T19:45:21.495Z","ask"
"0.1941","5520.4","2024-05-25T19:45:21.495Z","ask"
"0.19414","79.7","2024-05-25T19:45:21.495Z","ask"
"0.19418","125.5","2024-05-25T19:45:21.495Z","ask"
"0.1942","30000","2024-05-25T19:45:21.495Z","ask"
"0.19421","374.4","2024-05-25T19:45:21.495Z","ask"
"0.19436","0.3","2024-05-25T19:45:21.495Z","ask"
"0.19439","171.3","2024-05-25T19:45:21.495Z","ask"
"0.19445","62.9","2024-05-25T19:45:21.495Z","ask"
"0.19452","30.1","2024-05-25T19:45:21.495Z","ask"
"0.19461","37.2","2024-05-25T19:45:21.495Z","ask"
"0.19468","136.2","2024-05-25T19:45:21.495Z","ask"
"0.1947","1395.7","2024-05-25T19:45:21.495Z","ask"
"0.19476","1221.1","2024-05-25T19:45:21.495Z","ask"
"0.19487","224000","2024-05-25T19:45:21.495Z","ask"
"0.1949","3967.4","2024-05-25T19:45:21.495Z","ask"
"0.19492","274.1","2024-05-25T19:45:21.495Z","ask"
"0.195","2252387.5","2024-05-25T19:45:21.495Z","ask"
"0.19501","79.4","2024-05-25T19:45:21.495Z","ask"
"0.19516","94.8","2024-05-25T19:45:21.495Z","ask"
"0.19521","527.6","2024-05-25T19:45:21.495Z","ask"
"0.19522","2571.5","2024-05-25T19:45:21.495Z","ask"
"0.19523","119.4","2024-05-25T19:45:21.495Z","ask"
"0.19524","1740.2","2024-05-25T19:45:21.495Z","ask"
"0.19525","55.8","2024-05-25T19:45:21.495Z","ask"
"0.19528","1705","2024-05-25T19:45:21.495Z","ask"
"0.1953","66.4","2024-05-25T19:45:21.495Z","ask"
"0.19536","170.4","2024-05-25T19:45:21.495Z","ask"
"0.19538","26.4","2024-05-25T19:45:21.495Z","ask"
"0.1954","588.8","2024-05-25T19:45:21.495Z","ask"
"0.19541","31.3","2024-05-25T19:45:21.495Z","ask"
"0.19544","307","2024-05-25T19:45:21.495Z","ask"
"0.1955","21338.2","2024-05-25T19:45:21.495Z","ask"
"0.19553","500","2024-05-25T19:45:21.495Z","ask"
"0.19556","53076.7","2024-05-25T19:45:21.495Z","ask"
"0.19564","44.2","2024-05-25T19:45:21.495Z","ask"
"0.19566","135.1","2024-05-25T19:45:21.495Z","ask"
"0.19568","316.9","2024-05-25T19:45:21.495Z","ask"
"0.19572","14","2024-05-25T19:45:21.495Z","ask"
"0.19573","857","2024-05-25T19:45:21.495Z","ask"
"0.19577","824.4","2024-05-25T19:45:21.495Z","ask"
"0.19579","712.2","2024-05-25T19:45:21.495Z","ask"
"0.19583","516.6","2024-05-25T19:45:21.495Z","ask"
"0.19585","100","2024-05-25T19:45:21.495Z","ask"
"0.19587","90.4","2024-05-25T19:45:21.495Z","ask"
"0.19589","165.6","2024-05-25T19:45:21.495Z","ask"
"0.19592","344.6","2024-05-25T19:45:21.495Z","ask"
"0.19593","15.3","2024-05-25T19:45:21.495Z","ask"
"0.19598","28.8","2024-05-25T19:45:21.495Z","ask"
"0.196","2858.7","2024-05-25T19:45:21.495Z","ask"
"0.19611","12.9","2024-05-25T19:45:21.495Z","ask"
"0.19621","94.3","2024-05-25T19:45:21.495Z","ask"
"0.19623","2574.5","2024-05-25T19:45:21.495Z","ask"
"0.19631","2388.6","2024-05-25T19:45:21.495Z","ask"
"0.19633","169.6","2024-05-25T19:45:21.495Z","ask"
"0.19637","15.7","2024-05-25T19:45:21.495Z","ask"
"0.1964","124.1","2024-05-25T19:45:21.495Z","ask"
"0.19647","24","2024-05-25T19:45:21.495Z","ask"
"0.1965","145855.7","2024-05-25T19:45:21.495Z","ask"
"0.19653","370","2024-05-25T19:45:21.495Z","ask"
"0.19656","648.2","2024-05-25T19:45:21.495Z","ask"
"0.19663","134.5","2024-05-25T19:45:21.495Z","ask"
"0.19664","587.2","2024-05-25T19:45:21.495Z","ask"
"0.1967","101.5","2024-05-25T19:45:21.495Z","ask"
"0.19671","150.3","2024-05-25T19:45:21.495Z","ask"
"0.19676","1764.7","2024-05-25T19:45:21.495Z","ask"
"0.19677","78.6","2024-05-25T19:45:21.495Z","ask"
"0.19681","281.8","2024-05-25T19:45:21.495Z","ask"
"0.19683","109.3","2024-05-25T19:45:21.495Z","ask"
"0.19684","251827.8","2024-05-25T19:45:21.495Z","ask"
"0.19685","15.8","2024-05-25T19:45:21.495Z","ask"
"0.19688","167.4","2024-05-25T19:45:21.495Z","ask"
"0.1969","3000","2024-05-25T19:45:21.495Z","ask"
"0.19692","13.9","2024-05-25T19:45:21.495Z","ask"
"0.19693","5989.6","2024-05-25T19:45:21.495Z","ask"
"0.197","195232.8","2024-05-25T19:45:21.495Z","ask"
"0.19704","365.9","2024-05-25T19:45:21.495Z","ask"
"0.19727","93.8","2024-05-25T19:45:21.495Z","ask"
"0.19728","137.1","2024-05-25T19:45:21.495Z","ask"
"0.19732","31.3","2024-05-25T19:45:21.495Z","ask"
"0.19733","168.7","2024-05-25T19:45:21.495Z","ask"
"0.19734","1687.2","2024-05-25T19:45:21.495Z","ask"
"0.19736","61.9","2024-05-25T19:45:21.495Z","ask"
"0.19743","165","2024-05-25T19:45:21.495Z","ask"
"0.19747","60.2","2024-05-25T19:45:21.495Z","ask"
"0.1975","254.5","2024-05-25T19:45:21.495Z","ask"
"0.19752","19","2024-05-25T19:45:21.495Z","ask"
"0.19753","18.3","2024-05-25T19:45:21.495Z","ask"
"0.1976","118","2024-05-25T19:45:21.495Z","ask"
"0.19761","133.8","2024-05-25T19:45:21.495Z","ask"
"0.19762","12.8","2024-05-25T19:45:21.495Z","ask"
"0.19765","78.3","2024-05-25T19:45:21.495Z","ask"
"0.19767","555.8","2024-05-25T19:45:21.495Z","ask"
"0.19768","26.1","2024-05-25T19:45:21.495Z","ask"
"0.1977","1746.5","2024-05-25T19:45:21.495Z","ask"
"0.1978","599.3","2024-05-25T19:45:21.495Z","ask"
"0.19786","500","2024-05-25T19:45:21.495Z","ask"
"0.19789","1013","2024-05-25T19:45:21.495Z","ask"
"0.19793","85.7","2024-05-25T19:45:21.495Z","ask"
"0.19796","44.9","2024-05-25T19:45:21.495Z","ask"
"0.198","202255.8","2024-05-25T19:45:21.495Z","ask"
"0.19801","28.5","2024-05-25T19:45:21.495Z","ask"
"0.19809","5743.2","2024-05-25T19:45:21.495Z","ask"
"0.19814","13.9","2024-05-25T19:45:21.495Z","ask"
"0.1982","5100","2024-05-25T19:45:21.495Z","ask"
"0.1983","2100","2024-05-25T19:45:21.495Z","ask"
"0.19831","167.9","2024-05-25T19:45:21.495Z","ask"
"0.19833","142.5","2024-05-25T19:45:21.495Z","ask"
"0.19835","1331.4","2024-05-25T19:45:21.495Z","ask"
"0.19837","23.8","2024-05-25T19:45:21.495Z","ask"
"0.1985","5383.9","2024-05-25T19:45:21.495Z","ask"
"0.19854","77.9","2024-05-25T19:45:21.495Z","ask"
"0.19859","450","2024-05-25T19:45:21.495Z","ask"
"0.1986","344.1","2024-05-25T19:45:21.495Z","ask"
"0.19869","1221.1","2024-05-25T19:45:21.495Z","ask"
"0.1987","84.6","2024-05-25T19:45:21.495Z","ask"
"0.19872","1000","2024-05-25T19:45:21.495Z","ask"
"0.19876","2515.5","2024-05-25T19:45:21.495Z","ask"
"0.1988","27765.7","2024-05-25T19:45:21.495Z","ask"
"0.19885","1491","2024-05-25T19:45:21.495Z","ask"
"0.19888","1490.6","2024-05-25T19:45:21.495Z","ask"
"0.1989","19319.4","2024-05-25T19:45:21.495Z","ask"
"0.19893","15.5","2024-05-25T19:45:21.495Z","ask"
"0.19894","43.5","2024-05-25T19:45:21.495Z","ask"
"0.19899","122.4","2024-05-25T19:45:21.495Z","ask"
"0.199","123880.8","2024-05-25T19:45:21.495Z","ask"
"0.1991","5789.6","2024-05-25T19:45:21.495Z","ask"
"0.19912","90.4","2024-05-25T19:45:21.495Z","ask"
"0.19914","12.7","2024-05-25T19:45:21.495Z","ask"
"0.19916","1706","2024-05-25T19:45:21.495Z","ask"
"0.19919","3.8","2024-05-25T19:45:21.495Z","ask"
"0.1992","2662","2024-05-25T19:45:21.495Z","ask"
"0.19921","15.7","2024-05-25T19:45:21.495Z","ask"
"0.19923","31.3","2024-05-25T19:45:21.495Z","ask"
"0.19928","1131.3","2024-05-25T19:45:21.495Z","ask"
"0.1993","167.1","2024-05-25T19:45:21.495Z","ask"
"0.19937","13.8","2024-05-25T19:45:21.495Z","ask"
"0.19942","1762.4","2024-05-25T19:45:21.495Z","ask"
"0.19943","629.1","2024-05-25T19:45:21.495Z","ask"
"0.1995","11163.8","2024-05-25T19:45:21.495Z","ask"
"0.19952","537.1","2024-05-25T19:45:21.495Z","ask"
"0.19957","587.2","2024-05-25T19:45:21.495Z","ask"
"0.19959","133.1","2024-05-25T19:45:21.495Z","ask"
"0.19968","150.3","2024-05-25T19:45:21.495Z","ask"
"0.1997","3000","2024-05-25T19:45:21.495Z","ask"
"0.19972","25.3","2024-05-25T19:45:21.495Z","ask"
"0.19977","60","2024-05-25T19:45:21.495Z","ask"
"0.1998","35000","2024-05-25T19:45:21.495Z","ask"
"0.19982","18.1","2024-05-25T19:45:21.495Z","ask"
"0.19986","164.9","2024-05-25T19:45:21.495Z","ask"
"0.19988","0.6","2024-05-25T19:45:21.495Z","ask"
"0.19989","118.5","2024-05-25T19:45:21.495Z","ask"
"0.1999","3000","2024-05-25T19:45:21.495Z","ask"
"0.19992","2922.6","2024-05-25T19:45:21.495Z","ask"
"0.19993","107.6","2024-05-25T19:45:21.495Z","ask"
"0.19994","0.6","2024-05-25T19:45:21.495Z","ask"
"0.19998","520.2","2024-05-25T19:45:21.495Z","ask"
"0.2","4081385.8","2024-05-25T19:45:21.495Z","ask"
"0.20001","723","2024-05-25T19:45:21.495Z","ask"
"0.20007","28.2","2024-05-25T19:45:21.495Z","ask"
"0.2001","5100","2024-05-25T19:45:21.495Z","ask"
"0.20013","133676.5","2024-05-25T19:45:21.495Z","ask"
"0.20024","656.9","2024-05-25T19:45:21.495Z","ask"
"0.20027","300.5","2024-05-25T19:45:21.495Z","ask"
"0.2003","304.6","2024-05-25T19:45:21.495Z","ask"
"0.20031","227.2","2024-05-25T19:45:21.495Z","ask"
"0.20033","77.2","2024-05-25T19:45:21.495Z","ask"
"0.20037","44.9","2024-05-25T19:45:21.495Z","ask"
"0.20038","0.6","2024-05-25T19:45:21.495Z","ask"
"0.2004","7800","2024-05-25T19:45:21.495Z","ask"
"0.20042","274.7","2024-05-25T19:45:21.495Z","ask"
"0.20051","92.3","2024-05-25T19:45:21.495Z","ask"
"0.20053","0.6","2024-05-25T19:45:21.495Z","ask"
"0.20054","0.6","2024-05-25T19:45:21.495Z","ask"
"0.20058","131.8","2024-05-25T19:45:21.495Z","ask"
"0.20059","13.7","2024-05-25T19:45:21.495Z","ask"
"0.2006","0.6","2024-05-25T19:45:21.495Z","ask"
"0.20062","43.1","2024-05-25T19:45:21.495Z","ask"
"0.20067","0.6","2024-05-25T19:45:21.495Z","ask"
"0.20068","12.6","2024-05-25T19:45:21.495Z","ask"
"0.2007","577.4","2024-05-25T19:45:21.495Z","ask"
"0.20078","3","2024-05-25T19:45:21.495Z","ask"
"0.20086","1.2","2024-05-25T19:45:21.495Z","ask"
"0.20091","0.6","2024-05-25T19:45:21.495Z","ask"
"0.20096","533.3","2024-05-25T19:45:21.495Z","ask"
"0.201","30871.3","2024-05-25T19:45:21.495Z","ask"
"0.20105","834.3","2024-05-25T19:45:21.495Z","ask"
"0.20107","512.2","2024-05-25T19:45:21.495Z","ask"
"0.20108","0.6","2024-05-25T19:45:21.495Z","ask"
"0.20111","1.8","2024-05-25T19:45:21.495Z","ask"
"0.20112","15000","2024-05-25T19:45:21.495Z","ask"
"0.20113","0.6","2024-05-25T19:45:21.495Z","ask"
"0.2012","3000","2024-05-25T19:45:21.495Z","ask"
"0.20123","76.9","2024-05-25T19:45:21.495Z","ask"
"0.20124","0.6","2024-05-25T19:45:21.495Z","ask"
"0.20125","0.6","2024-05-25T19:45:21.495Z","ask"
"0.20127","362.5","2024-05-25T19:45:21.495Z","ask"
"0.2013","10000","2024-05-25T19:45:21.495Z","ask"
"0.20131","165.4","2024-05-25T19:45:21.495Z","ask"
"0.2015","16662.7","2024-05-25T19:45:21.495Z","ask"
"0.20152","15.3","2024-05-25T19:45:21.495Z","ask"
"0.20153","1652.1","2024-05-25T19:45:21.495Z","ask"
"0.20154","316.9","2024-05-25T19:45:21.495Z","ask"
"0.20155","0.6","2024-05-25T19:45:21.495Z","ask"
"0.20156","1.2","2024-05-25T19:45:21.495Z","ask"
"0.20158","131.1","2024-05-25T19:45:21.495Z","ask"
"0.20159","91.8","2024-05-25T19:45:21.495Z","ask"
"0.2016","16.1","2024-05-25T19:45:21.495Z","ask"
"0.20161","1.8","2024-05-25T19:45:21.495Z","ask"
"0.20162","1.2","2024-05-25T19:45:21.495Z","ask"
"0.20163","1.8","2024-05-25T19:45:21.495Z","ask"
"0.20164","2.4","2024-05-25T19:45:21.495Z","ask"
"0.20165","0.6","2024-05-25T19:45:21.496Z","ask"
"0.20166","0.6","2024-05-25T19:45:21.496Z","ask"
"0.20167","0.6","2024-05-25T19:45:21.496Z","ask"
"0.20168","1.2","2024-05-25T19:45:21.496Z","ask"
"0.20169","531.4","2024-05-25T19:45:21.496Z","ask"
"0.20171","1.2","2024-05-25T19:45:21.496Z","ask"
"0.20174","1.2","2024-05-25T19:45:21.496Z","ask"
"0.20175","166.2","2024-05-25T19:45:21.496Z","ask"
"0.20179","1.2","2024-05-25T19:45:21.496Z","ask"
"0.20181","0.6","2024-05-25T19:45:21.496Z","ask"
"0.20182","344.6","2024-05-25T19:45:21.496Z","ask"
"0.20183","13.6","2024-05-25T19:45:21.496Z","ask"
"0.20186","18.6","2024-05-25T19:45:21.496Z","ask"
"0.20189","0.6","2024-05-25T19:45:21.496Z","ask"
"0.20191","0.6","2024-05-25T19:45:21.496Z","ask"
"0.20197","0.6","2024-05-25T19:45:21.496Z","ask"
"0.202","18776.9","2024-05-25T19:45:21.496Z","ask"
"0.20209","83.9","2024-05-25T19:45:21.496Z","ask"
"0.20213","76.6","2024-05-25T19:45:21.496Z","ask"
"0.20215","45.8","2024-05-25T19:45:21.496Z","ask"
"0.20216","689.7","2024-05-25T19:45:21.496Z","ask"
"0.20219","23.3","2024-05-25T19:45:21.496Z","ask"
"0.2022","46373.8","2024-05-25T19:45:21.496Z","ask"
"0.20222","425610.6","2024-05-25T19:45:21.496Z","ask"
"0.20223","47.5","2024-05-25T19:45:21.496Z","ask"
"0.20229","497.1","2024-05-25T19:45:21.496Z","ask"
"0.2023","3574","2024-05-25T19:45:21.496Z","ask"
"0.20231","207.4","2024-05-25T19:45:21.496Z","ask"
"0.20237","115.9","2024-05-25T19:45:21.496Z","ask"
"0.20239","98.7","2024-05-25T19:45:21.496Z","ask"
"0.20242","5529.5","2024-05-25T19:45:21.496Z","ask"
"0.20243","4952.4","2024-05-25T19:45:21.496Z","ask"
"0.20245","27194.5","2024-05-25T19:45:21.496Z","ask"
"0.20255","587.2","2024-05-25T19:45:21.496Z","ask"
"0.2026","130.5","2024-05-25T19:45:21.496Z","ask"
"0.20267","1.2","2024-05-25T19:45:21.496Z","ask"
"0.20269","91.3","2024-05-25T19:45:21.496Z","ask"
"0.2027","150.9","2024-05-25T19:45:21.496Z","ask"
"0.20272","0.6","2024-05-25T19:45:21.496Z","ask"
"0.20273","0.6","2024-05-25T19:45:21.496Z","ask"
"0.20276","19.2","2024-05-25T19:45:21.496Z","ask"
"0.20278","44.9","2024-05-25T19:45:21.496Z","ask"
"0.20285","37144.8","2024-05-25T19:45:21.496Z","ask"
"0.20288","584.3","2024-05-25T19:45:21.496Z","ask"
"0.20289","280.9","2024-05-25T19:45:21.496Z","ask"
"0.20292","0.6","2024-05-25T19:45:21.496Z","ask"
"0.20295","0.6","2024-05-25T19:45:21.496Z","ask"
"0.20296","355.2","2024-05-25T19:45:21.496Z","ask"
"0.20298","0.6","2024-05-25T19:45:21.496Z","ask"
"0.203","8486","2024-05-25T19:45:21.496Z","ask"
"0.20301","0.6","2024-05-25T19:45:21.496Z","ask"
"0.20304","76.2","2024-05-25T19:45:21.496Z","ask"
"0.20308","13.5","2024-05-25T19:45:21.496Z","ask"
"0.20309","106.5","2024-05-25T19:45:21.496Z","ask"
"0.20314","527.6","2024-05-25T19:45:21.496Z","ask"
"0.20316","1672.5","2024-05-25T19:45:21.496Z","ask"
"0.20319","57.1","2024-05-25T19:45:21.496Z","ask"
"0.20326","0.1","2024-05-25T19:45:21.496Z","ask"
"0.2033","60.1","2024-05-25T19:45:21.496Z","ask"
"0.20331","0.1","2024-05-25T19:45:21.496Z","ask"
"0.20332","163.8","2024-05-25T19:45:21.496Z","ask"
"0.20337","3.8","2024-05-25T19:45:21.496Z","ask"
"0.20345","0.1","2024-05-25T19:45:21.496Z","ask"
"0.20348","114.6","2024-05-25T19:45:21.496Z","ask"
"0.20349","0.6","2024-05-25T19:45:21.496Z","ask"
"0.2035","59053.7","2024-05-25T19:45:21.496Z","ask"
"0.20353","540.4","2024-05-25T19:45:21.496Z","ask"
"0.2036","129.8","2024-05-25T19:45:21.496Z","ask"
"0.20363","10.1","2024-05-25T19:45:21.496Z","ask"
"0.20364","31.5","2024-05-25T19:45:21.496Z","ask"
"0.20366","9182.1","2024-05-25T19:45:21.496Z","ask"
"0.20367","357","2024-05-25T19:45:21.496Z","ask"
"0.20369","195.1","2024-05-25T19:45:21.496Z","ask"
"0.2037","109.5","2024-05-25T19:45:21.496Z","ask"
"0.20372","755009.2","2024-05-25T19:45:21.496Z","ask"
"0.20379","865.4","2024-05-25T19:45:21.496Z","ask"
"0.20384","6","2024-05-25T19:45:21.496Z","ask"
"0.20386","625","2024-05-25T19:45:21.496Z","ask"
"0.20387","525.7","2024-05-25T19:45:21.496Z","ask"
"0.20395","75.9","2024-05-25T19:45:21.496Z","ask"
"0.204","117092.6","2024-05-25T19:45:21.496Z","ask"
"0.20401","15.3","2024-05-25T19:45:21.496Z","ask"
"0.2041","20","2024-05-25T19:45:21.496Z","ask"
"0.20412","23.1","2024-05-25T19:45:21.496Z","ask"
"0.20414","15.1","2024-05-25T19:45:21.496Z","ask"
"0.20418","138.5","2024-05-25T19:45:21.496Z","ask"
"0.2042","4494.2","2024-05-25T19:45:21.496Z","ask"
"0.20424","31.1","2024-05-25T19:45:21.496Z","ask"
"0.20425","27.6","2024-05-25T19:45:21.496Z","ask"
"0.2043","18","2024-05-25T19:45:21.496Z","ask"
"0.20433","682.4","2024-05-25T19:45:21.496Z","ask"
"0.20434","13.4","2024-05-25T19:45:21.496Z","ask"
"0.20435","163","2024-05-25T19:45:21.496Z","ask"
"0.20441","272.4","2024-05-25T19:45:21.496Z","ask"
"0.20448","2355.1","2024-05-25T19:45:21.496Z","ask"
"0.20449","17.7","2024-05-25T19:45:21.496Z","ask"
"0.20453","316.9","2024-05-25T19:45:21.496Z","ask"
"0.20455","2","2024-05-25T19:45:21.496Z","ask"
"0.20457","2","2024-05-25T19:45:21.496Z","ask"
"0.20459","4","2024-05-25T19:45:21.496Z","ask"
"0.20461","523.8","2024-05-25T19:45:21.496Z","ask"
"0.20462","131.2","2024-05-25T19:45:21.496Z","ask"
"0.20463","2","2024-05-25T19:45:21.496Z","ask"
"0.20465","2","2024-05-25T19:45:21.496Z","ask"
"0.20467","2141.1","2024-05-25T19:45:21.496Z","ask"
"0.20475","2","2024-05-25T19:45:21.496Z","ask"
"0.20476","25.2","2024-05-25T19:45:21.496Z","ask"
"0.20477","2","2024-05-25T19:45:21.496Z","ask"
"0.20484","346.6","2024-05-25T19:45:21.496Z","ask"
"0.20487","77.5","2024-05-25T19:45:21.496Z","ask"
"0.20488","2","2024-05-25T19:45:21.496Z","ask"
"0.20489","2","2024-05-25T19:45:21.496Z","ask"
"0.2049","11056.5","2024-05-25T19:45:21.496Z","ask"
"0.20491","2","2024-05-25T19:45:21.496Z","ask"
"0.20492","2","2024-05-25T19:45:21.496Z","ask"
"0.20493","2","2024-05-25T19:45:21.496Z","ask"
"0.20494","2","2024-05-25T19:45:21.496Z","ask"
"0.20495","4","2024-05-25T19:45:21.496Z","ask"
"0.20497","18286.6","2024-05-25T19:45:21.496Z","ask"
"0.20498","4","2024-05-25T19:45:21.496Z","ask"
"0.20499","2","2024-05-25T19:45:21.496Z","ask"
"0.205","573843.1","2024-05-25T19:45:21.496Z","ask"
"0.20501","4","2024-05-25T19:45:21.496Z","ask"
"0.20502","2","2024-05-25T19:45:21.496Z","ask"
"0.20509","2","2024-05-25T19:45:21.496Z","ask"
"0.20511","4","2024-05-25T19:45:21.496Z","ask"
"0.20512","6","2024-05-25T19:45:21.496Z","ask"
"0.20514","2","2024-05-25T19:45:21.496Z","ask"
"0.20515","55.1","2024-05-25T19:45:21.496Z","ask"
"0.20516","4","2024-05-25T19:45:21.496Z","ask"
"0.20517","2","2024-05-25T19:45:21.496Z","ask"
"0.20518","2","2024-05-25T19:45:21.496Z","ask"
"0.20519","46.9","2024-05-25T19:45:21.496Z","ask"
"0.2052","5693.6","2024-05-25T19:45:21.496Z","ask"
"0.20521","4","2024-05-25T19:45:21.496Z","ask"
"0.20522","2","2024-05-25T19:45:21.496Z","ask"
"0.20523","2","2024-05-25T19:45:21.496Z","ask"
"0.20524","2","2024-05-25T19:45:21.496Z","ask"
"0.20525","2","2024-05-25T19:45:21.496Z","ask"
"0.20529","2","2024-05-25T19:45:21.496Z","ask"
"0.2053","4","2024-05-25T19:45:21.496Z","ask"
"0.20531","6","2024-05-25T19:45:21.496Z","ask"
"0.20532","14","2024-05-25T19:45:21.496Z","ask"
"0.20533","4","2024-05-25T19:45:21.496Z","ask"
"0.20534","6","2024-05-25T19:45:21.496Z","ask"
"0.20535","529.9","2024-05-25T19:45:21.496Z","ask"
"0.20536","16.3","2024-05-25T19:45:21.496Z","ask"
"0.20537","164.1","2024-05-25T19:45:21.496Z","ask"
"0.20539","2","2024-05-25T19:45:21.496Z","ask"
"0.2054","21065.4","2024-05-25T19:45:21.496Z","ask"
"0.20542","546","2024-05-25T19:45:21.496Z","ask"
"0.20543","8","2024-05-25T19:45:21.496Z","ask"
"0.20544","4","2024-05-25T19:45:21.496Z","ask"
"0.20545","4","2024-05-25T19:45:21.496Z","ask"
"0.20546","8","2024-05-25T19:45:21.496Z","ask"
"0.20547","8","2024-05-25T19:45:21.496Z","ask"
"0.20548","6","2024-05-25T19:45:21.496Z","ask"
"0.20549","6","2024-05-25T19:45:21.496Z","ask"
"0.2055","101152.5","2024-05-25T19:45:21.496Z","ask"
"0.20551","8","2024-05-25T19:45:21.496Z","ask"
"0.20552","8","2024-05-25T19:45:21.496Z","ask"
"0.20554","2","2024-05-25T19:45:21.496Z","ask"
"0.20555","1004","2024-05-25T19:45:21.496Z","ask"
"0.20556","2","2024-05-25T19:45:21.496Z","ask"
"0.20557","2","2024-05-25T19:45:21.496Z","ask"
"0.20558","597.2","2024-05-25T19:45:21.496Z","ask"
"0.20559","46.3","2024-05-25T19:45:21.496Z","ask"
"0.2056","4","2024-05-25T19:45:21.496Z","ask"
"0.20561","2498","2024-05-25T19:45:21.496Z","ask"
"0.20562","92.4","2024-05-25T19:45:21.496Z","ask"
"0.20563","4","2024-05-25T19:45:21.496Z","ask"
"0.20564","132.6","2024-05-25T19:45:21.496Z","ask"
"0.20565","2","2024-05-25T19:45:21.496Z","ask"
"0.20566","10","2024-05-25T19:45:21.496Z","ask"
"0.20567","8","2024-05-25T19:45:21.496Z","ask"
"0.20568","6","2024-05-25T19:45:21.496Z","ask"
"0.20569","6","2024-05-25T19:45:21.496Z","ask"
"0.2057","4","2024-05-25T19:45:21.496Z","ask"
"0.20571","10","2024-05-25T19:45:21.496Z","ask"
"0.20572","59.1","2024-05-25T19:45:21.496Z","ask"
"0.20573","4","2024-05-25T19:45:21.496Z","ask"
"0.20574","2","2024-05-25T19:45:21.496Z","ask"
"0.20576","4","2024-05-25T19:45:21.496Z","ask"
"0.20577","154.3","2024-05-25T19:45:21.496Z","ask"
"0.20578","4","2024-05-25T19:45:21.496Z","ask"
"0.20579","79.2","2024-05-25T19:45:21.496Z","ask"
"0.20581","1619.8","2024-05-25T19:45:21.496Z","ask"
"0.20582","4","2024-05-25T19:45:21.496Z","ask"
"0.20583","4","2024-05-25T19:45:21.496Z","ask"
"0.20585","2","2024-05-25T19:45:21.496Z","ask"
"0.20586","2","2024-05-25T19:45:21.496Z","ask"
"0.20587","498","2024-05-25T19:45:21.496Z","ask"
"0.20588","2","2024-05-25T19:45:21.496Z","ask"
"0.2059","2","2024-05-25T19:45:21.496Z","ask"
"0.20594","118.5","2024-05-25T19:45:21.496Z","ask"
"0.20596","160","2024-05-25T19:45:21.496Z","ask"
"0.20598","2","2024-05-25T19:45:21.496Z","ask"
"0.206","103739.1","2024-05-25T19:45:21.496Z","ask"
"0.20601","300","2024-05-25T19:45:21.496Z","ask"
"0.20602","2","2024-05-25T19:45:21.496Z","ask"
"0.20605","2","2024-05-25T19:45:21.496Z","ask"
"0.20607","6","2024-05-25T19:45:21.496Z","ask"
"0.20608","2","2024-05-25T19:45:21.496Z","ask"
"0.20609","542.9","2024-05-25T19:45:21.496Z","ask"
"0.20611","352.8","2024-05-25T19:45:21.496Z","ask"
"0.20613","2","2024-05-25T19:45:21.496Z","ask"
"0.20617","169","2024-05-25T19:45:21.496Z","ask"
"0.20621","6","2024-05-25T19:45:21.496Z","ask"
"0.20628","104.2","2024-05-25T19:45:21.496Z","ask"
"0.2063","18.2","2024-05-25T19:45:21.496Z","ask"
"0.20632","82.2","2024-05-25T19:45:21.496Z","ask"
"0.20633","59.2","2024-05-25T19:45:21.496Z","ask"
"0.20636","27.4","2024-05-25T19:45:21.496Z","ask"
"0.20638","2","2024-05-25T19:45:21.496Z","ask"
"0.20639","274.3","2024-05-25T19:45:21.496Z","ask"
"0.2064","2","2024-05-25T19:45:21.496Z","ask"
"0.20642","557.8","2024-05-25T19:45:21.496Z","ask"
"0.20645","2","2024-05-25T19:45:21.496Z","ask"
"0.20646","15.1","2024-05-25T19:45:21.496Z","ask"
"0.20647","2","2024-05-25T19:45:21.496Z","ask"
"0.20648","2","2024-05-25T19:45:21.496Z","ask"
"0.20649","2","2024-05-25T19:45:21.496Z","ask"
"0.2065","2","2024-05-25T19:45:21.496Z","ask"
"0.20651","830.9","2024-05-25T19:45:21.496Z","ask"
"0.20652","677.2","2024-05-25T19:45:21.496Z","ask"
"0.20653","4","2024-05-25T19:45:21.496Z","ask"
"0.20655","4","2024-05-25T19:45:21.496Z","ask"
"0.20657","521.5","2024-05-25T19:45:21.496Z","ask"
"0.2066","4","2024-05-25T19:45:21.496Z","ask"
"0.20661","438","2024-05-25T19:45:21.496Z","ask"
"0.20666","10","2024-05-25T19:45:21.496Z","ask"
"0.20667","135.9","2024-05-25T19:45:21.496Z","ask"
"0.20668","6","2024-05-25T19:45:21.496Z","ask"
"0.20669","5771","2024-05-25T19:45:21.496Z","ask"
"0.2067","12","2024-05-25T19:45:21.496Z","ask"
"0.20671","276.9","2024-05-25T19:45:21.496Z","ask"
"0.20672","12","2024-05-25T19:45:21.496Z","ask"
"0.20673","8","2024-05-25T19:45:21.496Z","ask"
"0.20674","6","2024-05-25T19:45:21.496Z","ask"
"0.20675","10","2024-05-25T19:45:21.496Z","ask"
"0.20677","8","2024-05-25T19:45:21.496Z","ask"
"0.20678","2","2024-05-25T19:45:21.496Z","ask"
"0.20679","2","2024-05-25T19:45:21.496Z","ask"
"0.2068","14762.5","2024-05-25T19:45:21.496Z","ask"
"0.20681","18.9","2024-05-25T19:45:21.496Z","ask"
"0.20682","2","2024-05-25T19:45:21.496Z","ask"
"0.20683","4","2024-05-25T19:45:21.496Z","ask"
"0.20684","518.1","2024-05-25T19:45:21.496Z","ask"
"0.20685","129.6","2024-05-25T19:45:21.496Z","ask"
"0.20686","13.3","2024-05-25T19:45:21.496Z","ask"
"0.20687","6","2024-05-25T19:45:21.496Z","ask"
"0.20688","21.4","2024-05-25T19:45:21.496Z","ask"
"0.20693","2","2024-05-25T19:45:21.496Z","ask"
"0.20694","2","2024-05-25T19:45:21.496Z","ask"
"0.20695","18.2","2024-05-25T19:45:21.496Z","ask"
"0.20696","6","2024-05-25T19:45:21.496Z","ask"
"0.20697","2","2024-05-25T19:45:21.496Z","ask"
"0.20698","4","2024-05-25T19:45:21.496Z","ask"
"0.20699","2","2024-05-25T19:45:21.496Z","ask"
"0.207","151963.5","2024-05-25T19:45:21.496Z","ask"
"0.20701","2","2024-05-25T19:45:21.496Z","ask"
"0.20705","41.1","2024-05-25T19:45:21.496Z","ask"
"0.20706","1434.7","2024-05-25T19:45:21.496Z","ask"
"0.20711","497.3","2024-05-25T19:45:21.496Z","ask"
"0.20718","24.9","2024-05-25T19:45:21.496Z","ask"
"0.2072","9590.7","2024-05-25T19:45:21.496Z","ask"
"0.20724","31.6","2024-05-25T19:45:21.496Z","ask"
"0.20725","1639.4","2024-05-25T19:45:21.496Z","ask"
"0.20727","1474.6","2024-05-25T19:45:21.496Z","ask"
"0.20728","88.8","2024-05-25T19:45:21.496Z","ask"
"0.2073","13","2024-05-25T19:45:21.496Z","ask"
"0.20738","267.4","2024-05-25T19:45:21.496Z","ask"
"0.20743","160.5","2024-05-25T19:45:21.496Z","ask"
"0.20745","41.7","2024-05-25T19:45:21.496Z","ask"
"0.20746","1601.1","2024-05-25T19:45:21.496Z","ask"
"0.2075","117.4","2024-05-25T19:45:21.496Z","ask"
"0.20757","316.9","2024-05-25T19:45:21.496Z","ask"
"0.20759","561.2","2024-05-25T19:45:21.496Z","ask"
"0.2076","106.5","2024-05-25T19:45:21.496Z","ask"
"0.20764","74.5","2024-05-25T19:45:21.496Z","ask"
"0.20765","10000","2024-05-25T19:45:21.496Z","ask"
"0.2077","302.1","2024-05-25T19:45:21.496Z","ask"
"0.20772","529.5","2024-05-25T19:45:21.496Z","ask"
"0.20776","0.7","2024-05-25T19:45:21.496Z","ask"
"0.20785","100","2024-05-25T19:45:21.496Z","ask"
"0.20789","1.8","2024-05-25T19:45:21.496Z","ask"
"0.20791","344.6","2024-05-25T19:45:21.496Z","ask"
"0.20792","0.8","2024-05-25T19:45:21.496Z","ask"
"0.20793","5.9","2024-05-25T19:45:21.496Z","ask"
"0.20794","4.1","2024-05-25T19:45:21.496Z","ask"
"0.20797","4","2024-05-25T19:45:21.496Z","ask"
"0.20798","1605","2024-05-25T19:45:21.496Z","ask"
"0.208","143036.8","2024-05-25T19:45:21.496Z","ask"
"0.20801","0.4","2024-05-25T19:45:21.497Z","ask"
"0.20804","3","2024-05-25T19:45:21.497Z","ask"
"0.20806","22.7","2024-05-25T19:45:21.497Z","ask"
"0.20809","569.7","2024-05-25T19:45:21.497Z","ask"
"0.2081","350.2","2024-05-25T19:45:21.497Z","ask"
"0.20814","13.2","2024-05-25T19:45:21.497Z","ask"
"0.20817","8.4","2024-05-25T19:45:21.497Z","ask"
"0.20818","8.6","2024-05-25T19:45:21.497Z","ask"
"0.20822","135.7","2024-05-25T19:45:21.497Z","ask"
"0.20825","95.9","2024-05-25T19:45:21.497Z","ask"
"0.20833","514.4","2024-05-25T19:45:21.497Z","ask"
"0.2084","432.7","2024-05-25T19:45:21.497Z","ask"
"0.20847","241.1","2024-05-25T19:45:21.497Z","ask"
"0.2085","12304.2","2024-05-25T19:45:21.497Z","ask"
"0.20854","12.1","2024-05-25T19:45:21.497Z","ask"
"0.20857","74.2","2024-05-25T19:45:21.497Z","ask"
"0.20858","348.6","2024-05-25T19:45:21.497Z","ask"
"0.20864","587.2","2024-05-25T19:45:21.497Z","ask"
"0.20873","794.7","2024-05-25T19:45:21.497Z","ask"
"0.2088","54933.8","2024-05-25T19:45:21.497Z","ask"
"0.20883","116.7","2024-05-25T19:45:21.497Z","ask"
"0.20884","25.3","2024-05-25T19:45:21.497Z","ask"
"0.20887","90.4","2024-05-25T19:45:21.497Z","ask"
"0.20888","2000000","2024-05-25T19:45:21.497Z","ask"
"0.20889","150.3","2024-05-25T19:45:21.497Z","ask"
"0.2089","1000","2024-05-25T19:45:21.497Z","ask"
"0.20891","20000","2024-05-25T19:45:21.497Z","ask"
"0.20893","14.9","2024-05-25T19:45:21.497Z","ask"
"0.20895","582.2","2024-05-25T19:45:21.497Z","ask"
"0.209","30986","2024-05-25T19:45:21.497Z","ask"
"0.20902","12454.2","2024-05-25T19:45:21.497Z","ask"
"0.20905","344.8","2024-05-25T19:45:21.497Z","ask"
"0.20908","670.1","2024-05-25T19:45:21.497Z","ask"
"0.20911","26.9","2024-05-25T19:45:21.497Z","ask"
"0.2092","878.3","2024-05-25T19:45:21.497Z","ask"
"0.20921","207.1","2024-05-25T19:45:21.497Z","ask"
"0.20927","17.2","2024-05-25T19:45:21.497Z","ask"
"0.20929","12857.7","2024-05-25T19:45:21.497Z","ask"
"0.20934","6015.4","2024-05-25T19:45:21.497Z","ask"
"0.20942","58.3","2024-05-25T19:45:21.497Z","ask"
"0.20943","13.1","2024-05-25T19:45:21.497Z","ask"
"0.2095","14.7","2024-05-25T19:45:21.497Z","ask"
"0.20951","232.8","2024-05-25T19:45:21.497Z","ask"
"0.20953","13.1","2024-05-25T19:45:21.497Z","ask"
"0.20954","102.6","2024-05-25T19:45:21.497Z","ask"
"0.20957","600","2024-05-25T19:45:21.497Z","ask"
"0.20958","1850","2024-05-25T19:45:21.497Z","ask"
"0.20962","501.6","2024-05-25T19:45:21.497Z","ask"
"0.20971","111.2","2024-05-25T19:45:21.497Z","ask"
"0.20973","523878.7","2024-05-25T19:45:21.497Z","ask"
"0.20978","126","2024-05-25T19:45:21.497Z","ask"
"0.2098","27123.3","2024-05-25T19:45:21.497Z","ask"
"0.20984","510.7","2024-05-25T19:45:21.497Z","ask"
"0.20987","1095.8","2024-05-25T19:45:21.497Z","ask"
"0.20988","10","2024-05-25T19:45:21.497Z","ask"
"0.2099","17113.5","2024-05-25T19:45:21.497Z","ask"
"0.20995","40040.2","2024-05-25T19:45:21.497Z","ask"
"0.20998","1187.9","2024-05-25T19:45:21.497Z","ask"
"0.20999","4762.1","2024-05-25T19:45:21.497Z","ask"
"0.21","2946787.4","2024-05-25T19:45:21.497Z","ask"
"0.21007","22.5","2024-05-25T19:45:21.497Z","ask"
"0.2101","91.4","2024-05-25T19:45:21.497Z","ask"
"0.21014","12","2024-05-25T19:45:21.497Z","ask"
"0.21017","2922.6","2024-05-25T19:45:21.497Z","ask"
"0.21018","1584.1","2024-05-25T19:45:21.497Z","ask"
"0.21028","68.3","2024-05-25T19:45:21.497Z","ask"
"0.21033","50.4","2024-05-25T19:45:21.497Z","ask"
"0.21039","2167","2024-05-25T19:45:21.497Z","ask"
"0.21045","73.5","2024-05-25T19:45:21.497Z","ask"
"0.2105","24864.7","2024-05-25T19:45:21.497Z","ask"
"0.21051","3263.7","2024-05-25T19:45:21.497Z","ask"
"0.21057","158.1","2024-05-25T19:45:21.497Z","ask"
"0.2106","508.8","2024-05-25T19:45:21.497Z","ask"
"0.21065","397.4","2024-05-25T19:45:21.497Z","ask"
"0.21066","26.8","2024-05-25T19:45:21.497Z","ask"
"0.21067","66198.6","2024-05-25T19:45:21.497Z","ask"
"0.21068","165","2024-05-25T19:45:21.497Z","ask"
"0.21069","1840","2024-05-25T19:45:21.497Z","ask"
"0.21071","13","2024-05-25T19:45:21.497Z","ask"
"0.21077","474.4","2024-05-25T19:45:21.497Z","ask"
"0.21082","125.4","2024-05-25T19:45:21.497Z","ask"
"0.21084","17.8","2024-05-25T19:45:21.497Z","ask"
"0.21095","41","2024-05-25T19:45:21.497Z","ask"
"0.21097","660.9","2024-05-25T19:45:21.497Z","ask"
"0.211","2818.5","2024-05-25T19:45:21.497Z","ask"
"0.21102","607.4","2024-05-25T19:45:21.497Z","ask"
"0.21108","344.5","2024-05-25T19:45:21.497Z","ask"
"0.21111","110.4","2024-05-25T19:45:21.497Z","ask"
"0.21115","13372.4","2024-05-25T19:45:21.497Z","ask"
"0.21117","816","2024-05-25T19:45:21.497Z","ask"
"0.2112","3605.8","2024-05-25T19:45:21.497Z","ask"
"0.21136","507","2024-05-25T19:45:21.497Z","ask"
"0.21138","263.4","2024-05-25T19:45:21.497Z","ask"
"0.21139","73.2","2024-05-25T19:45:21.497Z","ask"
"0.21141","1607.1","2024-05-25T19:45:21.497Z","ask"
"0.21144","617.2","2024-05-25T19:45:21.497Z","ask"
"0.21145","17.2","2024-05-25T19:45:21.497Z","ask"
"0.21152","265.3","2024-05-25T19:45:21.497Z","ask"
"0.21159","9.7","2024-05-25T19:45:21.497Z","ask"
"0.21162","157.3","2024-05-25T19:45:21.497Z","ask"
"0.21171","17","2024-05-25T19:45:21.497Z","ask"
"0.21176","599.2","2024-05-25T19:45:21.497Z","ask"
"0.21179","23.7","2024-05-25T19:45:21.497Z","ask"
"0.2118","47.5","2024-05-25T19:45:21.497Z","ask"
"0.21181","87.4","2024-05-25T19:45:21.497Z","ask"
"0.21184","60.4","2024-05-25T19:45:21.497Z","ask"
"0.21187","1284.4","2024-05-25T19:45:21.497Z","ask"
"0.212","93355.7","2024-05-25T19:45:21.497Z","ask"
"0.21201","13","2024-05-25T19:45:21.497Z","ask"
"0.21205","150.3","2024-05-25T19:45:21.497Z","ask"
"0.21208","22.2","2024-05-25T19:45:21.497Z","ask"
"0.21209","24.3","2024-05-25T19:45:21.497Z","ask"
"0.21212","881.2","2024-05-25T19:45:21.497Z","ask"
"0.21216","105.2","2024-05-25T19:45:21.497Z","ask"
"0.21217","118.5","2024-05-25T19:45:21.497Z","ask"
"0.21223","14.5","2024-05-25T19:45:21.497Z","ask"
"0.21224","155.3","2024-05-25T19:45:21.497Z","ask"
"0.21231","0.7","2024-05-25T19:45:21.497Z","ask"
"0.21233","48.7","2024-05-25T19:45:21.497Z","ask"
"0.21234","72.9","2024-05-25T19:45:21.497Z","ask"
"0.21236","9.7","2024-05-25T19:45:21.497Z","ask"
"0.2124","1567.6","2024-05-25T19:45:21.497Z","ask"
"0.21246","86.6","2024-05-25T19:45:21.497Z","ask"
"0.2125","20874.3","2024-05-25T19:45:21.497Z","ask"
"0.21255","57.5","2024-05-25T19:45:21.497Z","ask"
"0.21267","156.6","2024-05-25T19:45:21.497Z","ask"
"0.21272","51.8","2024-05-25T19:45:21.497Z","ask"
"0.21275","4.5","2024-05-25T19:45:21.497Z","ask"
"0.21277","1000","2024-05-25T19:45:21.497Z","ask"
"0.21278","23.7","2024-05-25T19:45:21.497Z","ask"
"0.21283","101","2024-05-25T19:45:21.497Z","ask"
"0.21285","106.2","2024-05-25T19:45:21.497Z","ask"
"0.21288","1000","2024-05-25T19:45:21.497Z","ask"
"0.21294","124.2","2024-05-25T19:45:21.497Z","ask"
"0.21299","79.6","2024-05-25T19:45:21.497Z","ask"
"0.213","11139.5","2024-05-25T19:45:21.497Z","ask"
"0.2132","286.9","2024-05-25T19:45:21.497Z","ask"
"0.21323","653.9","2024-05-25T19:45:21.497Z","ask"
"0.21329","73.1","2024-05-25T19:45:21.497Z","ask"
"0.21332","12.9","2024-05-25T19:45:21.497Z","ask"
"0.21333","482.8","2024-05-25T19:45:21.497Z","ask"
"0.2134","24979","2024-05-25T19:45:21.497Z","ask"
"0.21342","555.5","2024-05-25T19:45:21.497Z","ask"
"0.21345","8839.2","2024-05-25T19:45:21.497Z","ask"
"0.2135","3500","2024-05-25T19:45:21.497Z","ask"
"0.21359","9363.6","2024-05-25T19:45:21.497Z","ask"
"0.21361","340.4","2024-05-25T19:45:21.497Z","ask"
"0.21375","155.8","2024-05-25T19:45:21.497Z","ask"
"0.21378","316.9","2024-05-25T19:45:21.497Z","ask"
"0.21382","10","2024-05-25T19:45:21.497Z","ask"
"0.2139","50109","2024-05-25T19:45:21.497Z","ask"
"0.21392","1","2024-05-25T19:45:21.497Z","ask"
"0.21397","14.6","2024-05-25T19:45:21.497Z","ask"
"0.214","41193.9","2024-05-25T19:45:21.497Z","ask"
"0.21412","22","2024-05-25T19:45:21.497Z","ask"
"0.21417","361.5","2024-05-25T19:45:21.497Z","ask"
"0.2142","8461.1","2024-05-25T19:45:21.497Z","ask"
"0.21425","72.2","2024-05-25T19:45:21.497Z","ask"
"0.21426","2115.2","2024-05-25T19:45:21.497Z","ask"
"0.21428","93.2","2024-05-25T19:45:21.497Z","ask"
"0.2145","256964.4","2024-05-25T19:45:21.497Z","ask"
"0.21451","40.3","2024-05-25T19:45:21.497Z","ask"
"0.21453","43.8","2024-05-25T19:45:21.497Z","ask"
"0.21456","4392.8","2024-05-25T19:45:21.497Z","ask"
"0.21459","24","2024-05-25T19:45:21.497Z","ask"
"0.21463","11.1","2024-05-25T19:45:21.497Z","ask"
"0.21464","1564","2024-05-25T19:45:21.497Z","ask"
"0.21468","5000.7","2024-05-25T19:45:21.497Z","ask"
"0.21474","258.3","2024-05-25T19:45:21.497Z","ask"
"0.2148","10438","2024-05-25T19:45:21.497Z","ask"
"0.21481","155","2024-05-25T19:45:21.497Z","ask"
"0.2149","1205","2024-05-25T19:45:21.497Z","ask"
"0.21491","587.2","2024-05-25T19:45:21.497Z","ask"
"0.21498","24.2","2024-05-25T19:45:21.497Z","ask"
"0.21499","44146.1","2024-05-25T19:45:21.497Z","ask"
"0.215","433299.4","2024-05-25T19:45:21.497Z","ask"
"0.21504","11.8","2024-05-25T19:45:21.497Z","ask"
"0.21506","26.2","2024-05-25T19:45:21.497Z","ask"
"0.21507","201.8","2024-05-25T19:45:21.497Z","ask"
"0.21508","1282.9","2024-05-25T19:45:21.497Z","ask"
"0.21509","108.4","2024-05-25T19:45:21.497Z","ask"
"0.2151","1583.4","2024-05-25T19:45:21.497Z","ask"
"0.21514","39.5","2024-05-25T19:45:21.497Z","ask"
"0.2152","1022.9","2024-05-25T19:45:21.497Z","ask"
"0.21521","71.9","2024-05-25T19:45:21.497Z","ask"
"0.21526","150.3","2024-05-25T19:45:21.497Z","ask"
"0.21529","165","2024-05-25T19:45:21.497Z","ask"
"0.21533","334.8","2024-05-25T19:45:21.497Z","ask"
"0.21535","369.5","2024-05-25T19:45:21.497Z","ask"
"0.21537","90.4","2024-05-25T19:45:21.497Z","ask"
"0.2154","182.5","2024-05-25T19:45:21.497Z","ask"
"0.21545","152.9","2024-05-25T19:45:21.497Z","ask"
"0.21547","17.5","2024-05-25T19:45:21.497Z","ask"
"0.2155","40000","2024-05-25T19:45:21.497Z","ask"
"0.21552","1167.4","2024-05-25T19:45:21.497Z","ask"
"0.21566","1859.9","2024-05-25T19:45:21.497Z","ask"
"0.21574","56.6","2024-05-25T19:45:21.497Z","ask"
"0.21583","398.4","2024-05-25T19:45:21.497Z","ask"
"0.21589","154.2","2024-05-25T19:45:21.497Z","ask"
"0.21597","12.7","2024-05-25T19:45:21.497Z","ask"
"0.21598","1187.9","2024-05-25T19:45:21.497Z","ask"
"0.216","8240.4","2024-05-25T19:45:21.497Z","ask"
"0.2161","200","2024-05-25T19:45:21.497Z","ask"
"0.21614","122.3","2024-05-25T19:45:21.497Z","ask"
"0.21616","336.4","2024-05-25T19:45:21.497Z","ask"
"0.21617","21.8","2024-05-25T19:45:21.497Z","ask"
"0.21618","4987.2","2024-05-25T19:45:21.497Z","ask"
"0.21619","99.5","2024-05-25T19:45:21.497Z","ask"
"0.21623","480.9","2024-05-25T19:45:21.497Z","ask"
"0.21625","77665.4","2024-05-25T19:45:21.497Z","ask"
"0.21631","40","2024-05-25T19:45:21.497Z","ask"
"0.21636","508.4","2024-05-25T19:45:21.497Z","ask"
"0.21641","442.1","2024-05-25T19:45:21.497Z","ask"
"0.21653","11.1","2024-05-25T19:45:21.497Z","ask"
"0.21654","14.4","2024-05-25T19:45:21.497Z","ask"
"0.21655","103","2024-05-25T19:45:21.497Z","ask"
"0.2166","1140","2024-05-25T19:45:21.497Z","ask"
"0.21665","1643.1","2024-05-25T19:45:21.497Z","ask"
"0.2167","11.7","2024-05-25T19:45:21.497Z","ask"
"0.21678","5999.7","2024-05-25T19:45:21.497Z","ask"
"0.2169","2837.5","2024-05-25T19:45:21.497Z","ask"
"0.21696","559.9","2024-05-25T19:45:21.497Z","ask"
"0.21697","153.5","2024-05-25T19:45:21.497Z","ask"
"0.217","21342.9","2024-05-25T19:45:21.497Z","ask"
"0.21707","1000","2024-05-25T19:45:21.497Z","ask"
"0.21713","23.8","2024-05-25T19:45:21.497Z","ask"
"0.21715","71.3","2024-05-25T19:45:21.497Z","ask"
"0.21721","121.7","2024-05-25T19:45:21.497Z","ask"
"0.21729","7262.2","2024-05-25T19:45:21.497Z","ask"
"0.2173","213.8","2024-05-25T19:45:21.497Z","ask"
"0.21731","78.1","2024-05-25T19:45:21.497Z","ask"
"0.21737","348.5","2024-05-25T19:45:21.497Z","ask"
"0.21738","11.7","2024-05-25T19:45:21.497Z","ask"
"0.2174","3.9","2024-05-25T19:45:21.497Z","ask"
"0.21743","1524.8","2024-05-25T19:45:21.497Z","ask"
"0.21744","2.7","2024-05-25T19:45:21.497Z","ask"
"0.21746","3.9","2024-05-25T19:45:21.497Z","ask"
"0.21748","7.8","2024-05-25T19:45:21.497Z","ask"
"0.21749","3.9","2024-05-25T19:45:21.497Z","ask"
"0.2175","6000","2024-05-25T19:45:21.497Z","ask"
"0.21751","7.8","2024-05-25T19:45:21.497Z","ask"
"0.21752","7.8","2024-05-25T19:45:21.497Z","ask"
"0.21753","7.8","2024-05-25T19:45:21.497Z","ask"
"0.21754","7.8","2024-05-25T19:45:21.497Z","ask"
"0.21755","3.9","2024-05-25T19:45:21.497Z","ask"
"0.21756","7.8","2024-05-25T19:45:21.497Z","ask"
"0.2177","449","2024-05-25T19:45:21.497Z","ask"
"0.21778","84.5","2024-05-25T19:45:21.497Z","ask"
"0.21779","14.1","2024-05-25T19:45:21.497Z","ask"
"0.2178","191","2024-05-25T19:45:21.497Z","ask"
"0.21782","107","2024-05-25T19:45:21.497Z","ask"
"0.21783","640.1","2024-05-25T19:45:21.497Z","ask"
"0.21788","770.9","2024-05-25T19:45:21.497Z","ask"
"0.21798","461.2","2024-05-25T19:45:21.497Z","ask"
"0.218","95735.4","2024-05-25T19:45:21.497Z","ask"
"0.21805","152.7","2024-05-25T19:45:21.497Z","ask"
"0.2181","194","2024-05-25T19:45:21.497Z","ask"
"0.21812","658.1","2024-05-25T19:45:21.497Z","ask"
"0.21813","39.7","2024-05-25T19:45:21.497Z","ask"
"0.21825","21.6","2024-05-25T19:45:21.497Z","ask"
"0.21834","81.4","2024-05-25T19:45:21.497Z","ask"
"0.21835","1773.3","2024-05-25T19:45:21.497Z","ask"
"0.21837","11.6","2024-05-25T19:45:21.497Z","ask"
"0.2184","388.4","2024-05-25T19:45:21.497Z","ask"
"0.21844","11.1","2024-05-25T19:45:21.497Z","ask"
"0.2185","9334","2024-05-25T19:45:21.497Z","ask"
"0.21851","253.8","2024-05-25T19:45:21.497Z","ask"
"0.21852","150.3","2024-05-25T19:45:21.497Z","ask"
"0.21858","118.5","2024-05-25T19:45:21.497Z","ask"
"0.21859","254.7","2024-05-25T19:45:21.497Z","ask"
"0.21861","129.3","2024-05-25T19:45:21.497Z","ask"
"0.21862","90.4","2024-05-25T19:45:21.497Z","ask"
"0.21864","12.6","2024-05-25T19:45:21.497Z","ask"
"0.21871","150.7","2024-05-25T19:45:21.497Z","ask"
"0.21875","332.4","2024-05-25T19:45:21.497Z","ask"
"0.2188","13600.4","2024-05-25T19:45:21.497Z","ask"
"0.21881","497.2","2024-05-25T19:45:21.497Z","ask"
"0.21888","90","2024-05-25T19:45:21.497Z","ask"
"0.2189","71704.4","2024-05-25T19:45:21.497Z","ask"
"0.219","218903.2","2024-05-25T19:45:21.497Z","ask"
"0.21906","347.3","2024-05-25T19:45:21.497Z","ask"
"0.2191","5276.9","2024-05-25T19:45:21.497Z","ask"
"0.21911","42.3","2024-05-25T19:45:21.497Z","ask"
"0.21913","14.2","2024-05-25T19:45:21.497Z","ask"
"0.21915","151.9","2024-05-25T19:45:21.497Z","ask"
"0.21919","1522.9","2024-05-25T19:45:21.497Z","ask"
"0.2192","400130.7","2024-05-25T19:45:21.497Z","ask"
"0.21924","3.9","2024-05-25T19:45:21.497Z","ask"
"0.21926","494","2024-05-25T19:45:21.497Z","ask"
"0.21927","3.9","2024-05-25T19:45:21.497Z","ask"
"0.21929","581","2024-05-25T19:45:21.497Z","ask"
"0.2193","184422.8","2024-05-25T19:45:21.497Z","ask"
"0.21932","3.9","2024-05-25T19:45:21.497Z","ask"
"0.21933","3.9","2024-05-25T19:45:21.497Z","ask"
"0.21934","106.3","2024-05-25T19:45:21.497Z","ask"
"0.21942","147.9","2024-05-25T19:45:21.497Z","ask"
"0.2195","1801.4","2024-05-25T19:45:21.497Z","ask"
"0.21954","25.7","2024-05-25T19:45:21.497Z","ask"
"0.21955","7.8","2024-05-25T19:45:21.497Z","ask"
"0.21958","88.9","2024-05-25T19:45:21.497Z","ask"
"0.21959","97.9","2024-05-25T19:45:21.497Z","ask"
"0.2196","3.9","2024-05-25T19:45:21.497Z","ask"
"0.21961","7.8","2024-05-25T19:45:21.497Z","ask"
"0.21962","15000","2024-05-25T19:45:21.497Z","ask"
"0.21963","7.8","2024-05-25T19:45:21.497Z","ask"
"0.21964","7.8","2024-05-25T19:45:21.497Z","ask"
"0.21967","11.7","2024-05-25T19:45:21.497Z","ask"
"0.21969","23.5","2024-05-25T19:45:21.497Z","ask"
"0.2197","200.2","2024-05-25T19:45:21.497Z","ask"
"0.21971","10490.6","2024-05-25T19:45:21.497Z","ask"
"0.21972","3.9","2024-05-25T19:45:21.497Z","ask"
"0.21973","472.6","2024-05-25T19:45:21.497Z","ask"
"0.21975","103.9","2024-05-25T19:45:21.497Z","ask"
"0.2198","1410","2024-05-25T19:45:21.497Z","ask"
"0.21984","3.9","2024-05-25T19:45:21.497Z","ask"
"0.21988","2099.2","2024-05-25T19:45:21.497Z","ask"
"0.2199","2598","2024-05-25T19:45:21.497Z","ask"
"0.21991","529.6","2024-05-25T19:45:21.497Z","ask"
"0.21994","1409.6","2024-05-25T19:45:21.497Z","ask"
"0.21996","39.3","2024-05-25T19:45:21.497Z","ask"
"0.21998","1204.3","2024-05-25T19:45:21.497Z","ask"
"0.22","3514036.6","2024-05-25T19:45:21.497Z","ask"
"0.22005","15.4","2024-05-25T19:45:21.497Z","ask"
"0.22008","70.3","2024-05-25T19:45:21.497Z","ask"
"0.2201","1140.9","2024-05-25T19:45:21.497Z","ask"
"0.22011","3.9","2024-05-25T19:45:21.497Z","ask"
"0.22013","3.9","2024-05-25T19:45:21.497Z","ask"
"0.22015","3.9","2024-05-25T19:45:21.497Z","ask"
"0.22016","3.9","2024-05-25T19:45:21.497Z","ask"
"0.22017","633.3","2024-05-25T19:45:21.497Z","ask"
"0.22019","316.9","2024-05-25T19:45:21.497Z","ask"
"0.2202","20000","2024-05-25T19:45:21.497Z","ask"
"0.22021","17.1","2024-05-25T19:45:21.497Z","ask"
"0.22024","100","2024-05-25T19:45:21.497Z","ask"
"0.22025","151.2","2024-05-25T19:45:21.497Z","ask"
"0.22026","97.1","2024-05-25T19:45:21.497Z","ask"
"0.22034","11.1","2024-05-25T19:45:21.497Z","ask"
"0.22035","21.4","2024-05-25T19:45:21.497Z","ask"
"0.22036","3.9","2024-05-25T19:45:21.497Z","ask"
"0.22037","202.5","2024-05-25T19:45:21.497Z","ask"
"0.22038","3.9","2024-05-25T19:45:21.497Z","ask"
"0.22039","3316.5","2024-05-25T19:45:21.497Z","ask"
"0.2204","34.7","2024-05-25T19:45:21.497Z","ask"
"0.22042","2926.5","2024-05-25T19:45:21.497Z","ask"
"0.22043","3.9","2024-05-25T19:45:21.497Z","ask"
"0.22048","1241.4","2024-05-25T19:45:21.497Z","ask"
"0.22049","90.6","2024-05-25T19:45:21.497Z","ask"
"0.2205","392","2024-05-25T19:45:21.497Z","ask"
"0.22051","101.2","2024-05-25T19:45:21.497Z","ask"
"0.22052","7.8","2024-05-25T19:45:21.497Z","ask"
"0.22056","963.4","2024-05-25T19:45:21.497Z","ask"
"0.22061","695.2","2024-05-25T19:45:21.497Z","ask"
"0.22063","358.6","2024-05-25T19:45:21.497Z","ask"
"0.22066","3.9","2024-05-25T19:45:21.497Z","ask"
"0.22068","3.9","2024-05-25T19:45:21.497Z","ask"
"0.22069","196.2","2024-05-25T19:45:21.497Z","ask"
"0.22073","3.9","2024-05-25T19:45:21.497Z","ask"
"0.22075","3.9","2024-05-25T19:45:21.497Z","ask"
"0.22076","3.9","2024-05-25T19:45:21.497Z","ask"
"0.22082","498.1","2024-05-25T19:45:21.497Z","ask"
"0.22086","22637.8","2024-05-25T19:45:21.497Z","ask"
"0.22098","3.9","2024-05-25T19:45:21.497Z","ask"
"0.22099","3.9","2024-05-25T19:45:21.497Z","ask"
"0.221","214362.3","2024-05-25T19:45:21.497Z","ask"
"0.22102","3.9","2024-05-25T19:45:21.497Z","ask"
"0.22105","3.9","2024-05-25T19:45:21.497Z","ask"
"0.22106","3.9","2024-05-25T19:45:21.497Z","ask"
"0.22107","73.9","2024-05-25T19:45:21.497Z","ask"
"0.22109","3.9","2024-05-25T19:45:21.497Z","ask"
"0.22116","600","2024-05-25T19:45:21.497Z","ask"
"0.22118","3.9","2024-05-25T19:45:21.497Z","ask"
"0.2212","3.9","2024-05-25T19:45:21.497Z","ask"
"0.22122","7.8","2024-05-25T19:45:21.497Z","ask"
"0.22123","153.9","2024-05-25T19:45:21.497Z","ask"
"0.22124","3.9","2024-05-25T19:45:21.497Z","ask"
"0.22125","3.9","2024-05-25T19:45:21.497Z","ask"
"0.22127","3.9","2024-05-25T19:45:21.497Z","ask"
"0.22128","7.8","2024-05-25T19:45:21.497Z","ask"
"0.2213","121.2","2024-05-25T19:45:21.497Z","ask"
"0.22131","7.8","2024-05-25T19:45:21.497Z","ask"
"0.22132","7.8","2024-05-25T19:45:21.497Z","ask"
"0.22134","20.2","2024-05-25T19:45:21.497Z","ask"
"0.22135","166","2024-05-25T19:45:21.497Z","ask"
"0.22136","6018.4","2024-05-25T19:45:21.497Z","ask"
"0.22137","923.5","2024-05-25T19:45:21.497Z","ask"
"0.22138","7.8","2024-05-25T19:45:21.497Z","ask"
"0.2214","7.8","2024-05-25T19:45:21.497Z","ask"
"0.22141","3.9","2024-05-25T19:45:21.497Z","ask"
"0.22142","11.6","2024-05-25T19:45:21.497Z","ask"
"0.22143","11.7","2024-05-25T19:45:21.497Z","ask"
"0.22145","7.8","2024-05-25T19:45:21.497Z","ask"
"0.22147","857.7","2024-05-25T19:45:21.497Z","ask"
"0.2215","84692.7","2024-05-25T19:45:21.497Z","ask"
"0.22151","1507","2024-05-25T19:45:21.497Z","ask"
"0.22152","3.9","2024-05-25T19:45:21.497Z","ask"
"0.22153","11.7","2024-05-25T19:45:21.497Z","ask"
"0.22154","84.1","2024-05-25T19:45:21.497Z","ask"
"0.22155","11.7","2024-05-25T19:45:21.497Z","ask"
"0.22156","7.8","2024-05-25T19:45:21.497Z","ask"
"0.22157","3.9","2024-05-25T19:45:21.497Z","ask"
"0.22158","3.9","2024-05-25T19:45:21.497Z","ask"
"0.22159","3.9","2024-05-25T19:45:21.497Z","ask"
"0.2216","11.7","2024-05-25T19:45:21.497Z","ask"
"0.22161","7.8","2024-05-25T19:45:21.497Z","ask"
"0.22162","7.8","2024-05-25T19:45:21.497Z","ask"
"0.22163","7.8","2024-05-25T19:45:21.497Z","ask"
"0.22165","3.9","2024-05-25T19:45:21.497Z","ask"
"0.22166","7.8","2024-05-25T19:45:21.497Z","ask"
"0.22167","3.9","2024-05-25T19:45:21.497Z","ask"
"0.22174","15.3","2024-05-25T19:45:21.497Z","ask"
"0.22175","3.9","2024-05-25T19:45:21.497Z","ask"
"0.22176","126.9","2024-05-25T19:45:21.497Z","ask"
