"price","volume","time","side","orderType"
"0.16957000","173.80000000","2024-05-25T19:45:20.204Z","sell",
"0.16956000","10672.10000000","2024-05-25T19:45:18.931Z","sell",
"0.16956000","2990.90000000","2024-05-25T19:45:18.930Z","sell",
"0.16955000","6.00000000","2024-05-25T19:45:18.907Z","sell",
"0.16955000","1065.00000000","2024-05-25T19:45:18.907Z","sell",
"0.16955000","6.00000000","2024-05-25T19:45:18.907Z","sell",
"0.16954000","6.00000000","2024-05-25T19:45:16.837Z","sell",
"0.16954000","6324.00000000","2024-05-25T19:45:16.837Z","sell",
"0.16953000","6.00000000","2024-05-25T19:45:13.959Z","sell",
"0.16952000","579.10000000","2024-05-25T19:45:13.643Z","sell",
"0.16952000","3864.90000000","2024-05-25T19:45:13.635Z","sell",
"0.16952000","6.00000000","2024-05-25T19:45:13.635Z","sell",
"0.16952000","2214.00000000","2024-05-25T19:45:13.635Z","sell",
"0.16947000","43.40000000","2024-05-25T19:45:08.419Z","sell",
"0.16947000","14.50000000","2024-05-25T19:45:06.838Z","sell",
"0.16945000","1567.40000000","2024-05-25T19:45:06.568Z","buy",
"0.16945000","4500.00000000","2024-05-25T19:45:06.568Z","buy",
"0.16946000","1615.70000000","2024-05-25T19:45:06.565Z","buy",
"0.16948000","4500.00000000","2024-05-25T19:45:06.555Z","buy",
"0.16952000","173.80000000","2024-05-25T19:45:05.830Z","sell",
"0.16948000","6.00000000","2024-05-25T19:45:02.870Z","buy",
"0.16947000","11538.60000000","2024-05-25T19:45:02.669Z","sell",
"0.16946000","1615.70000000","2024-05-25T19:45:02.668Z","sell",
"0.16944000","19977.00000000","2024-05-25T19:45:02.664Z","sell",
"0.16944000","10.00000000","2024-05-25T19:45:02.664Z","sell",
"0.16944000","6.00000000","2024-05-25T19:45:02.664Z","sell",
"0.16943000","104.40000000","2024-05-25T19:45:02.569Z","buy",
"0.16943000","14.40000000","2024-05-25T19:45:02.569Z","buy",
"0.16943000","8.00000000","2024-05-25T19:44:58.934Z","buy",
"0.16943000","6.00000000","2024-05-25T19:44:58.775Z","sell",
"0.16940000","340.00000000","2024-05-25T19:44:58.564Z","sell",
"0.16940000","877.50000000","2024-05-25T19:44:58.564Z","sell",
"0.16940000","5412.00000000","2024-05-25T19:44:58.531Z","sell",
"0.16940000","5721.80000000","2024-05-25T19:44:58.530Z","sell",
"0.16940000","1340.20000000","2024-05-25T19:44:58.530Z","sell",
"0.16940000","1217.50000000","2024-05-25T19:44:58.520Z","sell",
"0.16940000","5412.00000000","2024-05-25T19:44:58.520Z","sell",
"0.16939000","14.50000000","2024-05-25T19:44:51.127Z","buy",
"0.16936000","56.20000000","2024-05-25T19:44:47.616Z","buy",
"0.16938000","14.50000000","2024-05-25T19:44:47.616Z","buy",
"0.16937000","3000.00000000","2024-05-25T19:44:44.794Z","sell",
"0.16937000","6.00000000","2024-05-25T19:44:44.794Z","sell",
"0.16937000","2267.70000000","2024-05-25T19:44:44.794Z","sell",
"0.16937000","1828.30000000","2024-05-25T19:44:44.782Z","sell",
"0.16936000","1251.90000000","2024-05-25T19:44:41.862Z","buy",
"0.16936000","3748.50000000","2024-05-25T19:44:41.456Z","buy",
"0.16938000","3517.00000000","2024-05-25T19:44:41.197Z","buy",
"0.16941000","14.50000000","2024-05-25T19:44:39.790Z","sell",
"0.16941000","109.70000000","2024-05-25T19:44:39.598Z","buy",
"0.16942000","3342.60000000","2024-05-25T19:44:38.455Z","buy",
"0.16945000","362.10000000","2024-05-25T19:44:38.269Z","sell",
"0.16945000","109.60000000","2024-05-25T19:44:38.213Z","buy",
"0.16945000","6079.80000000","2024-05-25T19:44:38.213Z","buy",
"0.16946000","1615.70000000","2024-05-25T19:44:38.213Z","buy",
"0.16947000","9375.00000000","2024-05-25T19:44:38.208Z","buy",
"0.16947000","1251.90000000","2024-05-25T19:44:38.208Z","buy",
"0.16948000","298.00000000","2024-05-25T19:44:31.155Z","buy",
"0.16947000","22.00000000","2024-05-25T19:44:26.938Z","sell",
"0.16947000","3783.10000000","2024-05-25T19:44:26.938Z","sell",
"0.16947000","15203.90000000","2024-05-25T19:44:26.907Z","sell",
"0.16946000","86.80000000","2024-05-25T19:44:25.610Z","buy",
"0.16946000","3173.80000000","2024-05-25T19:44:24.743Z","buy",
"0.16949000","219.30000000","2024-05-25T19:44:24.646Z","buy",
"0.16949000","14.50000000","2024-05-25T19:44:24.646Z","buy",
"0.16948000","195.70000000","2024-05-25T19:44:18.719Z","buy",
"0.16948000","438.60000000","2024-05-25T19:44:18.719Z","buy",
"0.16952000","14.40000000","2024-05-25T19:44:17.699Z","sell",
"0.16953000","14.50000000","2024-05-25T19:44:17.325Z","buy",
"0.16951000","730.30000000","2024-05-25T19:44:17.314Z","buy",
"0.16952000","2161.30000000","2024-05-25T19:44:17.314Z","buy",
"0.16952000","2417.70000000","2024-05-25T19:44:17.312Z","buy",
"0.16952000","1625.80000000","2024-05-25T19:44:17.312Z","buy",
"0.16952000","2874.20000000","2024-05-25T19:44:17.310Z","buy",
"0.16952000","365.10000000","2024-05-25T19:44:17.310Z","buy",
"0.16952000","3000.00000000","2024-05-25T19:44:15.684Z","sell",
"0.16951000","14.50000000","2024-05-25T19:44:09.704Z","buy",
"0.16953000","57.90000000","2024-05-25T19:44:09.075Z","sell",
"0.16950000","9439.50000000","2024-05-25T19:44:08.675Z","buy",
"0.16950000","4500.00000000","2024-05-25T19:44:08.675Z","buy",
"0.16954000","4644.40000000","2024-05-25T19:44:08.675Z","buy",
"0.16954000","7152.60000000","2024-05-25T19:44:08.674Z","buy",
"0.16954000","876.90000000","2024-05-25T19:44:08.674Z","buy",
"0.16955000","4500.00000000","2024-05-25T19:44:08.671Z","buy",
"0.16956000","72.60000000","2024-05-25T19:44:08.671Z","buy",
"0.16953000","463.50000000","2024-05-25T19:44:02.282Z","sell",
"0.16948000","1149.40000000","2024-05-25T19:44:02.219Z","buy",
"0.16949000","9439.90000000","2024-05-25T19:44:02.219Z","buy",
"0.16949000","7028.60000000","2024-05-25T19:44:02.219Z","buy",
"0.16949000","7390.60000000","2024-05-25T19:44:02.219Z","buy",
"0.16949000","1235.10000000","2024-05-25T19:44:02.219Z","buy",
"0.16950000","4500.00000000","2024-05-25T19:44:02.219Z","buy",
"0.16950000","11836.00000000","2024-05-25T19:44:02.219Z","buy",
"0.16950000","2769.70000000","2024-05-25T19:44:02.219Z","buy",
"0.16950000","4993.00000000","2024-05-25T19:44:02.219Z","buy",
"0.16950000","1234.90000000","2024-05-25T19:44:02.219Z","buy",
"0.16950000","4500.00000000","2024-05-25T19:44:02.219Z","buy",
"0.16951000","6524.30000000","2024-05-25T19:44:02.219Z","buy",
"0.16951000","7995.10000000","2024-05-25T19:44:02.219Z","buy",
"0.16951000","10745.50000000","2024-05-25T19:44:02.219Z","buy",
"0.16951000","1564.90000000","2024-05-25T19:44:02.219Z","buy",
"0.16952000","1956.10000000","2024-05-25T19:44:02.219Z","buy",
"0.16953000","4500.00000000","2024-05-25T19:44:02.219Z","buy",
"0.16954000","1753.80000000","2024-05-25T19:44:02.219Z","buy",
"0.16956000","14.40000000","2024-05-25T19:43:47.987Z","buy",
"0.16957000","14.50000000","2024-05-25T19:43:43.525Z","buy",
"0.16957000","14.50000000","2024-05-25T19:43:42.887Z","buy",
"0.16958000","43.60000000","2024-05-25T19:43:40.226Z","sell",
"0.16958000","14.50000000","2024-05-25T19:43:38.606Z","sell",
"0.16958000","144.80000000","2024-05-25T19:43:38.221Z","sell",
"0.16957000","29.00000000","2024-05-25T19:43:33.342Z","buy",
"0.16957000","1567.20000000","2024-05-25T19:43:31.663Z","buy",
"0.16958000","1938.10000000","2024-05-25T19:43:31.648Z","buy",
"0.16958000","9723.60000000","2024-05-25T19:43:31.643Z","buy",
"0.16959000","6091.20000000","2024-05-25T19:43:31.622Z","buy",
"0.16960000","43.50000000","2024-05-25T19:43:31.605Z","buy",
"0.16960000","3506.30000000","2024-05-25T19:43:31.605Z","buy",
"0.16960000","117.20000000","2024-05-25T19:43:31.605Z","buy",
"0.16960000","1985.40000000","2024-05-25T19:43:31.605Z","buy",
"0.16960000","23014.60000000","2024-05-25T19:43:31.601Z","buy",
"0.16961000","4500.00000000","2024-05-25T19:43:20.254Z","buy",
"0.16962000","4500.00000000","2024-05-25T19:43:14.768Z","buy",
"0.16962000","29.00000000","2024-05-25T19:43:14.768Z","buy",
"0.16968000","43.50000000","2024-05-25T19:43:06.678Z","buy",
"0.16970000","46.70000000","2024-05-25T19:43:03.632Z","sell",
"0.16969000","148.20000000","2024-05-25T19:43:02.735Z","sell",
"0.16969000","959.90000000","2024-05-25T19:43:02.690Z","sell",
"0.16969000","173.70000000","2024-05-25T19:43:02.690Z","sell",
"0.16967000","6.00000000","2024-05-25T19:43:02.690Z","sell",
"0.16967000","6.00000000","2024-05-25T19:43:02.690Z","sell",
"0.16963000","11599.70000000","2024-05-25T19:43:01.178Z","sell",
"0.16962000","0.10000000","2024-05-25T19:43:01.176Z","sell",
"0.16962000","337.90000000","2024-05-25T19:43:01.175Z","sell",
"0.16962000","4630.00000000","2024-05-25T19:43:01.175Z","sell",
"0.16962000","15025.00000000","2024-05-25T19:43:01.175Z","sell",
"0.16951000","441.90000000","2024-05-25T19:42:38.792Z","buy",
"0.16951000","1235.30000000","2024-05-25T19:42:38.792Z","buy",
"0.16952000","1246.80000000","2024-05-25T19:42:38.792Z","buy",
"0.16953000","1558.80000000","2024-05-25T19:42:38.792Z","buy",
"0.16953000","4500.00000000","2024-05-25T19:42:38.792Z","buy",
"0.16953000","623.40000000","2024-05-25T19:42:38.792Z","buy",
"0.16954000","2352.20000000","2024-05-25T19:42:38.792Z","buy",
"0.16954000","2655.80000000","2024-05-25T19:42:38.792Z","buy",
"0.16954000","1615.70000000","2024-05-25T19:42:38.792Z","buy",
"0.16954000","1234.90000000","2024-05-25T19:42:38.792Z","buy",
"0.16954000","311.70000000","2024-05-25T19:42:38.792Z","buy",
"0.16955000","4500.00000000","2024-05-25T19:42:38.792Z","buy",
"0.16955000","1235.30000000","2024-05-25T19:42:38.792Z","buy",
"0.16955000","1567.20000000","2024-05-25T19:42:38.792Z","buy",
"0.16955000","4500.00000000","2024-05-25T19:42:38.792Z","buy",
"0.16955000","1246.80000000","2024-05-25T19:42:38.792Z","buy",
"0.16955000","155.90000000","2024-05-25T19:42:38.792Z","buy",
"0.16955000","1567.20000000","2024-05-25T19:42:29.246Z","buy",
"0.16960000","244.10000000","2024-05-25T19:42:23.802Z","sell",
"0.16953000","4009.40000000","2024-05-25T19:42:17.460Z","sell",
"0.16949000","6.00000000","2024-05-25T19:42:12.324Z","sell",
"0.16949000","338.00000000","2024-05-25T19:42:12.324Z","sell",
"0.16948000","334.00000000","2024-05-25T19:42:12.037Z","sell",
"0.16948000","6.00000000","2024-05-25T19:42:12.037Z","sell",
"0.16948000","19649.00000000","2024-05-25T19:42:12.037Z","sell",
"0.16947000","6.00000000","2024-05-25T19:42:11.987Z","sell",
"0.16945000","1567.20000000","2024-05-25T19:42:05.250Z","buy",
"0.16947000","1615.70000000","2024-05-25T19:42:03.035Z","sell",
"0.16943000","0.80000000","2024-05-25T19:42:03.035Z","sell",
"0.16941000","12654.00000000","2024-05-25T19:42:02.478Z","sell",
"0.16938000","1615.70000000","2024-05-25T19:41:59.839Z","sell",
"0.16938000","3148.80000000","2024-05-25T19:41:59.839Z","sell",
"0.16938000","1328.70000000","2024-05-25T19:41:59.837Z","sell",
"0.16938000","13692.80000000","2024-05-25T19:41:59.836Z","sell",
"0.16938000","1322.70000000","2024-05-25T19:41:59.832Z","sell",
"0.16937000","6.00000000","2024-05-25T19:41:59.832Z","sell",
"0.16935000","50.00000000","2024-05-25T19:41:59.037Z","buy",
"0.16936000","109.70000000","2024-05-25T19:41:58.429Z","buy",
"0.16939000","0.10000000","2024-05-25T19:41:56.375Z","buy",
"0.16939000","1567.10000000","2024-05-25T19:41:56.373Z","buy",
"0.16942000","109.70000000","2024-05-25T19:41:55.634Z","buy",
"0.16943000","5.20000000","2024-05-25T19:41:52.221Z","sell",
"0.16943000","6.00000000","2024-05-25T19:41:52.221Z","sell",
"0.16942000","134.90000000","2024-05-25T19:41:51.274Z","buy",
"0.16941000","1252.30000000","2024-05-25T19:41:50.437Z","buy",
"0.16942000","4500.00000000","2024-05-25T19:41:50.226Z","buy",
"0.16942000","219.40000000","2024-05-25T19:41:50.226Z","buy",
"0.16943000","1252.30000000","2024-05-25T19:41:50.176Z","buy",
"0.16944000","1252.30000000","2024-05-25T19:41:49.358Z","buy",
"0.16944000","4500.00000000","2024-05-25T19:41:49.358Z","buy",
"0.16944000","4500.00000000","2024-05-25T19:41:49.358Z","buy",
"0.16946000","4500.00000000","2024-05-25T19:41:48.437Z","buy",
"0.16946000","4500.00000000","2024-05-25T19:41:48.437Z","buy",
"0.16947000","1252.30000000","2024-05-25T19:41:48.386Z","buy",
"0.16947000","4500.00000000","2024-05-25T19:41:48.386Z","buy",
"0.16948000","4500.00000000","2024-05-25T19:41:48.100Z","buy",
"0.16948000","4500.00000000","2024-05-25T19:41:48.100Z","buy",
"0.16949000","17460.50000000","2024-05-25T19:41:48.035Z","buy",
"0.16952000","1252.30000000","2024-05-25T19:41:47.984Z","buy",
"0.16952000","1252.30000000","2024-05-25T19:41:47.404Z","buy",
"0.16952000","1252.30000000","2024-05-25T19:41:47.026Z","buy",
"0.16954000","1131.10000000","2024-05-25T19:41:42.379Z","buy",
"0.16958000","6.00000000","2024-05-25T19:41:22.203Z","sell",
"0.16957000","654.00000000","2024-05-25T19:41:22.143Z","sell",
"0.16956000","1566.30000000","2024-05-25T19:41:19.242Z","buy",
"0.16956000","6580.90000000","2024-05-25T19:41:18.365Z","sell",
"0.16956000","1596.10000000","2024-05-25T19:41:18.305Z","sell",
"0.16955000","6.00000000","2024-05-25T19:41:18.264Z","sell",
"0.16955000","6356.00000000","2024-05-25T19:41:18.264Z","sell",
"0.16955000","162.50000000","2024-05-25T19:41:12.675Z","sell",
"0.16954000","11797.90000000","2024-05-25T19:41:11.209Z","sell",
"0.16953000","11797.90000000","2024-05-25T19:41:10.127Z","sell",
"0.16953000","65.50000000","2024-05-25T19:41:09.807Z","buy",
"0.16953000","1394.80000000","2024-05-25T19:41:06.738Z","buy",
"0.16953000","1566.30000000","2024-05-25T19:41:06.738Z","buy",
"0.16953000","35.00000000","2024-05-25T19:41:05.611Z","buy",
"0.16953000","2.90000000","2024-05-25T19:41:05.205Z","buy",
"0.16953000","6.00000000","2024-05-25T19:41:04.741Z","buy",
"0.16953000","9220.00000000","2024-05-25T19:41:04.654Z","sell",
"0.16953000","7333.00000000","2024-05-25T19:41:04.654Z","sell",
"0.16953000","9913.30000000","2024-05-25T19:41:04.654Z","sell",
"0.16945000","3000.00000000","2024-05-25T19:41:02.789Z","sell",
"0.16944000","4500.00000000","2024-05-25T19:41:00.907Z","buy",
"0.16947000","438.70000000","2024-05-25T19:40:59.999Z","buy",
"0.16947000","1566.30000000","2024-05-25T19:40:59.999Z","buy",
"0.16950000","137235.10000000","2024-05-25T19:40:56.648Z","buy",
"0.16950000","73713.70000000","2024-05-25T19:40:56.647Z","buy",
"0.16950000","12137.00000000","2024-05-25T19:40:56.647Z","buy",
"0.16950000","20064.80000000","2024-05-25T19:40:56.647Z","buy",
"0.16950000","54224.90000000","2024-05-25T19:40:56.641Z","buy",
"0.16950000","100134.50000000","2024-05-25T19:40:56.641Z","buy",
"0.16951000","877.10000000","2024-05-25T19:40:56.641Z","buy",
"0.16951000","374.60000000","2024-05-25T19:40:56.641Z","buy",
"0.16952000","877.10000000","2024-05-25T19:40:56.641Z","buy",
"0.16956000","0.10000000","2024-05-25T19:40:53.356Z","buy",
"0.16956000","1251.60000000","2024-05-25T19:40:53.356Z","buy",
"0.16956000","1753.80000000","2024-05-25T19:40:53.356Z","buy",
"0.16957000","17638.90000000","2024-05-25T19:40:53.356Z","buy",
"0.16957000","637.00000000","2024-05-25T19:40:52.389Z","buy",
"0.16957000","1314.50000000","2024-05-25T19:40:49.697Z","buy",
"0.16957000","2192.80000000","2024-05-25T19:40:49.694Z","buy",
"0.16958000","1565.00000000","2024-05-25T19:40:39.033Z","buy",
"0.16962000","18.70000000","2024-05-25T19:40:34.166Z","sell",
"0.16962000","123.80000000","2024-05-25T19:40:34.166Z","sell",
"0.16961000","23.80000000","2024-05-25T19:40:32.441Z","buy",
"0.16962000","63.30000000","2024-05-25T19:40:29.340Z","sell",
"0.16961000","47.20000000","2024-05-25T19:40:26.339Z","buy",
"0.16962000","5873.70000000","2024-05-25T19:40:24.605Z","sell",
"0.16961000","6.00000000","2024-05-25T19:40:21.378Z","sell",
"0.16960000","8121.00000000","2024-05-25T19:40:21.325Z","sell",
"0.16960000","10540.70000000","2024-05-25T19:40:21.325Z","sell",
"0.16960000","1318.30000000","2024-05-25T19:40:21.316Z","sell",
"0.16960000","7.00000000","2024-05-25T19:40:21.316Z","sell",
"0.16960000","221.90000000","2024-05-25T19:40:20.307Z","sell",
"0.16959000","580.30000000","2024-05-25T19:40:18.943Z","buy",
"0.16959000","54.30000000","2024-05-25T19:40:18.883Z","buy",
"0.16957000","0.20000000","2024-05-25T19:40:14.227Z","buy",
"0.16958000","1513.00000000","2024-05-25T19:40:13.832Z","sell",
"0.16958000","7.00000000","2024-05-25T19:40:13.832Z","sell",
"0.16958000","6608.00000000","2024-05-25T19:40:13.832Z","sell",
"0.16958000","1565.00000000","2024-05-25T19:40:11.605Z","buy",
"0.16959000","1565.00000000","2024-05-25T19:40:11.355Z","buy",
"0.16957000","5798.70000000","2024-05-25T19:40:10.521Z","sell",
"0.16957000","6519.30000000","2024-05-25T19:40:10.487Z","sell",
"0.16957000","6.00000000","2024-05-25T19:40:10.487Z","sell",
"0.16957000","223.00000000","2024-05-25T19:40:10.487Z","sell",
"0.16954000","34.20000000","2024-05-25T19:40:09.657Z","buy",
"0.16954000","1267.10000000","2024-05-25T19:40:09.396Z","buy",
"0.16954000","297.90000000","2024-05-25T19:40:08.812Z","buy",
"0.16954000","1565.00000000","2024-05-25T19:40:05.671Z","buy",
"0.16954000","750.60000000","2024-05-25T19:40:05.053Z","buy",
"0.16954000","2084.30000000","2024-05-25T19:40:00.767Z","buy",
"0.16954000","2084.30000000","2024-05-25T19:39:55.084Z","buy",
"0.16955000","2084.30000000","2024-05-25T19:39:54.534Z","buy",
"0.16955000","2084.30000000","2024-05-25T19:39:52.751Z","buy",
"0.16954000","2084.30000000","2024-05-25T19:39:52.391Z","buy",
"0.16953000","9437.80000000","2024-05-25T19:39:52.366Z","buy",
"0.16953000","1615.70000000","2024-05-25T19:39:52.366Z","buy",
"0.16954000","2717.50000000","2024-05-25T19:39:52.366Z","buy",
"0.16956000","2084.30000000","2024-05-25T19:39:51.362Z","buy",
"0.16957000","14.40000000","2024-05-25T19:39:50.940Z","sell",
"0.16956000","2084.30000000","2024-05-25T19:39:50.928Z","buy",
"0.16952000","7090.60000000","2024-05-25T19:39:50.915Z","buy",
"0.16952000","5900.10000000","2024-05-25T19:39:50.915Z","buy",
"0.16953000","11491.20000000","2024-05-25T19:39:50.915Z","buy",
"0.16953000","7375.30000000","2024-05-25T19:39:50.915Z","buy",
"0.16953000","1615.70000000","2024-05-25T19:39:50.915Z","buy",
"0.16954000","1235.60000000","2024-05-25T19:39:50.915Z","buy",
"0.16955000","2717.50000000","2024-05-25T19:39:50.915Z","buy",
"0.16954000","6318.50000000","2024-05-25T19:39:50.458Z","buy",
"0.16954000","1235.10000000","2024-05-25T19:39:50.458Z","buy",
"0.16954000","1615.70000000","2024-05-25T19:39:50.458Z","buy",
"0.16954000","35.40000000","2024-05-25T19:39:50.458Z","buy",
"0.16957000","14.40000000","2024-05-25T19:39:50.425Z","sell",
"0.16956000","2084.30000000","2024-05-25T19:39:50.398Z","buy",
"0.16955000","1235.70000000","2024-05-25T19:39:50.239Z","buy",
"0.16958000","72.40000000","2024-05-25T19:39:50.132Z","sell",
"0.16955000","4500.00000000","2024-05-25T19:39:50.067Z","buy",
"0.16955000","35.40000000","2024-05-25T19:39:50.067Z","buy",
"0.16955000","35.40000000","2024-05-25T19:39:50.067Z","buy",
"0.16955000","35.40000000","2024-05-25T19:39:50.067Z","buy",
"0.16955000","35.40000000","2024-05-25T19:39:50.067Z","buy",
"0.16956000","2084.30000000","2024-05-25T19:39:50.055Z","buy",
"0.16957000","14.40000000","2024-05-25T19:39:50.055Z","buy",
"0.16961000","4500.00000000","2024-05-25T19:39:49.102Z","buy",
"0.16962000","2084.30000000","2024-05-25T19:39:49.102Z","buy",
"0.16965000","72.40000000","2024-05-25T19:39:49.102Z","buy",
"0.16966000","58.40000000","2024-05-25T19:39:44.522Z","sell",
"0.16966000","14.50000000","2024-05-25T19:39:41.638Z","sell",
"0.16967000","14.40000000","2024-05-25T19:39:41.169Z","sell",
"0.16964000","2000.00000000","2024-05-25T19:39:39.726Z","sell",
"0.16963000","1474.20000000","2024-05-25T19:39:39.726Z","sell",
"0.16963000","525.80000000","2024-05-25T19:39:39.726Z","sell",
"0.16963000","1615.70000000","2024-05-25T19:39:39.726Z","sell",
"0.16962000","1474.20000000","2024-05-25T19:39:39.726Z","sell",
"0.16962000","2000.00000000","2024-05-25T19:39:39.726Z","sell",
"0.16963000","29.00000000","2024-05-25T19:39:37.715Z","sell",
"0.16961000","4748.80000000","2024-05-25T19:39:37.300Z","sell",
"0.16961000","9433.20000000","2024-05-25T19:39:37.294Z","buy",
"0.16961000","109.70000000","2024-05-25T19:39:37.294Z","buy",
"0.16962000","1197.10000000","2024-05-25T19:39:37.293Z","buy",
"0.16962000","3302.90000000","2024-05-25T19:39:37.293Z","buy",
"0.16962000","1197.10000000","2024-05-25T19:39:37.293Z","buy",
"0.16964000","72.40000000","2024-05-25T19:39:37.291Z","buy",
"0.16964000","1563.20000000","2024-05-25T19:39:37.291Z","buy",
"0.16963000","6.00000000","2024-05-25T19:39:35.863Z","sell",
"0.16963000","19.00000000","2024-05-25T19:39:34.171Z","sell",
"0.16963000","14.50000000","2024-05-25T19:39:33.984Z","sell",
"0.16961000","5568.30000000","2024-05-25T19:39:33.755Z","buy",
"0.16962000","1563.20000000","2024-05-25T19:39:33.755Z","buy",
"0.16963000","109.60000000","2024-05-25T19:39:33.755Z","buy",
"0.16965000","29.00000000","2024-05-25T19:39:33.680Z","sell",
"0.16963000","55.20000000","2024-05-25T19:39:33.442Z","buy",
"0.16967000","29.00000000","2024-05-25T19:39:32.693Z","buy",
"0.16969000","6076.60000000","2024-05-25T19:39:31.529Z","buy",
"0.16972000","14.50000000","2024-05-25T19:39:31.430Z","buy",
"0.16972000","219.00000000","2024-05-25T19:39:31.430Z","buy",
"0.16972000","585.70000000","2024-05-25T19:39:31.430Z","buy",
"0.16973000","65.20000000","2024-05-25T19:39:30.839Z","sell",
"0.16974000","14.50000000","2024-05-25T19:39:30.532Z","sell",
"0.16976000","94.10000000","2024-05-25T19:39:30.447Z","sell",
"0.16973000","13340.60000000","2024-05-25T19:39:30.284Z","buy",
"0.16974000","14.50000000","2024-05-25T19:39:30.284Z","buy",
"0.16975000","6934.10000000","2024-05-25T19:39:30.239Z","buy",
"0.16975000","5477.10000000","2024-05-25T19:39:30.239Z","buy",
"0.16975000","438.00000000","2024-05-25T19:39:30.239Z","buy",
"0.16977000","6287.60000000","2024-05-25T19:39:30.237Z","buy",
"0.16977000","1615.70000000","2024-05-25T19:39:30.237Z","buy",
"0.16978000","9423.50000000","2024-05-25T19:39:30.236Z","buy",
"0.16979000","4500.00000000","2024-05-25T19:39:30.231Z","buy",
"0.16979000","1563.20000000","2024-05-25T19:39:30.231Z","buy",
"0.16981000","11777.40000000","2024-05-25T19:39:30.231Z","buy",
"0.16981000","94.10000000","2024-05-25T19:39:30.231Z","buy",
"0.16981000","1392.80000000","2024-05-25T19:39:27.069Z","buy",
"0.16981000","94.10000000","2024-05-25T19:39:27.069Z","buy",
"0.16981000","43.50000000","2024-05-25T19:39:21.787Z","buy",
"0.16981000","701.00000000","2024-05-25T19:39:16.009Z","buy",
"0.16979000","14551.00000000","2024-05-25T19:39:15.847Z","sell",
"0.16979000","783.70000000","2024-05-25T19:39:15.847Z","sell",
"0.16978000","6.00000000","2024-05-25T19:39:15.749Z","sell",
"0.16978000","19987.00000000","2024-05-25T19:39:15.749Z","sell",
"0.16978000","6.00000000","2024-05-25T19:39:15.749Z","sell",
"0.16977000","21.50000000","2024-05-25T19:39:12.779Z","buy",
"0.16976000","6660.00000000","2024-05-25T19:39:11.593Z","sell",
"0.16976000","6.00000000","2024-05-25T19:39:11.593Z","sell",
"0.16976000","2824.00000000","2024-05-25T19:39:11.593Z","sell",
"0.16976000","6866.40000000","2024-05-25T19:39:11.590Z","sell",
"0.16976000","3636.60000000","2024-05-25T19:39:11.586Z","sell",
"0.16975000","73.00000000","2024-05-25T19:39:09.890Z","buy",
"0.16975000","876.00000000","2024-05-25T19:39:09.890Z","buy",
"0.16975000","327.70000000","2024-05-25T19:39:09.890Z","buy",
"0.16975000","1563.20000000","2024-05-25T19:39:09.890Z","buy",
"0.16974000","6.00000000","2024-05-25T19:39:06.824Z","sell",
"0.16974000","2082.80000000","2024-05-25T19:39:06.659Z","sell",
"0.16972000","19981.00000000","2024-05-25T19:39:06.214Z","sell",
"0.16972000","6.00000000","2024-05-25T19:39:06.214Z","sell",
"0.16972000","6.00000000","2024-05-25T19:39:06.214Z","sell",
"0.16969000","6165.00000000","2024-05-25T19:39:02.013Z","sell",
"0.16967000","5051.60000000","2024-05-25T19:39:01.969Z","sell",
"0.16967000","833.40000000","2024-05-25T19:39:01.968Z","sell",
"0.16967000","6.00000000","2024-05-25T19:39:01.968Z","sell",
"0.16967000","10289.60000000","2024-05-25T19:39:01.968Z","sell",
"0.16967000","3812.40000000","2024-05-25T19:39:01.968Z","sell",
"0.16966000","11.10000000","2024-05-25T19:39:01.633Z","buy",
"0.16965000","3472.00000000","2024-05-25T19:38:51.922Z","sell",
"0.16965000","2413.00000000","2024-05-25T19:38:51.922Z","sell",
"0.16962000","6.00000000","2024-05-25T19:38:50.348Z","sell",
"0.16962000","549.00000000","2024-05-25T19:38:50.348Z","sell",
"0.16961000","3000.00000000","2024-05-25T19:38:50.346Z","sell",
"0.16959000","1474.40000000","2024-05-25T19:38:50.343Z","sell",
"0.16961000","61.60000000","2024-05-25T19:38:48.352Z","buy",
"0.16961000","1563.20000000","2024-05-25T19:38:48.352Z","buy",
"0.16963000","1753.20000000","2024-05-25T19:38:47.119Z","buy",
"0.16963000","94.20000000","2024-05-25T19:38:47.119Z","buy",
"0.16963000","1563.20000000","2024-05-25T19:38:47.119Z","buy",
"0.16964000","43.40000000","2024-05-25T19:38:46.234Z","sell",
"0.16964000","6186.10000000","2024-05-25T19:38:45.875Z","buy",
"0.16964000","3506.30000000","2024-05-25T19:38:45.875Z","buy",
"0.16965000","1563.20000000","2024-05-25T19:38:45.791Z","buy",
"0.16966000","43.40000000","2024-05-25T19:38:45.788Z","buy",
"0.16967000","1563.20000000","2024-05-25T19:38:37.486Z","buy",
"0.16969000","14.50000000","2024-05-25T19:38:37.486Z","buy",
"0.16970000","14.50000000","2024-05-25T19:38:36.555Z","sell",
"0.16974000","57.90000000","2024-05-25T19:38:36.183Z","sell",
"0.16976000","101.40000000","2024-05-25T19:38:35.776Z","buy",
"0.16977000","333.10000000","2024-05-25T19:38:30.681Z","sell",
"0.16978000","9769.00000000","2024-05-25T19:38:21.917Z","sell",
"0.16978000","9898.30000000","2024-05-25T19:38:21.917Z","sell",
"0.16978000","193.80000000","2024-05-25T19:38:21.917Z","sell",
"0.16976000","6.00000000","2024-05-25T19:38:20.430Z","sell",
"0.16974000","6.00000000","2024-05-25T19:38:18.544Z","sell",
"0.16974000","339.00000000","2024-05-25T19:38:18.544Z","sell",
"0.16974000","15334.40000000","2024-05-25T19:38:18.544Z","sell",
"0.16974000","4658.60000000","2024-05-25T19:38:18.540Z","sell",
"0.16970000","785.60000000","2024-05-25T19:38:18.317Z","buy",
"0.16967000","43.40000000","2024-05-25T19:38:15.353Z","sell",
"0.16967000","29.00000000","2024-05-25T19:38:12.968Z","sell",
"0.16966000","1220.10000000","2024-05-25T19:38:12.130Z","buy",
"0.16968000","14.50000000","2024-05-25T19:38:11.990Z","sell",
"0.16973000","2000.00000000","2024-05-25T19:38:11.544Z","sell",
"0.16972000","9427.10000000","2024-05-25T19:38:11.537Z","buy",
"0.16973000","1563.20000000","2024-05-25T19:38:11.535Z","buy",
"0.16973000","6.00000000","2024-05-25T19:38:07.131Z","sell",
"0.16973000","14.40000000","2024-05-25T19:38:04.491Z","sell",
"0.16973000","11781.30000000","2024-05-25T19:38:04.292Z","buy",
"0.16973000","1563.20000000","2024-05-25T19:38:04.292Z","buy",
"0.16973000","6.00000000","2024-05-25T19:38:02.740Z","sell",
"0.16973000","809.00000000","2024-05-25T19:38:02.564Z","sell",
"0.16973000","43.40000000","2024-05-25T19:38:01.529Z","sell",
"0.16973000","1563.20000000","2024-05-25T19:38:01.328Z","buy",
"0.16973000","23.60000000","2024-05-25T19:38:00.961Z","buy",
"0.16974000","57.90000000","2024-05-25T19:38:00.761Z","sell",
"0.16974000","1563.20000000","2024-05-25T19:38:00.542Z","buy",
"0.16974000","333.90000000","2024-05-25T19:38:00.023Z","buy",
"0.16976000","1563.20000000","2024-05-25T19:38:00.023Z","buy",
"0.16973000","1410.60000000","2024-05-25T19:37:59.333Z","sell",
"0.16972000","6.00000000","2024-05-25T19:37:59.257Z","buy",
"0.16971000","13334.00000000","2024-05-25T19:37:59.059Z","sell",
"0.16971000","6185.70000000","2024-05-25T19:37:59.059Z","sell",
"0.16969000","589.00000000","2024-05-25T19:37:59.023Z","buy",
"0.16970000","1473.40000000","2024-05-25T19:37:58.121Z","sell",
"0.16968000","6.00000000","2024-05-25T19:37:58.066Z","sell",
"0.16968000","19993.00000000","2024-05-25T19:37:58.066Z","sell",
"0.16968000","58.00000000","2024-05-25T19:37:52.280Z","sell",
"0.16967000","2000.00000000","2024-05-25T19:37:51.957Z","sell",
"0.16970000","2255.70000000","2024-05-25T19:37:51.840Z","sell",
"0.16969000","9428.90000000","2024-05-25T19:37:51.834Z","buy",
"0.16970000","43.40000000","2024-05-25T19:37:51.829Z","buy",
"0.16970000","2212.30000000","2024-05-25T19:37:51.829Z","buy",
"0.16970000","2000.00000000","2024-05-25T19:37:51.829Z","buy",
"0.16970000","2000.00000000","2024-05-25T19:37:51.828Z","buy",
"0.16970000","2000.00000000","2024-05-25T19:37:51.828Z","buy",
"0.16970000","3572.80000000","2024-05-25T19:37:51.827Z","buy",
"0.16970000","1563.20000000","2024-05-25T19:37:51.827Z","buy",
"0.16968000","468.00000000","2024-05-25T19:37:49.949Z","buy",
"0.16970000","6707.60000000","2024-05-25T19:37:49.506Z","sell",
"0.16970000","1361.10000000","2024-05-25T19:37:49.506Z","sell",
"0.16969000","9902.30000000","2024-05-25T19:37:49.472Z","sell",
"0.16969000","1361.00000000","2024-05-25T19:37:49.472Z","sell",
"0.16968000","1615.70000000","2024-05-25T19:37:49.453Z","sell",
"0.16966000","1247.00000000","2024-05-25T19:37:49.417Z","buy",
"0.16967000","1361.00000000","2024-05-25T19:37:49.356Z","sell",
"0.16967000","1473.80000000","2024-05-25T19:37:49.356Z","sell",
"0.16966000","6.00000000","2024-05-25T19:37:49.300Z","sell",
"0.16966000","19717.70000000","2024-05-25T19:37:49.300Z","sell",
"0.16964000","589.20000000","2024-05-25T19:37:49.014Z","buy",
"0.16966000","29.00000000","2024-05-25T19:37:48.742Z","sell",
"0.16966000","115.90000000","2024-05-25T19:37:48.270Z","sell",
"0.16966000","130.40000000","2024-05-25T19:37:44.199Z","sell",
"0.16964000","19993.00000000","2024-05-25T19:37:42.428Z","sell",
"0.16963000","6.00000000","2024-05-25T19:37:41.995Z","sell",
"0.16963000","5753.50000000","2024-05-25T19:37:40.197Z","sell",
"0.16963000","1360.60000000","2024-05-25T19:37:40.197Z","sell",
"0.16963000","28.90000000","2024-05-25T19:37:39.235Z","sell",
"0.16964000","1248.30000000","2024-05-25T19:37:39.104Z","buy",
"0.16965000","1361.10000000","2024-05-25T19:37:38.836Z","sell",
"0.16965000","1360.80000000","2024-05-25T19:37:38.782Z","sell",
"0.16965000","5288.00000000","2024-05-25T19:37:38.611Z","sell",
"0.16965000","1361.10000000","2024-05-25T19:37:38.611Z","sell",
"0.16965000","1615.70000000","2024-05-25T19:37:38.611Z","sell",
"0.16964000","1360.50000000","2024-05-25T19:37:38.472Z","sell",
"0.16957000","6.00000000","2024-05-25T19:37:37.683Z","sell",
"0.16957000","17299.00000000","2024-05-25T19:37:37.683Z","sell",
"0.16957000","2694.00000000","2024-05-25T19:37:37.613Z","sell",
"0.16957000","85.00000000","2024-05-25T19:37:36.943Z","sell",
"0.16957000","28.90000000","2024-05-25T19:37:35.785Z","sell",
"0.16956000","2358.00000000","2024-05-25T19:37:35.692Z","buy",
"0.16956000","35.40000000","2024-05-25T19:37:35.692Z","buy",
"0.16956000","35.40000000","2024-05-25T19:37:35.692Z","buy",
"0.16956000","35.40000000","2024-05-25T19:37:35.692Z","buy",
"0.16957000","1248.30000000","2024-05-25T19:37:35.689Z","buy",
"0.16957000","35.40000000","2024-05-25T19:37:35.689Z","buy",
"0.16957000","57.20000000","2024-05-25T19:37:35.689Z","buy",
"0.16958000","28.90000000","2024-05-25T19:37:35.322Z","buy",
"0.16957000","1.80000000","2024-05-25T19:37:33.823Z","buy",
"0.16958000","35.40000000","2024-05-25T19:37:33.659Z","buy",
"0.16958000","35.40000000","2024-05-25T19:37:33.659Z","buy",
"0.16958000","35.40000000","2024-05-25T19:37:33.659Z","buy",
"0.16958000","35.40000000","2024-05-25T19:37:33.659Z","buy",
"0.16958000","35.40000000","2024-05-25T19:37:33.659Z","buy",
"0.16959000","1248.30000000","2024-05-25T19:37:33.608Z","buy",
"0.16960000","14.50000000","2024-05-25T19:37:33.561Z","sell",
"0.16959000","9434.30000000","2024-05-25T19:37:33.410Z","buy",
"0.16959000","3075.50000000","2024-05-25T19:37:33.410Z","buy",
"0.16959000","3418.50000000","2024-05-25T19:37:33.410Z","buy",
"0.16959000","35.40000000","2024-05-25T19:37:33.410Z","buy",
"0.16960000","35.40000000","2024-05-25T19:37:33.407Z","buy",
"0.16960000","90.80000000","2024-05-25T19:37:33.407Z","buy",
"0.16961000","11606.40000000","2024-05-25T19:37:33.406Z","buy",
"0.16966000","14.50000000","2024-05-25T19:37:33.339Z","buy",
"0.16966000","1248.30000000","2024-05-25T19:37:33.339Z","buy",
"0.16968000","86.90000000","2024-05-25T19:37:32.390Z","buy",
"0.16968000","1248.30000000","2024-05-25T19:37:32.390Z","buy",
"0.16968000","1248.30000000","2024-05-25T19:37:30.310Z","buy",
"0.16970000","1248.30000000","2024-05-25T19:37:29.696Z","buy",
"0.16970000","7.00000000","2024-05-25T19:37:29.478Z","sell",
"0.16967000","1189.00000000","2024-05-25T19:37:29.107Z","sell",
"0.16966000","1383.20000000","2024-05-25T19:37:29.058Z","sell",
"0.16965000","21.40000000","2024-05-25T19:37:28.834Z","sell",
"0.16965000","1248.30000000","2024-05-25T19:37:28.768Z","buy",
"0.16965000","892.30000000","2024-05-25T19:37:28.509Z","buy",
"0.16966000","9430.50000000","2024-05-25T19:37:28.504Z","buy",
"0.16969000","14.50000000","2024-05-25T19:37:28.504Z","buy",
"0.16969000","1248.30000000","2024-05-25T19:37:28.504Z","buy",
"0.16969000","109.60000000","2024-05-25T19:37:26.454Z","buy",
"0.16969000","1248.30000000","2024-05-25T19:37:26.454Z","buy",
"0.16969000","14.50000000","2024-05-25T19:37:26.454Z","buy",
"0.16969000","35.40000000","2024-05-25T19:37:26.454Z","buy",
"0.16970000","43.50000000","2024-05-25T19:37:25.668Z","sell",
"0.16970000","109.50000000","2024-05-25T19:37:25.417Z","buy",
"0.16971000","115.80000000","2024-05-25T19:37:25.270Z","buy",
"0.16971000","1248.30000000","2024-05-25T19:37:25.270Z","buy",
"0.16971000","58.00000000","2024-05-25T19:37:20.179Z","sell",
"0.16972000","14.50000000","2024-05-25T19:37:19.669Z","buy",
"0.16972000","219.10000000","2024-05-25T19:37:19.669Z","buy",
"0.16972000","1248.30000000","2024-05-25T19:37:19.669Z","buy",
"0.16973000","65.00000000","2024-05-25T19:37:18.936Z","sell",
"0.16973000","28.90000000","2024-05-25T19:37:17.339Z","sell",
"0.16974000","1248.30000000","2024-05-25T19:37:16.902Z","buy",
"0.16970000","114996.20000000","2024-05-25T19:37:16.683Z","buy",
"0.16970000","4500.00000000","2024-05-25T19:37:16.683Z","buy",
"0.16971000","9427.40000000","2024-05-25T19:37:16.683Z","buy",
"0.16971000","4000.00000000","2024-05-25T19:37:16.683Z","buy",
"0.16972000","1615.70000000","2024-05-25T19:37:16.683Z","buy",
"0.16972000","6799.30000000","2024-05-25T19:37:16.683Z","buy",
"0.16972000","4500.00000000","2024-05-25T19:37:16.683Z","buy",
"0.16974000","438.10000000","2024-05-25T19:37:16.683Z","buy",
"0.16975000","14.50000000","2024-05-25T19:37:16.683Z","buy",
"0.16975000","1248.30000000","2024-05-25T19:37:16.683Z","buy",
"0.16976000","29.00000000","2024-05-25T19:37:15.706Z","sell",
"0.16976000","72.50000000","2024-05-25T19:37:15.338Z","sell",
"0.16977000","1248.30000000","2024-05-25T19:37:15.259Z","buy",
"0.16977000","1486.90000000","2024-05-25T19:37:14.241Z","sell",
"0.16976000","1248.30000000","2024-05-25T19:37:14.224Z","buy",
"0.16976000","28.90000000","2024-05-25T19:37:13.526Z","sell",
"0.16979000","1248.30000000","2024-05-25T19:37:13.317Z","buy",
"0.16979000","28.90000000","2024-05-25T19:37:13.317Z","buy",
"0.16980000","196.50000000","2024-05-25T19:37:10.717Z","sell",
"0.16981000","138.50000000","2024-05-25T19:37:10.180Z","buy",
"0.16981000","1248.30000000","2024-05-25T19:37:10.180Z","buy",
"0.16982000","190.10000000","2024-05-25T19:37:07.436Z","buy",
"0.16982000","1130.50000000","2024-05-25T19:37:07.436Z","buy",
"0.16982000","117.80000000","2024-05-25T19:37:07.141Z","buy",
"0.16983000","177.40000000","2024-05-25T19:37:04.396Z","sell",
"0.16983000","341.00000000","2024-05-25T19:37:03.366Z","buy",
"0.16983000","13.80000000","2024-05-25T19:37:02.651Z","buy",
"0.16984000","107.90000000","2024-05-25T19:37:00.837Z","sell",
"0.16987000","11774.00000000","2024-05-25T19:36:47.922Z","sell",
"0.16986000","6.00000000","2024-05-25T19:36:46.931Z","sell",
"0.16986000","6332.00000000","2024-05-25T19:36:46.931Z","sell",
"0.16986000","6.00000000","2024-05-25T19:36:46.931Z","sell",
"0.16986000","15.00000000","2024-05-25T19:36:43.534Z","sell",
"0.16986000","1361.00000000","2024-05-25T19:36:43.534Z","sell",
"0.16986000","1360.60000000","2024-05-25T19:36:43.436Z","sell",
"0.16986000","6.00000000","2024-05-25T19:36:43.436Z","sell",
"0.16983000","757.70000000","2024-05-25T19:36:42.997Z","buy",
"0.16984000","1248.30000000","2024-05-25T19:36:42.997Z","buy",
"0.16985000","1360.40000000","2024-05-25T19:36:42.942Z","sell",
"0.16983000","2719.30000000","2024-05-25T19:36:42.883Z","sell",
"0.16983000","8725.40000000","2024-05-25T19:36:42.883Z","sell",
"0.16983000","6536.30000000","2024-05-25T19:36:42.883Z","sell",
"0.16983000","398.60000000","2024-05-25T19:36:42.883Z","sell",
"0.16983000","5794.70000000","2024-05-25T19:36:42.882Z","sell",
"0.16982000","6.00000000","2024-05-25T19:36:41.935Z","sell",
"0.16982000","2000.00000000","2024-05-25T19:36:41.935Z","sell",
"0.16982000","6.00000000","2024-05-25T19:36:41.935Z","sell",
"0.16980000","11777.10000000","2024-05-25T19:36:37.776Z","buy",
"0.16980000","72.40000000","2024-05-25T19:36:37.776Z","buy",
"0.16980000","1248.30000000","2024-05-25T19:36:37.776Z","buy",
"0.16979000","2257.10000000","2024-05-25T19:36:35.600Z","buy",
"0.16981000","115.90000000","2024-05-25T19:36:35.600Z","buy",
"0.16981000","1248.30000000","2024-05-25T19:36:35.600Z","buy",
"0.16982000","113.70000000","2024-05-25T19:36:33.310Z","sell",
"0.16979000","2006.00000000","2024-05-25T19:36:30.898Z","sell",
"0.16978000","1248.30000000","2024-05-25T19:36:30.450Z","buy",
"0.16978000","21.80000000","2024-05-25T19:36:30.450Z","buy",
"0.16979000","43.40000000","2024-05-25T19:36:29.722Z","sell",
"0.16981000","43.40000000","2024-05-25T19:36:29.330Z","buy",
"0.16981000","5429.60000000","2024-05-25T19:36:29.328Z","buy",
"0.16981000","1248.30000000","2024-05-25T19:36:29.328Z","buy",
"0.16982000","6387.90000000","2024-05-25T19:36:29.328Z","buy",
"0.16984000","1091.30000000","2024-05-25T19:36:27.574Z","sell",
"0.16984000","1360.80000000","2024-05-25T19:36:27.574Z","sell",
"0.16983000","1360.70000000","2024-05-25T19:36:27.574Z","sell",
"0.16982000","29.00000000","2024-05-25T19:36:25.691Z","sell",
"0.16984000","29.00000000","2024-05-25T19:36:25.483Z","buy",
"0.16984000","1219.30000000","2024-05-25T19:36:25.483Z","buy",
"0.16985000","29.00000000","2024-05-25T19:36:25.483Z","buy",
"0.16986000","308.00000000","2024-05-25T19:36:22.757Z","sell",
"0.16984000","1248.30000000","2024-05-25T19:36:16.368Z","buy",
"0.16985000","8.80000000","2024-05-25T19:36:15.622Z","sell",
"0.16980000","3315.60000000","2024-05-25T19:36:15.343Z","buy",
"0.16980000","1615.70000000","2024-05-25T19:36:15.343Z","buy",
"0.16982000","4500.00000000","2024-05-25T19:36:15.343Z","buy",
"0.16983000","9421.00000000","2024-05-25T19:36:15.343Z","buy",
"0.16984000","76.00000000","2024-05-25T19:36:15.343Z","buy",
"0.16984000","1248.30000000","2024-05-25T19:36:15.343Z","buy",
"0.16986000","6.00000000","2024-05-25T19:36:14.504Z","sell",
"0.16984000","94.10000000","2024-05-25T19:36:12.885Z","sell",
"0.16985000","300.00000000","2024-05-25T19:36:11.364Z","sell",
"0.16985000","85.90000000","2024-05-25T19:36:09.201Z","sell",
"0.16987000","1248.30000000","2024-05-25T19:36:06.276Z","buy",
"0.16987000","10116.30000000","2024-05-25T19:36:06.276Z","buy",
"0.16991000","1109.50000000","2024-05-25T19:36:05.914Z","sell",
"0.16989000","210.00000000","2024-05-25T19:36:05.745Z","sell",
"0.16989000","214.70000000","2024-05-25T19:36:05.745Z","sell",
"0.16989000","210.50000000","2024-05-25T19:36:05.745Z","sell",
"0.16989000","206.40000000","2024-05-25T19:36:05.745Z","sell",
"0.16986000","1615.70000000","2024-05-25T19:36:05.668Z","sell",
"0.16986000","6836.00000000","2024-05-25T19:36:05.668Z","sell",
"0.16986000","6.00000000","2024-05-25T19:36:05.668Z","sell",
"0.16986000","13151.00000000","2024-05-25T19:36:05.668Z","sell",
"0.16986000","1073.80000000","2024-05-25T19:36:05.668Z","sell",
"0.16986000","5017.30000000","2024-05-25T19:36:05.668Z","sell",
"0.16985000","6.00000000","2024-05-25T19:36:05.668Z","sell",
"0.16982000","92.30000000","2024-05-25T19:36:02.551Z","sell",
"0.16980000","29.00000000","2024-05-25T19:36:01.066Z","sell",
"0.16979000","29.40000000","2024-05-25T19:36:00.781Z","buy",
"0.16981000","1559.50000000","2024-05-25T19:36:00.517Z","buy",
"0.16982000","423.60000000","2024-05-25T19:36:00.415Z","sell",
"0.16981000","914.30000000","2024-05-25T19:36:00.312Z","sell",
"0.16977000","37.20000000","2024-05-25T19:36:00.291Z","buy",
"0.16977000","51.40000000","2024-05-25T19:36:00.291Z","buy",
"0.16977000","2717.50000000","2024-05-25T19:36:00.291Z","buy",
"0.16978000","10348.00000000","2024-05-25T19:36:00.291Z","buy",
"0.16978000","4527.80000000","2024-05-25T19:36:00.291Z","buy",
"0.16978000","9176.90000000","2024-05-25T19:36:00.291Z","buy",
"0.16979000","11618.40000000","2024-05-25T19:36:00.291Z","buy",
"0.16979000","1615.70000000","2024-05-25T19:36:00.291Z","buy",
"0.16979000","9423.30000000","2024-05-25T19:36:00.291Z","buy",
"0.16979000","12935.90000000","2024-05-25T19:36:00.291Z","buy",
"0.16979000","4000.00000000","2024-05-25T19:36:00.291Z","buy",
"0.16980000","8056.90000000","2024-05-25T19:36:00.291Z","buy",
"0.16980000","7503.50000000","2024-05-25T19:36:00.291Z","buy",
"0.16981000","1500.20000000","2024-05-25T19:36:00.291Z","buy",
"0.16981000","59.30000000","2024-05-25T19:35:59.583Z","buy",
"0.16984000","220.90000000","2024-05-25T19:35:59.583Z","buy",
"0.16986000","62.50000000","2024-05-25T19:35:55.285Z","sell",
"0.16985000","211.00000000","2024-05-25T19:35:49.453Z","sell",
"0.16981000","2386.70000000","2024-05-25T19:35:46.568Z","buy",
"0.16982000","2503.60000000","2024-05-25T19:35:46.568Z","buy",
"0.16983000","181.00000000","2024-05-25T19:35:46.568Z","buy",
"0.16983000","1559.50000000","2024-05-25T19:35:46.568Z","buy",
"0.16984000","1559.50000000","2024-05-25T19:35:43.479Z","buy",
"0.16978000","1720.90000000","2024-05-25T19:35:41.355Z","sell",
"0.16978000","12031.30000000","2024-05-25T19:35:41.355Z","sell",
"0.16978000","13072.80000000","2024-05-25T19:35:41.353Z","sell",
"0.16978000","6460.80000000","2024-05-25T19:35:41.352Z","sell",
"0.16978000","4735.20000000","2024-05-25T19:35:41.348Z","sell",
"0.16978000","7124.90000000","2024-05-25T19:35:41.200Z","sell",
"0.16975000","4320.50000000","2024-05-25T19:35:40.838Z","buy",
"0.16976000","1556.90000000","2024-05-25T19:35:40.838Z","buy",
"0.16977000","72.50000000","2024-05-25T19:35:40.838Z","buy",
"0.16975000","224.90000000","2024-05-25T19:35:32.469Z","buy",
"0.16977000","72.50000000","2024-05-25T19:35:32.469Z","buy",
"0.16978000","14.40000000","2024-05-25T19:35:28.998Z","sell",
"0.16980000","875.80000000","2024-05-25T19:35:28.782Z","buy",
"0.16980000","14.40000000","2024-05-25T19:35:28.782Z","buy",
"0.16980000","6167.70000000","2024-05-25T19:35:28.782Z","buy",
"0.16983000","1751.40000000","2024-05-25T19:35:25.594Z","buy",
"0.16984000","14.50000000","2024-05-25T19:35:25.499Z","sell",
"0.16985000","14.50000000","2024-05-25T19:35:25.216Z","sell",
"0.16987000","14.50000000","2024-05-25T19:35:24.923Z","sell",
"0.16987000","43.50000000","2024-05-25T19:35:24.483Z","sell",
"0.16990000","115.80000000","2024-05-25T19:35:24.049Z","buy",
"0.16988000","239.30000000","2024-05-25T19:35:20.380Z","buy",
"0.16988000","2143.20000000","2024-05-25T19:35:20.380Z","buy",
"0.16988000","29.00000000","2024-05-25T19:35:20.380Z","buy",
"0.16991000","5.80000000","2024-05-25T19:35:20.205Z","sell",
"0.16988000","29.00000000","2024-05-25T19:35:17.680Z","sell",
"0.16988000","37.00000000","2024-05-25T19:35:16.678Z","sell",
"0.16987000","41.40000000","2024-05-25T19:35:16.299Z","buy",
"0.16987000","59.20000000","2024-05-25T19:35:16.129Z","buy",
"0.16988000","65.10000000","2024-05-25T19:35:14.845Z","sell",
"0.16987000","2570.50000000","2024-05-25T19:35:14.093Z","sell",
"0.16985000","2010.90000000","2024-05-25T19:35:12.126Z","buy",
"0.16987000","107.90000000","2024-05-25T19:35:10.395Z","sell",
"0.16985000","59.30000000","2024-05-25T19:35:09.943Z","buy",
"0.16987000","14.50000000","2024-05-25T19:35:09.922Z","sell",
"0.16985000","208.10000000","2024-05-25T19:35:09.861Z","buy",
"0.16987000","14.50000000","2024-05-25T19:35:09.447Z","sell",
"0.16987000","72.40000000","2024-05-25T19:35:08.882Z","sell",
"0.16984000","118.90000000","2024-05-25T19:35:08.714Z","buy",
"0.16984000","249.30000000","2024-05-25T19:35:08.662Z","buy",
"0.16985000","625.30000000","2024-05-25T19:35:08.348Z","buy",
"0.16985000","65.30000000","2024-05-25T19:35:07.945Z","buy",
"0.16985000","828.40000000","2024-05-25T19:35:07.920Z","buy",
"0.16985000","5.50000000","2024-05-25T19:35:07.920Z","buy",
"0.16989000","83.30000000","2024-05-25T19:35:07.777Z","sell",
"0.16986000","124.90000000","2024-05-25T19:35:07.671Z","buy",
"0.16988000","50.00000000","2024-05-25T19:35:07.476Z","buy",
"0.16988000","1491.00000000","2024-05-25T19:35:07.476Z","buy",
"0.16988000","124.70000000","2024-05-25T19:35:07.275Z","buy",
"0.16992000","23.90000000","2024-05-25T19:35:07.275Z","buy",
"0.16992000","59.40000000","2024-05-25T19:35:07.265Z","buy",
"0.16989000","261.20000000","2024-05-25T19:35:06.709Z","buy",
"0.16991000","65.30000000","2024-05-25T19:35:06.639Z","buy",
"0.16991000","356.70000000","2024-05-25T19:35:06.225Z","buy",
"0.16994000","1395.00000000","2024-05-25T19:35:06.183Z","sell",
"0.16993000","4069.00000000","2024-05-25T19:35:06.012Z","sell",
"0.16993000","876.40000000","2024-05-25T19:35:03.875Z","sell",
"0.16993000","1048.60000000","2024-05-25T19:35:03.875Z","sell",
"0.16993000","567.10000000","2024-05-25T19:35:03.827Z","sell",
"0.16993000","693.10000000","2024-05-25T19:35:03.827Z","sell",
"0.16993000","522.50000000","2024-05-25T19:35:03.819Z","sell",
"0.16992000","1228.00000000","2024-05-25T19:35:03.819Z","sell",
"0.16992000","132.50000000","2024-05-25T19:35:03.807Z","sell",
"0.16990000","6165.20000000","2024-05-25T19:35:03.648Z","sell",
"0.16989000","1208.10000000","2024-05-25T19:35:03.629Z","sell",
"0.16989000","3199.10000000","2024-05-25T19:35:03.629Z","sell",
"0.16989000","6.00000000","2024-05-25T19:35:03.629Z","sell",
"0.16989000","2339.00000000","2024-05-25T19:35:03.629Z","sell",
"0.16989000","2729.10000000","2024-05-25T19:35:03.629Z","sell",
"0.16989000","3962.70000000","2024-05-25T19:35:03.629Z","sell",
"0.16989000","5627.20000000","2024-05-25T19:35:03.628Z","sell",
"0.16989000","1038.70000000","2024-05-25T19:35:03.628Z","sell",
"0.16985000","23.90000000","2024-05-25T19:35:02.983Z","buy",
"0.16988000","5.80000000","2024-05-25T19:35:02.983Z","buy",
"0.16988000","59.30000000","2024-05-25T19:35:02.965Z","buy",
"0.16985000","107.00000000","2024-05-25T19:35:02.805Z","buy",
"0.16985000","59.40000000","2024-05-25T19:35:02.769Z","buy",
"0.16989000","577.00000000","2024-05-25T19:35:02.566Z","sell",
"0.16989000","905.70000000","2024-05-25T19:35:00.954Z","sell",
"0.16988000","1615.70000000","2024-05-25T19:35:00.954Z","sell",
"0.16983000","1046.00000000","2024-05-25T19:34:59.304Z","buy",
"0.16985000","14.50000000","2024-05-25T19:34:59.304Z","buy",
"0.16986000","50.00000000","2024-05-25T19:34:57.954Z","sell",
"0.16986000","286.10000000","2024-05-25T19:34:57.751Z","sell",
"0.16987000","3501.90000000","2024-05-25T19:34:56.589Z","buy",
"0.16988000","126.80000000","2024-05-25T19:34:56.589Z","buy",
"0.16990000","158.60000000","2024-05-25T19:34:51.614Z","sell",
"0.16990000","232.10000000","2024-05-25T19:34:51.369Z","sell",
"0.16987000","6.00000000","2024-05-25T19:34:50.330Z","sell",
"0.16987000","10173.90000000","2024-05-25T19:34:50.330Z","sell",
"0.16987000","4389.10000000","2024-05-25T19:34:50.328Z","sell",
"0.16987000","100.00000000","2024-05-25T19:34:50.052Z","sell",
"0.16985000","1615.70000000","2024-05-25T19:34:48.373Z","sell",
"0.16985000","4949.00000000","2024-05-25T19:34:48.373Z","sell",
"0.16985000","1361.10000000","2024-05-25T19:34:48.373Z","sell",
"0.16983000","6.00000000","2024-05-25T19:34:48.373Z","sell",
"0.16981000","509.00000000","2024-05-25T19:34:46.574Z","buy",
"0.16982000","79.80000000","2024-05-25T19:34:46.574Z","buy",
"0.16983000","6.00000000","2024-05-25T19:34:45.326Z","sell",
"0.16983000","6.00000000","2024-05-25T19:34:45.326Z","sell",
"0.16983000","783.50000000","2024-05-25T19:34:45.326Z","sell",
"0.16983000","4159.50000000","2024-05-25T19:34:45.325Z","sell",
"0.16982000","11778.60000000","2024-05-25T19:34:45.324Z","sell",
"0.16982000","100.00000000","2024-05-25T19:34:44.249Z","sell",
"0.16980000","43.60000000","2024-05-25T19:34:41.355Z","buy",
"0.16981000","14.40000000","2024-05-25T19:34:40.741Z","sell",
"0.16980000","1556.90000000","2024-05-25T19:34:40.671Z","buy",
"0.16980000","1014.00000000","2024-05-25T19:34:40.671Z","buy",
"0.16981000","14.40000000","2024-05-25T19:34:40.526Z","buy",
"0.16982000","14.50000000","2024-05-25T19:34:38.160Z","sell",
"0.16981000","1556.90000000","2024-05-25T19:34:38.126Z","buy",
"0.16983000","29.00000000","2024-05-25T19:34:37.911Z","sell",
"0.16983000","14.50000000","2024-05-25T19:34:37.488Z","sell",
"0.16983000","1556.90000000","2024-05-25T19:34:37.259Z","buy",
"0.16983000","2721.20000000","2024-05-25T19:34:37.259Z","buy",
"0.16984000","19350.00000000","2024-05-25T19:34:37.259Z","buy",
"0.16985000","14.50000000","2024-05-25T19:34:37.259Z","buy",
"0.16985000","6202.90000000","2024-05-25T19:34:37.259Z","buy",
"0.16986000","100.00000000","2024-05-25T19:34:36.178Z","sell",
"0.16986000","14.40000000","2024-05-25T19:34:35.878Z","sell",
"0.16986000","43.50000000","2024-05-25T19:34:35.445Z","sell",
"0.16986000","5868.80000000","2024-05-25T19:34:35.005Z","buy",
"0.16986000","4500.00000000","2024-05-25T19:34:35.005Z","buy",
"0.16988000","1556.90000000","2024-05-25T19:34:35.005Z","buy",
"0.16988000","694.80000000","2024-05-25T19:34:35.001Z","buy",
"0.16988000","10982.20000000","2024-05-25T19:34:35.001Z","buy",
"0.16988000","1615.70000000","2024-05-25T19:34:35.001Z","buy",
"0.16992000","1439.20000000","2024-05-25T19:34:34.997Z","buy",
"0.16993000","14.50000000","2024-05-25T19:34:33.868Z","sell",
"0.16993000","86.90000000","2024-05-25T19:34:33.413Z","sell",
"0.16992000","117.70000000","2024-05-25T19:34:33.291Z","buy",
"0.16993000","28.90000000","2024-05-25T19:34:30.652Z","sell",
"0.16993000","14.50000000","2024-05-25T19:34:29.434Z","sell",
"0.16993000","14.50000000","2024-05-25T19:34:28.897Z","buy",
"0.16993000","1556.90000000","2024-05-25T19:34:28.897Z","buy",
"0.16994000","14.50000000","2024-05-25T19:34:28.262Z","sell",
"0.16994000","217.30000000","2024-05-25T19:34:27.815Z","sell",
"0.16992000","1149.20000000","2024-05-25T19:34:24.956Z","buy",
"0.16993000","43.40000000","2024-05-25T19:34:24.956Z","buy",
"0.16994000","100.00000000","2024-05-25T19:34:22.305Z","sell",
"0.16989000","1444.60000000","2024-05-25T19:34:20.241Z","buy",
"0.16992000","1556.90000000","2024-05-25T19:34:20.241Z","buy",
"0.16993000","43.40000000","2024-05-25T19:34:20.241Z","buy",
"0.16993000","14.50000000","2024-05-25T19:34:17.425Z","sell",
"0.16993000","11819.90000000","2024-05-25T19:34:17.358Z","buy",
"0.16994000","9539.80000000","2024-05-25T19:34:17.308Z","buy",
"0.16995000","1615.70000000","2024-05-25T19:34:17.308Z","buy",
"0.16995000","1197.10000000","2024-05-25T19:34:17.308Z","buy",
"0.16997000","0.10000000","2024-05-25T19:34:17.300Z","buy",
"0.16997000","2717.40000000","2024-05-25T19:34:17.300Z","buy",
"0.16998000","1542.30000000","2024-05-25T19:34:17.300Z","buy",
"0.16998000","14.60000000","2024-05-25T19:34:15.609Z","buy",
"0.17002000","1556.90000000","2024-05-25T19:34:15.278Z","buy",
"0.17004000","3155.50000000","2024-05-25T19:34:14.002Z","sell",
"0.17004000","1615.70000000","2024-05-25T19:34:14.002Z","sell",
"0.17004000","3354.60000000","2024-05-25T19:34:14.002Z","sell",
"0.17004000","1361.20000000","2024-05-25T19:34:14.002Z","sell",
"0.17003000","6315.00000000","2024-05-25T19:34:14.002Z","sell",
"0.17003000","1615.70000000","2024-05-25T19:34:13.679Z","sell",
"0.16999000","6.00000000","2024-05-25T19:34:13.598Z","sell",
"0.16999000","2502.00000000","2024-05-25T19:34:13.598Z","sell",
"0.16998000","100.00000000","2024-05-25T19:34:11.841Z","buy",
"0.16999000","1137.00000000","2024-05-25T19:34:08.043Z","sell",
"0.17000000","1361.10000000","2024-05-25T19:34:07.872Z","sell",
"0.16999000","6230.90000000","2024-05-25T19:34:07.855Z","sell",
"0.16997000","2904.60000000","2024-05-25T19:34:07.844Z","sell",
"0.16997000","6439.40000000","2024-05-25T19:34:07.843Z","sell",
"0.16997000","817.00000000","2024-05-25T19:34:07.843Z","sell",
"0.16997000","7203.00000000","2024-05-25T19:34:07.843Z","sell",
"0.16997000","137.00000000","2024-05-25T19:34:07.816Z","sell",
"0.16996000","8.00000000","2024-05-25T19:34:06.692Z","sell",
"0.16996000","6.00000000","2024-05-25T19:34:06.692Z","sell",
"0.16996000","282.10000000","2024-05-25T19:34:06.692Z","sell",
"0.16996000","57.90000000","2024-05-25T19:34:06.165Z","sell",
"0.16994000","100.00000000","2024-05-25T19:34:05.450Z","buy",
"0.16996000","115.90000000","2024-05-25T19:34:05.129Z","buy",
"0.16996000","2068.50000000","2024-05-25T19:34:05.129Z","buy",
"0.16996000","6.00000000","2024-05-25T19:34:03.463Z","sell",
"0.16996000","8236.00000000","2024-05-25T19:34:03.463Z","sell",
"0.16993000","101.40000000","2024-05-25T19:34:02.151Z","sell",
"0.16993000","101.40000000","2024-05-25T19:34:01.921Z","buy",
"0.16993000","1968.50000000","2024-05-25T19:34:01.921Z","buy",
"0.16995000","35.30000000","2024-05-25T19:34:01.244Z","sell",
"0.16995000","490.90000000","2024-05-25T19:34:00.720Z","sell",
"0.16993000","100.00000000","2024-05-25T19:33:59.165Z","buy",
"0.16993000","959.80000000","2024-05-25T19:33:55.672Z","sell",
"0.16988000","100.00000000","2024-05-25T19:33:53.544Z","buy",
"0.16992000","29.00000000","2024-05-25T19:33:53.472Z","buy",
"0.16992000","2068.50000000","2024-05-25T19:33:53.472Z","buy",
"0.16991000","14.40000000","2024-05-25T19:33:52.120Z","sell",
"0.16987000","253.80000000","2024-05-25T19:33:52.102Z","buy",
"0.16988000","35.30000000","2024-05-25T19:33:52.102Z","buy",
"0.16989000","6226.50000000","2024-05-25T19:33:52.102Z","buy",
"0.16989000","35.30000000","2024-05-25T19:33:52.102Z","buy",
"0.16989000","35.30000000","2024-05-25T19:33:52.102Z","buy",
"0.16990000","2068.50000000","2024-05-25T19:33:52.102Z","buy",
"0.16992000","70.80000000","2024-05-25T19:33:51.695Z","sell",
"0.16991000","14.50000000","2024-05-25T19:33:51.528Z","sell",
"0.16991000","14.50000000","2024-05-25T19:33:51.155Z","sell",
"0.16992000","43.40000000","2024-05-25T19:33:50.778Z","sell",
"0.16992000","2068.50000000","2024-05-25T19:33:50.695Z","buy",
"0.16990000","70.80000000","2024-05-25T19:33:49.500Z","buy",
"0.16991000","29.20000000","2024-05-25T19:33:49.500Z","buy",
"0.16992000","14.40000000","2024-05-25T19:33:49.012Z","sell",
"0.16992000","14.40000000","2024-05-25T19:33:48.458Z","buy",
"0.16992000","2068.50000000","2024-05-25T19:33:48.458Z","buy",
"0.16990000","4.10000000","2024-05-25T19:33:47.625Z","buy",
"0.16992000","14.40000000","2024-05-25T19:33:47.625Z","buy",
"0.16994000","29.00000000","2024-05-25T19:33:46.732Z","sell",
"0.16990000","6.50000000","2024-05-25T19:33:46.606Z","buy",
"0.16994000","2068.50000000","2024-05-25T19:33:46.515Z","buy",
"0.16996000","57.90000000","2024-05-25T19:33:46.370Z","sell",
"0.16996000","2068.50000000","2024-05-25T19:33:45.889Z","buy",
"0.16995000","1615.70000000","2024-05-25T19:33:45.206Z","sell",
"0.16994000","3655.20000000","2024-05-25T19:33:45.206Z","sell",
"0.16990000","207.20000000","2024-05-25T19:33:44.438Z","buy",
"0.16990000","35.30000000","2024-05-25T19:33:44.438Z","buy",
"0.16990000","35.30000000","2024-05-25T19:33:44.438Z","buy",
"0.16991000","233.10000000","2024-05-25T19:33:44.438Z","buy",
"0.16991000","35.30000000","2024-05-25T19:33:44.438Z","buy",
"0.16991000","35.30000000","2024-05-25T19:33:44.438Z","buy",
"0.16992000","29.00000000","2024-05-25T19:33:44.438Z","buy",
"0.16994000","4.80000000","2024-05-25T19:33:43.340Z","sell",
"0.16994000","6.00000000","2024-05-25T19:33:43.340Z","sell",
"0.16993000","14.50000000","2024-05-25T19:33:43.088Z","buy",
"0.16993000","2068.50000000","2024-05-25T19:33:43.088Z","buy",
"0.16995000","115.80000000","2024-05-25T19:33:42.220Z","sell",
"0.16995000","2068.50000000","2024-05-25T19:33:42.085Z","buy",
"0.16995000","6.00000000","2024-05-25T19:33:39.799Z","sell",
"0.16995000","6.00000000","2024-05-25T19:33:39.799Z","sell",
"0.16995000","2068.50000000","2024-05-25T19:33:38.166Z","buy",
"0.16996000","14.50000000","2024-05-25T19:33:38.166Z","buy",
"0.16997000","2231.10000000","2024-05-25T19:33:37.682Z","sell",
"0.16994000","3316.00000000","2024-05-25T19:33:37.618Z","sell",
"0.16993000","2683.30000000","2024-05-25T19:33:37.612Z","sell",
"0.16993000","17309.70000000","2024-05-25T19:33:37.611Z","sell",
"0.16993000","1590.90000000","2024-05-25T19:33:37.611Z","sell",
"0.16993000","2280.40000000","2024-05-25T19:33:37.611Z","sell",
"0.16993000","2171.10000000","2024-05-25T19:33:37.610Z","sell",
"0.16992000","14.50000000","2024-05-25T19:33:37.509Z","sell",
"0.16993000","14.50000000","2024-05-25T19:33:36.951Z","sell",
"0.16993000","34.00000000","2024-05-25T19:33:36.798Z","sell",
"0.16992000","1615.60000000","2024-05-25T19:33:36.743Z","buy",
"0.16992000","3132.10000000","2024-05-25T19:33:36.743Z","buy",
"0.16992000","35.30000000","2024-05-25T19:33:36.743Z","buy",
"0.16994000","35.30000000","2024-05-25T19:33:36.743Z","buy",
"0.16999000","2068.50000000","2024-05-25T19:33:36.623Z","buy",
"0.16995000","14889.60000000","2024-05-25T19:33:36.009Z","buy",
"0.16996000","10608.90000000","2024-05-25T19:33:36.009Z","buy",
"0.16996000","4000.00000000","2024-05-25T19:33:36.009Z","buy",
"0.16996000","4215.90000000","2024-05-25T19:33:36.009Z","buy",
"0.16996000","4500.00000000","2024-05-25T19:33:36.009Z","buy",
"0.16997000","2645.60000000","2024-05-25T19:33:36.009Z","buy",
"0.16997000","7660.40000000","2024-05-25T19:33:36.009Z","buy",
"0.16997000","1197.10000000","2024-05-25T19:33:36.009Z","buy",
"0.16997000","35.30000000","2024-05-25T19:33:36.009Z","buy",
"0.16997000","35.30000000","2024-05-25T19:33:36.009Z","buy",
"0.16998000","1584.90000000","2024-05-25T19:33:36.009Z","buy",
"0.16998000","1615.70000000","2024-05-25T19:33:36.009Z","buy",
"0.16999000","3122.50000000","2024-05-25T19:33:36.009Z","buy",
"0.16999000","35.30000000","2024-05-25T19:33:36.009Z","buy",
"0.17000000","2068.50000000","2024-05-25T19:33:36.009Z","buy",
"0.17000000","1047.40000000","2024-05-25T19:33:36.009Z","buy",
"0.17000000","6.60000000","2024-05-25T19:33:36.009Z","buy",
"0.17003000","2068.50000000","2024-05-25T19:33:34.942Z","buy",
"0.17006000","2068.50000000","2024-05-25T19:33:33.123Z","buy",
"0.17006000","6211.90000000","2024-05-25T19:33:33.123Z","buy",
"0.17007000","50.00000000","2024-05-25T19:33:31.502Z","sell",
"0.17007000","1.00000000","2024-05-25T19:33:30.667Z","sell",
"0.17008000","2068.50000000","2024-05-25T19:33:30.182Z","buy",
"0.17010000","14.50000000","2024-05-25T19:33:28.422Z","sell",
"0.17010000","2068.50000000","2024-05-25T19:33:28.329Z","buy",
"0.17012000","14.40000000","2024-05-25T19:33:27.930Z","sell",
"0.17011000","5487.90000000","2024-05-25T19:33:27.773Z","buy",
"0.17013000","2068.50000000","2024-05-25T19:33:27.734Z","buy",
"0.17015000","1493.10000000","2024-05-25T19:33:27.426Z","buy",
"0.17015000","575.40000000","2024-05-25T19:33:27.425Z","buy",
"0.17016000","2068.50000000","2024-05-25T19:33:26.898Z","buy",
"0.17018000","4304.70000000","2024-05-25T19:33:26.851Z","buy",
"0.17018000","2407.50000000","2024-05-25T19:33:26.484Z","buy",
"0.17019000","2068.50000000","2024-05-25T19:33:26.484Z","buy",
"0.17022000","21.20000000","2024-05-25T19:33:26.227Z","sell",
"0.17022000","4402.20000000","2024-05-25T19:33:26.199Z","sell",
"0.17022000","14685.80000000","2024-05-25T19:33:26.199Z","sell",
"0.17022000","4500.00000000","2024-05-25T19:33:26.199Z","sell",
"0.17021000","6.00000000","2024-05-25T19:33:26.199Z","sell",
"0.17021000","5171.40000000","2024-05-25T19:33:26.199Z","sell",
"0.17021000","5938.90000000","2024-05-25T19:33:26.199Z","sell",
"0.17021000","18274.90000000","2024-05-25T19:33:26.199Z","sell",
"0.17021000","152.10000000","2024-05-25T19:33:25.727Z","sell",
"0.17021000","1404.50000000","2024-05-25T19:33:25.727Z","sell",
"0.17021000","1202.10000000","2024-05-25T19:33:25.727Z","sell",
"0.17020000","4500.00000000","2024-05-25T19:33:25.727Z","sell",
"0.17021000","50.00000000","2024-05-25T19:33:25.637Z","sell",
"0.17021000","2717.50000000","2024-05-25T19:33:24.622Z","buy",
"0.17022000","4821.10000000","2024-05-25T19:33:24.603Z","buy",
"0.17022000","2068.50000000","2024-05-25T19:33:24.603Z","buy",
"0.17023000","1174.20000000","2024-05-25T19:33:24.603Z","buy",
"0.17025000","1694.80000000","2024-05-25T19:33:22.951Z","sell",
"0.17025000","2235.70000000","2024-05-25T19:33:22.951Z","sell",
"0.17025000","2680.30000000","2024-05-25T19:33:22.951Z","sell",
"0.17025000","1360.90000000","2024-05-25T19:33:22.951Z","sell",
"0.17025000","1478.70000000","2024-05-25T19:33:22.951Z","sell",
"0.17025000","137.00000000","2024-05-25T19:33:22.905Z","sell",
"0.17025000","6.00000000","2024-05-25T19:33:22.905Z","sell",
"0.17025000","1670.00000000","2024-05-25T19:33:22.905Z","sell",
"0.17019000","2781.70000000","2024-05-25T19:33:22.751Z","sell",
"0.17019000","2942.30000000","2024-05-25T19:33:22.750Z","sell",
"0.17019000","6.00000000","2024-05-25T19:33:22.750Z","sell",
"0.17019000","7695.20000000","2024-05-25T19:33:22.750Z","sell",
"0.17019000","4891.80000000","2024-05-25T19:33:22.750Z","sell",
"0.17019000","4452.00000000","2024-05-25T19:33:22.750Z","sell",
"0.17016000","900.00000000","2024-05-25T19:33:18.769Z","buy",
"0.17019000","100.00000000","2024-05-25T19:33:18.506Z","sell",
"0.17016000","100.00000000","2024-05-25T19:33:17.638Z","buy",
"0.17017000","4500.00000000","2024-05-25T19:33:17.398Z","sell",
"0.17016000","168.70000000","2024-05-25T19:33:16.205Z","buy",
"0.17016000","2068.50000000","2024-05-25T19:33:16.205Z","buy",
"0.17019000","61.90000000","2024-05-25T19:33:14.369Z","buy",
"0.17021000","1755.00000000","2024-05-25T19:33:13.994Z","sell",
"0.17021000","6.00000000","2024-05-25T19:33:13.994Z","sell",
"0.17019000","44857.00000000","2024-05-25T19:33:13.765Z","sell",
"0.17018000","622.00000000","2024-05-25T19:33:13.765Z","sell",
"0.17018000","993.70000000","2024-05-25T19:33:13.764Z","sell",
"0.17017000","6345.10000000","2024-05-25T19:33:13.764Z","sell",
"0.17016000","379.30000000","2024-05-25T19:33:13.501Z","buy",
"0.17018000","2068.50000000","2024-05-25T19:33:13.263Z","buy",
"0.17019000","587.10000000","2024-05-25T19:33:13.263Z","buy",
"0.17020000","4500.00000000","2024-05-25T19:33:12.356Z","buy",
"0.17020000","4500.00000000","2024-05-25T19:33:12.356Z","buy",
"0.17021000","5583.70000000","2024-05-25T19:33:12.355Z","buy",
"0.17021000","3815.90000000","2024-05-25T19:33:12.354Z","buy",
"0.17021000","2000.00000000","2024-05-25T19:33:12.354Z","buy",
"0.17021000","7247.50000000","2024-05-25T19:33:12.354Z","buy",
"0.17022000","4844.20000000","2024-05-25T19:33:12.354Z","buy",
"0.17022000","5155.80000000","2024-05-25T19:33:12.354Z","buy",
"0.17024000","2000.00000000","2024-05-25T19:33:12.353Z","buy",
"0.17024000","2068.50000000","2024-05-25T19:33:12.338Z","buy",
"0.17025000","11.60000000","2024-05-25T19:33:11.333Z","sell",
"0.17023000","9398.80000000","2024-05-25T19:33:11.186Z","buy",
"0.17023000","642.20000000","2024-05-25T19:33:11.186Z","buy",
"0.17024000","2068.50000000","2024-05-25T19:33:11.186Z","buy",