"price","volume","time","side","orderType"
"6.16200000","0.45000000","2024-06-14T23:08:22.751Z","buy","taker"
"6.18200000","5.31000000","2024-06-14T22:02:01.922Z","sell","maker"
"6.19200000","11.85000000","2024-06-14T22:01:59.938Z","sell","maker"
"6.20100000","1.16000000","2024-06-14T21:54:34.030Z","sell","maker"
"6.20300000","9.72000000","2024-06-14T21:54:06.015Z","buy","taker"
"6.20000000","1.00000000","2024-06-14T21:54:02.824Z","buy","taker"
"6.19300000","49.31000000","2024-06-14T21:53:19.070Z","sell","maker"
"6.16000000","53.29000000","2024-06-14T21:44:45.457Z","buy","taker"
"6.17400000","8.07000000","2024-06-14T21:44:06.548Z","buy","taker"
"6.19100000","2.95000000","2024-06-14T21:37:11.582Z","buy","taker"
"6.18900000","2.67000000","2024-06-14T21:37:03.055Z","buy","taker"
"6.17900000","6.39000000","2024-06-14T21:36:34.398Z","sell","maker"
"6.18000000","24.96000000","2024-06-14T21:36:30.922Z","buy","taker"
"6.18000000","3.24000000","2024-06-14T21:36:30.922Z","buy","taker"
"6.16400000","5.59000000","2024-06-14T21:36:07.549Z","buy","taker"
"6.15500000","0.86000000","2024-06-14T21:31:46.364Z","sell","maker"
"6.15600000","23.78000000","2024-06-14T21:31:28.704Z","buy","taker"
"6.15400000","1.87000000","2024-06-14T21:31:19.629Z","buy","taker"
"6.15400000","2.97000000","2024-06-14T21:31:19.629Z","buy","taker"
"6.15000000","2.66000000","2024-06-14T21:31:13.187Z","buy","taker"
"6.14600000","10.99000000","2024-06-14T21:31:09.563Z","buy","taker"
"6.14700000","4.08000000","2024-06-14T21:31:09.563Z","buy","taker"
"6.11400000","185.43000000","2024-06-14T21:23:52.119Z","buy","taker"
"6.11400000","9.47000000","2024-06-14T21:23:52.119Z","buy","taker"
"6.09400000","1.31000000","2024-06-14T21:08:10.544Z","buy","taker"
"6.08900000","9.92000000","2024-06-14T20:58:25.438Z","sell","maker"
"6.08900000","1.40000000","2024-06-14T20:58:24.836Z","sell","maker"
"6.09100000","21.81000000","2024-06-14T20:58:18.057Z","sell","maker"
"6.09100000","1.43000000","2024-06-14T20:58:17.456Z","sell","maker"
"6.10900000","11.15000000","2024-06-14T20:48:18.496Z","sell","maker"
"6.12600000","0.01000000","2024-06-14T20:38:48.700Z","sell","maker"
"6.12600000","18.05000000","2024-06-14T20:38:43.227Z","sell","maker"
"6.13900000","0.26000000","2024-06-14T20:29:58.202Z","sell","maker"
"6.14400000","20.22000000","2024-06-14T20:28:08.131Z","buy","taker"
"6.14400000","8.99000000","2024-06-14T20:28:08.131Z","buy","taker"
"6.11100000","5.00000000","2024-06-14T20:15:32.069Z","sell","maker"
"6.10300000","4.19000000","2024-06-14T20:10:02.448Z","sell","maker"
"6.10600000","18.93000000","2024-06-14T20:09:47.238Z","sell","maker"
"6.10600000","0.88000000","2024-06-14T20:08:21.416Z","sell","maker"
"6.11500000","23.12000000","2024-06-14T20:01:18.915Z","buy","taker"
"6.09600000","27.60000000","2024-06-14T19:38:13.583Z","buy","taker"
"6.09600000","21.07000000","2024-06-14T19:38:13.583Z","buy","taker"
"6.09600000","115.37000000","2024-06-14T19:38:13.583Z","buy","taker"
"6.10600000","5.71000000","2024-06-14T19:30:23.040Z","sell","maker"
"6.10500000","0.99000000","2024-06-14T19:30:23.040Z","sell","maker"
"6.08200000","0.54000000","2024-06-14T19:21:33.813Z","buy","taker"
"6.07600000","0.47000000","2024-06-14T19:08:21.355Z","sell","maker"
"6.08800000","7.00000000","2024-06-14T19:04:57.548Z","buy","taker"
"6.09700000","75.00000000","2024-06-14T18:56:52.169Z","buy","taker"
"6.07000000","16.47000000","2024-06-14T18:10:20.788Z","sell","maker"
"6.07600000","22.79000000","2024-06-14T18:08:13.367Z","sell","maker"
"6.11000000","3.60000000","2024-06-14T18:06:15.611Z","sell","maker"
"6.11000000","1.63000000","2024-06-14T17:42:39.665Z","sell","maker"
"6.10800000","9.17000000","2024-06-14T17:26:35.955Z","buy","taker"
"6.10200000","76.35000000","2024-06-14T17:20:05.675Z","sell","maker"
"6.10200000","86.73000000","2024-06-14T17:20:05.675Z","sell","maker"
"6.11800000","10.77000000","2024-06-14T17:19:05.832Z","buy","taker"
"6.10000000","3.02000000","2024-06-14T17:08:22.178Z","sell","maker"
"6.09800000","6.60000000","2024-06-14T17:02:33.481Z","sell","maker"
"6.09800000","3.40000000","2024-06-14T17:02:31.678Z","sell","maker"
"6.10300000","24.56000000","2024-06-14T17:02:07.117Z","sell","maker"
"6.11700000","12.28000000","2024-06-14T17:00:13.281Z","sell","maker"
"6.12900000","6.48000000","2024-06-14T16:57:09.146Z","buy","taker"
"6.11400000","10.39000000","2024-06-14T16:53:10.744Z","sell","maker"
"6.11000000","23.82000000","2024-06-14T16:49:31.599Z","buy","taker"
"6.09900000","0.18000000","2024-06-14T16:35:56.058Z","sell","maker"
"6.09800000","25.60000000","2024-06-14T16:29:11.442Z","sell","maker"
"6.10000000","1.00000000","2024-06-14T16:29:11.333Z","sell","maker"
"6.10500000","5.32000000","2024-06-14T16:28:39.462Z","sell","maker"
"6.13000000","3.78000000","2024-06-14T16:22:13.150Z","buy","taker"
"6.13000000","1.84000000","2024-06-14T16:22:12.862Z","buy","taker"
"6.13000000","2.20000000","2024-06-14T16:22:12.347Z","buy","taker"
"6.13200000","5.70000000","2024-06-14T16:21:27.370Z","buy","taker"
"6.13700000","6.47000000","2024-06-14T16:20:31.551Z","buy","taker"
"6.12100000","1.86000000","2024-06-14T16:19:02.700Z","buy","taker"
"6.12100000","1.88000000","2024-06-14T16:19:01.341Z","buy","taker"
"6.11700000","1.06000000","2024-06-14T16:19:01.223Z","buy","taker"
"6.12100000","0.74000000","2024-06-14T16:19:01.223Z","buy","taker"
"6.11700000","1.94000000","2024-06-14T16:18:59.414Z","buy","taker"
"6.11200000","25.42000000","2024-06-14T16:18:45.460Z","buy","taker"
"6.09000000","8.11000000","2024-06-14T16:17:05.674Z","sell","maker"
"6.06300000","1.64000000","2024-06-14T16:14:22.566Z","sell","maker"
"6.10200000","2.01000000","2024-06-14T16:14:01.166Z","buy","taker"
"6.10300000","3.51000000","2024-06-14T16:13:37.430Z","buy","taker"
"6.11300000","3.60000000","2024-06-14T16:13:27.128Z","buy","taker"
"6.07800000","20.22000000","2024-06-14T16:13:07.811Z","sell","maker"
"6.07900000","4.88000000","2024-06-14T16:13:06.704Z","sell","maker"
"6.08000000","5.05000000","2024-06-14T16:13:04.783Z","sell","maker"
"6.11600000","2.63000000","2024-06-14T16:12:54.031Z","buy","taker"
"6.11600000","2.58000000","2024-06-14T16:12:53.436Z","buy","taker"
"6.11600000","2.26000000","2024-06-14T16:12:50.628Z","buy","taker"
"6.08200000","58.59000000","2024-06-14T16:10:12.884Z","sell","maker"
"6.08200000","24.83000000","2024-06-14T16:10:12.863Z","buy","taker"
"6.08200000","24.83000000","2024-06-14T16:10:12.863Z","buy","taker"
"6.05500000","8.42000000","2024-06-14T16:09:31.993Z","buy","taker"
"6.00800000","11.24000000","2024-06-14T16:09:28.479Z","sell","maker"
"6.01000000","8.31000000","2024-06-14T16:09:28.373Z","sell","maker"
"6.01500000","3.34000000","2024-06-14T16:09:26.955Z","sell","maker"
"6.01800000","23.78000000","2024-06-14T16:09:26.815Z","sell","maker"
"6.03000000","90.44000000","2024-06-14T16:09:26.396Z","sell","maker"
"6.03300000","3.00000000","2024-06-14T16:09:26.112Z","sell","maker"
"6.04200000","25.53000000","2024-06-14T16:09:25.460Z","sell","maker"
"6.05600000","6.38000000","2024-06-14T16:09:22.440Z","sell","maker"
"6.11200000","2.76000000","2024-06-14T16:08:56.123Z","buy","taker"
"6.04700000","33.08000000","2024-06-14T16:08:34.645Z","sell","maker"
"6.05000000","19.84000000","2024-06-14T16:08:34.221Z","sell","maker"
"6.05400000","3.32000000","2024-06-14T16:08:33.298Z","sell","maker"
"6.05500000","10.54000000","2024-06-14T16:08:33.190Z","sell","maker"
"6.06400000","9.94000000","2024-06-14T16:08:31.278Z","sell","maker"
"6.06900000","2.98000000","2024-06-14T16:08:30.314Z","sell","maker"
"6.07000000","62.33000000","2024-06-14T16:08:29.693Z","sell","maker"
"6.08900000","26.24000000","2024-06-14T16:08:24.305Z","sell","maker"
"6.09200000","3.30000000","2024-06-14T16:08:22.621Z","sell","maker"
"6.14900000","0.90000000","2024-06-14T16:08:21.957Z","buy","taker"
"6.15000000","4.63000000","2024-06-14T16:08:19.939Z","buy","taker"
"6.09900000","11.24000000","2024-06-14T16:08:16.126Z","sell","maker"
"6.09700000","2.20000000","2024-06-14T16:08:16.126Z","sell","maker"
"6.10000000","0.25000000","2024-06-14T16:08:16.019Z","sell","maker"
"6.10000000","0.45000000","2024-06-14T16:08:16.019Z","sell","maker"
"6.10100000","5.59000000","2024-06-14T16:08:15.450Z","sell","maker"
"6.10600000","2.96000000","2024-06-14T16:08:15.131Z","sell","maker"
"6.11100000","23.42000000","2024-06-14T16:08:09.686Z","sell","maker"
"6.11300000","9.67000000","2024-06-14T16:08:09.321Z","sell","maker"
"6.11300000","44.08000000","2024-06-14T16:08:09.321Z","sell","maker"
"6.12000000","4.65000000","2024-06-14T16:08:07.542Z","sell","maker"
"6.12200000","33.47000000","2024-06-14T16:08:06.521Z","sell","maker"
"6.12600000","5.52000000","2024-06-14T16:08:05.676Z","sell","maker"
"6.13100000","3.27000000","2024-06-14T16:08:04.703Z","sell","maker"
"6.13100000","6.11000000","2024-06-14T16:08:04.703Z","sell","maker"
"6.13600000","25.53000000","2024-06-14T16:08:04.312Z","sell","maker"
"6.14000000","1.12000000","2024-06-14T16:08:03.948Z","sell","maker"
"6.14300000","2.94000000","2024-06-14T16:08:02.187Z","sell","maker"
"6.14300000","2.73000000","2024-06-14T16:08:02.187Z","sell","maker"
"6.15700000","9.94000000","2024-06-14T16:07:57.357Z","sell","maker"
"6.17300000","0.47000000","2024-06-14T16:07:44.079Z","buy","taker"
"6.17300000","0.44000000","2024-06-14T16:07:37.669Z","buy","taker"
"6.17800000","1.16000000","2024-06-14T16:06:32.039Z","buy","taker"
"6.16400000","5.54000000","2024-06-14T16:06:09.743Z","sell","maker"
"6.16500000","9.97000000","2024-06-14T16:06:09.628Z","sell","maker"
"6.16900000","3.25000000","2024-06-14T16:06:08.199Z","sell","maker"
"6.16900000","5.41000000","2024-06-14T16:06:08.199Z","sell","maker"
"6.17700000","1.62000000","2024-06-14T16:05:55.124Z","sell","maker"
"6.18000000","2.93000000","2024-06-14T16:05:38.882Z","sell","maker"
"6.18300000","26.24000000","2024-06-14T16:05:35.319Z","sell","maker"
"6.20400000","3.86000000","2024-06-14T16:04:43.977Z","buy","taker"
"6.19300000","4.17000000","2024-06-14T16:04:41.271Z","sell","maker"
"6.19300000","9.82000000","2024-06-14T16:04:41.271Z","sell","maker"
"6.19100000","11.24000000","2024-06-14T16:04:41.271Z","sell","maker"
"6.19700000","20.00000000","2024-06-14T16:04:38.929Z","sell","maker"
"6.19900000","2.72000000","2024-06-14T16:04:34.347Z","sell","maker"
"6.22300000","1.60000000","2024-06-14T16:03:50.908Z","buy","taker"
"6.21000000","2.84000000","2024-06-14T15:49:44.467Z","buy","taker"
"6.20000000","55.21000000","2024-06-14T15:49:28.390Z","sell","maker"
"6.20300000","1.91000000","2024-06-14T15:49:28.167Z","sell","maker"
"6.20500000","23.06000000","2024-06-14T15:48:40.110Z","sell","maker"
"6.20800000","3.23000000","2024-06-14T15:48:38.780Z","sell","maker"
"6.22000000","0.86000000","2024-06-14T15:48:32.248Z","buy","taker"
"6.22600000","2.72000000","2024-06-14T15:47:20.366Z","buy","taker"
"6.21800000","2.91000000","2024-06-14T15:47:04.004Z","sell","maker"
"6.21800000","1.60000000","2024-06-14T15:47:04.004Z","sell","maker"
"6.21900000","2.50000000","2024-06-14T15:47:01.373Z","sell","maker"
"6.23900000","1.03000000","2024-06-14T15:46:08.324Z","buy","taker"
"6.22900000","5.48000000","2024-06-14T15:46:03.754Z","sell","maker"
"6.23100000","25.53000000","2024-06-14T15:46:03.115Z","sell","maker"
"6.25200000","2.72000000","2024-06-14T15:44:56.274Z","buy","taker"
"6.29300000","2.72000000","2024-06-14T15:32:19.841Z","sell","maker"
"6.26500000","5.57000000","2024-06-14T15:18:33.636Z","buy","taker"
"6.25300000","0.94000000","2024-06-14T15:08:27.014Z","buy","taker"
"6.25400000","2.72000000","2024-06-14T15:08:20.002Z","buy","taker"
"6.24700000","76.89000000","2024-06-14T15:07:35.784Z","sell","maker"
"6.28100000","136.00000000","2024-06-14T15:00:28.475Z","sell","maker"
"6.29700000","1.03000000","2024-06-14T14:53:19.494Z","sell","maker"
"6.29000000","15.71000000","2024-06-14T14:52:47.006Z","buy","taker"
"6.29000000","3.68000000","2024-06-14T14:52:24.855Z","buy","taker"
"6.29000000","1.79000000","2024-06-14T14:52:24.575Z","buy","taker"
"6.29000000","2.15000000","2024-06-14T14:52:24.198Z","buy","taker"
"6.29000000","2.18000000","2024-06-14T14:51:53.928Z","buy","taker"
"6.29000000","2.51000000","2024-06-14T14:51:53.820Z","buy","taker"
"6.29000000","2.56000000","2024-06-14T14:51:53.780Z","buy","taker"
"6.29000000","3.48000000","2024-06-14T14:51:52.798Z","buy","taker"
"6.29000000","3.41000000","2024-06-14T14:51:52.581Z","buy","taker"
"6.29000000","1.89000000","2024-06-14T14:51:46.095Z","buy","taker"
"6.29000000","1.83000000","2024-06-14T14:51:44.698Z","buy","taker"
"6.29000000","1.75000000","2024-06-14T14:51:44.690Z","buy","taker"
"6.29000000","1.81000000","2024-06-14T14:51:44.000Z","buy","taker"
"6.28800000","2.72000000","2024-06-14T14:51:31.419Z","sell","maker"
"6.29000000","25.19000000","2024-06-14T14:50:59.322Z","buy","taker"
"6.29000000","3.98000000","2024-06-14T14:50:56.615Z","buy","taker"
"6.28900000","9.25000000","2024-06-14T14:50:54.933Z","buy","taker"
"6.25500000","15.98000000","2024-06-14T14:35:20.800Z","sell","maker"
"6.25500000","0.20000000","2024-06-14T14:34:43.669Z","buy","taker"
"6.24400000","1.90000000","2024-06-14T14:33:31.782Z","buy","taker"
"6.25000000","2.86000000","2024-06-14T14:32:19.755Z","buy","taker"
"6.23700000","2.73000000","2024-06-14T14:31:56.349Z","sell","maker"
"6.27000000","1.95000000","2024-06-14T14:30:36.010Z","buy","taker"
"6.27100000","0.21000000","2024-06-14T14:30:31.677Z","buy","taker"
"6.25200000","9.94000000","2024-06-14T14:27:42.135Z","sell","maker"
"6.25600000","2.89000000","2024-06-14T14:27:28.383Z","sell","maker"
"6.28400000","0.47000000","2024-06-14T14:25:30.612Z","buy","taker"
"6.27600000","77.07000000","2024-06-14T14:25:13.400Z","buy","taker"
"6.27300000","3.58000000","2024-06-14T14:23:55.454Z","buy","taker"
"6.28000000","3.87000000","2024-06-14T14:22:43.406Z","buy","taker"
"6.27700000","1.80000000","2024-06-14T14:22:29.489Z","sell","maker"
"6.27700000","5.41000000","2024-06-14T14:22:29.489Z","sell","maker"
"6.27900000","26.24000000","2024-06-14T14:22:12.893Z","sell","maker"
"6.28400000","11.22000000","2024-06-14T14:22:12.464Z","sell","maker"
"6.28700000","4.17000000","2024-06-14T14:22:05.783Z","sell","maker"
"6.29000000","2.38000000","2024-06-14T14:20:19.308Z","buy","taker"
"6.28900000","154.25000000","2024-06-14T14:20:14.930Z","buy","taker"
"6.29500000","2.72000000","2024-06-14T14:19:59.121Z","sell","maker"
"6.29400000","2.87000000","2024-06-14T14:19:59.121Z","sell","maker"
"6.29300000","5.42000000","2024-06-14T14:19:59.121Z","sell","maker"
"6.29100000","37.49000000","2024-06-14T14:19:59.121Z","sell","maker"
"6.30400000","2.43000000","2024-06-14T14:19:43.289Z","buy","taker"
"6.29900000","1.91000000","2024-06-14T14:19:35.111Z","sell","maker"
"6.30200000","22.71000000","2024-06-14T14:18:19.569Z","sell","maker"
"6.30500000","22.12000000","2024-06-14T14:18:11.491Z","sell","maker"
"6.30600000","4.35000000","2024-06-14T14:14:35.838Z","sell","maker"
"6.31400000","0.86000000","2024-06-14T14:13:44.087Z","buy","taker"
"6.32300000","4.05000000","2024-06-14T14:10:06.973Z","buy","taker"
"6.33600000","0.45000000","2024-06-14T14:08:31.882Z","buy","taker"
"6.32700000","25.53000000","2024-06-14T14:06:02.241Z","sell","maker"
"6.33400000","0.29000000","2024-06-14T14:05:55.793Z","buy","taker"
"6.34300000","5.72000000","2024-06-14T14:04:43.755Z","buy","taker"
"6.33200000","2.86000000","2024-06-14T14:04:40.475Z","sell","maker"
"6.33200000","2.73000000","2024-06-14T14:04:40.475Z","sell","maker"
"6.35200000","0.86000000","2024-06-14T14:01:07.633Z","buy","taker"
"6.35900000","5.37000000","2024-06-14T13:08:27.191Z","sell","maker"
"6.36000000","2.37000000","2024-06-14T13:08:26.817Z","buy","taker"
"6.36400000","1.03000000","2024-06-14T13:07:06.609Z","buy","taker"
"6.38100000","154.25000000","2024-06-14T13:01:02.547Z","buy","taker"
"6.37000000","2.84000000","2024-06-14T12:44:31.991Z","sell","maker"
"6.37400000","3.01000000","2024-06-14T12:43:06.927Z","buy","taker"
"6.38600000","0.46000000","2024-06-14T12:38:01.654Z","buy","taker"
"6.37100000","7.83000000","2024-06-14T12:36:42.276Z","sell","maker"
"6.37200000","3.92000000","2024-06-14T12:36:16.471Z","sell","maker"
"6.38300000","0.79000000","2024-06-14T12:33:46.131Z","sell","maker"
"6.39300000","1.30000000","2024-06-14T12:33:30.595Z","buy","taker"
"6.39700000","11.64000000","2024-06-14T12:33:05.980Z","buy","taker"
"6.40000000","3.87000000","2024-06-14T12:08:17.737Z","buy","taker"
"6.40400000","1.89000000","2024-06-14T11:59:54.433Z","buy","taker"
"6.41200000","2.72000000","2024-06-14T11:47:55.012Z","buy","taker"
"6.41800000","0.48000000","2024-06-14T11:47:19.003Z","buy","taker"
"6.40600000","8.93000000","2024-06-14T11:47:08.117Z","sell","maker"
"6.44300000","2.72000000","2024-06-14T11:45:30.936Z","buy","taker"
"6.44200000","21.39000000","2024-06-14T11:44:22.541Z","sell","maker"
"6.45300000","13.52000000","2024-06-14T11:44:22.411Z","sell","maker"
"6.45300000","23.34000000","2024-06-14T11:44:22.411Z","sell","maker"
"6.47700000","3.20000000","2024-06-14T11:28:06.344Z","sell","maker"
"6.47700000","2.67000000","2024-06-14T11:26:34.254Z","buy","taker"
"6.45000000","15.93000000","2024-06-14T11:08:43.392Z","buy","taker"
"6.44300000","0.63000000","2024-06-14T11:08:32.483Z","sell","maker"
"6.47200000","24.96000000","2024-06-14T11:01:46.437Z","buy","taker"
"6.46400000","191.34000000","2024-06-14T10:20:30.489Z","sell","maker"
"6.45900000","4.61000000","2024-06-14T10:10:42.632Z","sell","maker"
"6.45200000","0.88000000","2024-06-14T10:08:17.400Z","sell","maker"
"6.45900000","5.42000000","2024-06-14T10:02:50.512Z","buy","taker"
"6.42600000","26.75000000","2024-06-14T09:21:40.396Z","sell","maker"
"6.43300000","1.03000000","2024-06-14T09:08:08.293Z","sell","maker"
"6.43400000","181.53000000","2024-06-14T08:19:55.679Z","sell","maker"
"6.43900000","181.53000000","2024-06-14T08:18:25.932Z","sell","maker"
"6.42700000","181.53000000","2024-06-14T08:11:51.565Z","buy","taker"
"6.42800000","181.53000000","2024-06-14T08:11:15.685Z","buy","taker"
"6.43000000","181.53000000","2024-06-14T08:10:51.763Z","buy","taker"
"6.45000000","190.15000000","2024-06-14T07:53:12.105Z","buy","taker"
"6.45600000","20.71000000","2024-06-14T07:52:28.356Z","buy","taker"
"6.44200000","0.83000000","2024-06-14T07:51:28.740Z","sell","maker"
"6.45400000","7.98000000","2024-06-14T07:51:01.862Z","buy","taker"
"6.45400000","34.41000000","2024-06-14T07:51:00.662Z","buy","taker"
"6.45400000","4.20000000","2024-06-14T07:51:00.072Z","buy","taker"
"6.45400000","33.85000000","2024-06-14T07:50:59.470Z","buy","taker"
"6.45400000","1.55000000","2024-06-14T07:50:58.869Z","buy","taker"
"6.45400000","12.63000000","2024-06-14T07:50:57.670Z","buy","taker"
"6.45400000","0.55000000","2024-06-14T07:50:57.068Z","buy","taker"
"6.45400000","8.59000000","2024-06-14T07:50:56.466Z","buy","taker"
"6.45400000","9.33000000","2024-06-14T07:50:55.865Z","buy","taker"
"6.45400000","8.04000000","2024-06-14T07:50:55.353Z","buy","taker"
"6.45400000","12.92000000","2024-06-14T07:50:54.752Z","buy","taker"
"6.45300000","1.66000000","2024-06-14T07:50:53.553Z","buy","taker"
"6.45400000","11.26000000","2024-06-14T07:50:53.553Z","buy","taker"
"6.45300000","0.17000000","2024-06-14T07:50:52.417Z","buy","taker"
"6.45300000","1.26000000","2024-06-14T07:50:51.268Z","buy","taker"
"6.45300000","13.04000000","2024-06-14T07:50:50.115Z","buy","taker"
"6.45300000","1.29000000","2024-06-14T07:50:47.761Z","buy","taker"
"6.45300000","9.52000000","2024-06-14T07:50:46.559Z","buy","taker"
"6.45300000","3.42000000","2024-06-14T07:50:46.559Z","buy","taker"
"6.45400000","20.72000000","2024-06-14T07:50:39.942Z","buy","taker"
"6.45400000","44.84000000","2024-06-14T07:50:39.942Z","buy","taker"
"6.45700000","0.23000000","2024-06-14T07:50:22.668Z","buy","taker"
"6.45900000","2.84000000","2024-06-14T07:49:50.132Z","buy","taker"
"6.42500000","1.23000000","2024-06-14T07:49:48.883Z","buy","taker"
"6.44200000","10.84000000","2024-06-14T07:49:48.883Z","buy","taker"
"6.44600000","22.71000000","2024-06-14T07:49:48.883Z","buy","taker"
"6.39200000","855.71000000","2024-06-14T07:49:48.716Z","buy","taker"
"6.37900000","122.57000000","2024-06-14T07:19:08.107Z","sell","maker"
"6.39200000","0.70000000","2024-06-14T07:08:24.111Z","buy","taker"
"6.38400000","18.48000000","2024-06-14T06:30:50.076Z","sell","maker"
"6.40000000","0.32000000","2024-06-14T06:08:52.182Z","buy","taker"
"6.42500000","4.14000000","2024-06-14T05:45:37.122Z","buy","taker"
"6.41600000","4.73000000","2024-06-14T05:40:04.172Z","sell","maker"
"6.41100000","0.38000000","2024-06-14T05:38:16.129Z","sell","maker"
"6.42100000","2.85000000","2024-06-14T05:37:44.768Z","buy","taker"
"6.39600000","1.10000000","2024-06-14T05:10:30.109Z","buy","taker"
"6.38200000","0.92000000","2024-06-14T05:08:15.942Z","sell","maker"
"6.38300000","2.56000000","2024-06-14T04:40:30.936Z","buy","taker"
"6.36900000","0.31000000","2024-06-14T04:08:14.977Z","buy","taker"
"6.35300000","109.43000000","2024-06-14T04:04:34.250Z","sell","maker"
"6.37900000","16.50000000","2024-06-14T03:20:06.599Z","buy","taker"
"6.39000000","1.00000000","2024-06-14T02:53:46.303Z","buy","taker"
"6.41300000","5.31000000","2024-06-14T02:29:40.881Z","buy","taker"
"6.39300000","1.41000000","2024-06-14T02:12:34.734Z","sell","maker"
"6.38700000","3.01000000","2024-06-14T02:05:51.747Z","sell","maker"
"6.38700000","1.40000000","2024-06-14T02:05:42.970Z","sell","maker"
"6.36700000","8.21000000","2024-06-14T01:53:50.528Z","sell","maker"
"6.36500000","5.27000000","2024-06-14T01:53:50.528Z","sell","maker"
"6.33300000","0.29000000","2024-06-14T01:39:26.643Z","buy","taker"
"6.34400000","5.56000000","2024-06-14T01:37:38.740Z","buy","taker"
"6.30200000","22.71000000","2024-06-14T01:33:30.130Z","sell","maker"
"6.30200000","21.94000000","2024-06-14T01:33:30.130Z","sell","maker"
"6.39200000","22.91000000","2024-06-14T01:19:19.368Z","buy","taker"
"6.39300000","8.23000000","2024-06-14T01:19:19.368Z","buy","taker"
"6.32000000","8.54000000","2024-06-14T01:09:39.532Z","sell","maker"
"6.31600000","29.29000000","2024-06-14T01:07:17.591Z","sell","maker"
"6.31600000","1.65000000","2024-06-14T00:50:53.972Z","sell","maker"
"6.35100000","0.86000000","2024-06-14T00:42:26.854Z","buy","taker"
"6.33000000","3.29000000","2024-06-14T00:37:25.268Z","sell","maker"
"6.32700000","25.53000000","2024-06-14T00:21:25.126Z","sell","maker"
"6.33200000","1.28000000","2024-06-14T00:17:37.744Z","sell","maker"
"6.33200000","2.73000000","2024-06-14T00:17:37.744Z","sell","maker"
"6.33100000","9.15000000","2024-06-14T00:17:37.744Z","sell","maker"
"6.33200000","1.58000000","2024-06-14T00:17:37.735Z","sell","maker"
"6.41400000","1.33000000","2024-06-14T00:15:42.872Z","buy","taker"
"6.35400000","6.00000000","2024-06-14T00:14:04.830Z","sell","maker"
"6.36400000","1.03000000","2024-06-14T00:11:14.704Z","buy","taker"
"6.37500000","0.41000000","2024-06-14T00:08:22.627Z","buy","taker"
"6.37300000","2.72000000","2024-06-13T23:22:01.981Z","buy","taker"
"6.35900000","5.37000000","2024-06-13T23:10:20.270Z","sell","maker"
"6.39800000","2.67000000","2024-06-13T22:15:02.131Z","sell","maker"
"6.39600000","1.99000000","2024-06-13T22:15:02.131Z","sell","maker"
"6.40600000","2.72000000","2024-06-13T21:50:49.800Z","sell","maker"
"6.37400000","1.69000000","2024-06-13T21:26:13.960Z","buy","taker"
"6.39400000","2.91000000","2024-06-13T21:22:01.663Z","buy","taker"
"6.40400000","5.03000000","2024-06-13T21:20:13.599Z","buy","taker"
"6.41400000","2.25000000","2024-06-13T21:17:49.646Z","buy","taker"
"6.36200000","5.74000000","2024-06-13T21:11:21.965Z","sell","maker"
"6.37000000","2.84000000","2024-06-13T21:11:08.515Z","sell","maker"
"6.37100000","22.11000000","2024-06-13T21:11:06.794Z","sell","maker"
"6.37100000","24.32000000","2024-06-13T21:11:06.794Z","sell","maker"
"6.42400000","0.48000000","2024-06-13T20:53:13.796Z","buy","taker"
"6.44400000","1.21000000","2024-06-13T20:48:25.637Z","buy","taker"
"6.45600000","0.77000000","2024-06-13T20:32:41.606Z","sell","maker"
"6.45600000","3.86000000","2024-06-13T20:11:04.438Z","buy","taker"
"6.46300000","179.55000000","2024-06-13T20:05:11.804Z","buy","taker"
"6.46300000","6.80000000","2024-06-13T19:57:14.706Z","sell","maker"
"6.47800000","5.69000000","2024-06-13T19:56:49.094Z","buy","taker"
"6.46800000","0.24000000","2024-06-13T19:38:05.935Z","sell","maker"
"6.48000000","59.69000000","2024-06-13T19:31:46.329Z","sell","maker"
"6.48600000","59.63000000","2024-06-13T19:31:09.656Z","sell","maker"
"6.48600000","3.14000000","2024-06-13T19:24:24.748Z","sell","maker"
"6.46800000","0.46000000","2024-06-13T19:08:08.150Z","sell","maker"
"6.48000000","1.69000000","2024-06-13T18:37:05.184Z","buy","taker"
"6.49000000","18.94000000","2024-06-13T18:22:31.840Z","buy","taker"
"6.49100000","74.54000000","2024-06-13T18:22:31.840Z","buy","taker"
"6.47200000","10.50000000","2024-06-13T17:49:22.284Z","buy","taker"
"6.45600000","4.61000000","2024-06-13T17:47:48.369Z","sell","maker"
"6.45900000","2.58000000","2024-06-13T17:46:20.375Z","buy","taker"
"6.45900000","0.25000000","2024-06-13T17:45:57.776Z","buy","taker"
"6.44500000","5.00000000","2024-06-13T17:28:00.648Z","buy","taker"
"6.42500000","5.37000000","2024-06-13T16:59:15.982Z","buy","taker"
"6.42400000","0.96000000","2024-06-13T16:55:57.536Z","buy","taker"
"6.41100000","1.79000000","2024-06-13T16:32:40.989Z","buy","taker"
"6.41100000","1.72000000","2024-06-13T16:32:40.951Z","buy","taker"
"6.41100000","1.86000000","2024-06-13T16:32:39.690Z","buy","taker"
"6.39300000","6.23000000","2024-06-13T16:32:28.881Z","sell","maker"
"6.42300000","1.77000000","2024-06-13T16:19:25.501Z","buy","taker"
"6.41900000","6.16000000","2024-06-13T16:18:40.121Z","buy","taker"
"6.42400000","2.10000000","2024-06-13T16:17:53.601Z","buy","taker"
"6.42400000","1.71000000","2024-06-13T16:17:53.308Z","buy","taker"
"6.42400000","1.76000000","2024-06-13T16:17:53.287Z","buy","taker"
"6.41400000","3.61000000","2024-06-13T16:17:47.135Z","buy","taker"
"6.41400000","2.14000000","2024-06-13T16:17:36.664Z","buy","taker"
"6.41400000","2.46000000","2024-06-13T16:17:36.565Z","buy","taker"
"6.41400000","2.51000000","2024-06-13T16:17:36.543Z","buy","taker"
"6.41400000","3.41000000","2024-06-13T16:17:35.496Z","buy","taker"
"6.41400000","3.35000000","2024-06-13T16:17:35.324Z","buy","taker"
"6.41400000","1.91000000","2024-06-13T16:17:34.673Z","buy","taker"
"6.40000000","2.48000000","2024-06-13T16:17:31.341Z","sell","maker"
"6.34800000","9.94000000","2024-06-13T16:03:53.690Z","sell","maker"
"6.35000000","1.70000000","2024-06-13T16:03:53.381Z","sell","maker"
"6.35500000","3.65000000","2024-06-13T16:03:52.770Z","sell","maker"
"6.35900000","5.37000000","2024-06-13T16:03:51.280Z","sell","maker"
"6.37000000","2.84000000","2024-06-13T16:02:22.722Z","sell","maker"
"6.37200000","9.61000000","2024-06-13T16:02:22.355Z","sell","maker"
"6.37400000","4.88000000","2024-06-13T16:02:21.297Z","sell","maker"
"6.38300000","24.92000000","2024-06-13T16:01:53.405Z","sell","maker"
"6.39200000","894.00000000","2024-06-13T16:01:02.516Z","buy","taker"
"6.38700000","52.09000000","2024-06-13T16:01:02.506Z","buy","taker"
"6.38500000","2.63000000","2024-06-13T16:01:02.505Z","buy","taker"
"6.39000000","500.00000000","2024-06-13T15:54:54.007Z","sell","maker"
"6.39200000","10.14000000","2024-06-13T15:44:17.510Z","buy","taker"
"6.38100000","4.62000000","2024-06-13T15:43:35.863Z","buy","taker"
"6.37600000","26.24000000","2024-06-13T15:43:34.827Z","sell","maker"
"6.37900000","11.23000000","2024-06-13T15:42:58.872Z","sell","maker"
"6.38200000","4.17000000","2024-06-13T15:42:55.554Z","sell","maker"
"6.39200000","2.72000000","2024-06-13T15:42:36.716Z","sell","maker"
"6.39700000","5.03000000","2024-06-13T15:42:23.955Z","buy","taker"
"6.39500000","1.69000000","2024-06-13T15:42:21.519Z","sell","maker"
"6.39600000","1.91000000","2024-06-13T15:42:19.167Z","sell","maker"
"6.39900000","22.37000000","2024-06-13T15:41:49.916Z","sell","maker"
"6.40300000","22.80000000","2024-06-13T15:40:34.789Z","sell","maker"
"6.40600000","6.59000000","2024-06-13T15:38:54.117Z","sell","maker"
"6.40900000","2.82000000","2024-06-13T15:38:38.436Z","sell","maker"
"6.40900000","1.43000000","2024-06-13T15:38:38.436Z","sell","maker"
"6.41400000","2.72000000","2024-06-13T15:37:35.763Z","buy","taker"
"6.42300000","0.48000000","2024-06-13T15:36:59.741Z","buy","taker"
"6.42100000","34.31000000","2024-06-13T15:36:32.011Z","sell","maker"
"6.42500000","5.31000000","2024-06-13T15:32:47.129Z","sell","maker"
"6.42500000","25.53000000","2024-06-13T15:32:47.129Z","sell","maker"
"6.42900000","2.73000000","2024-06-13T15:32:30.321Z","sell","maker"
"6.44400000","4.61000000","2024-06-13T15:26:11.216Z","buy","taker"
"6.43900000","15.58000000","2024-06-13T15:25:42.214Z","sell","maker"
"6.44600000","9.94000000","2024-06-13T15:25:32.766Z","sell","maker"
"6.44700000","2.81000000","2024-06-13T15:25:28.769Z","sell","maker"
"6.45600000","1.59000000","2024-06-13T15:21:59.220Z","buy","taker"
"6.46000000","2.72000000","2024-06-13T15:18:23.088Z","buy","taker"
"6.51000000","2.72000000","2024-06-13T14:39:23.738Z","sell","maker"
"6.48800000","86.20000000","2024-06-13T14:34:53.276Z","buy","taker"
"6.48800000","10.54000000","2024-06-13T14:34:53.073Z","buy","taker"
"6.46000000","3.20000000","2024-06-13T14:25:35.278Z","buy","taker"
"6.49600000","96.74000000","2024-06-13T14:20:14.453Z","buy","taker"
"6.48100000","1.03000000","2024-06-13T14:12:58.679Z","buy","taker"
"6.49400000","2.72000000","2024-06-13T14:02:47.324Z","buy","taker"
"6.53000000","3.98000000","2024-06-13T13:42:04.935Z","sell","maker"
"6.54100000","96.74000000","2024-06-13T13:41:31.691Z","buy","taker"
"6.52600000","4.04000000","2024-06-13T13:35:46.532Z","sell","maker"
"6.51600000","0.19000000","2024-06-13T13:32:11.425Z","sell","maker"
"6.51700000","96.74000000","2024-06-13T13:31:37.879Z","buy","taker"
"6.50700000","2.72000000","2024-06-13T13:27:59.267Z","sell","maker"
"6.48200000","24.95000000","2024-06-13T12:59:58.161Z","buy","taker"
"6.48000000","96.74000000","2024-06-13T12:59:15.263Z","buy","taker"
"6.47700000","96.74000000","2024-06-13T12:58:21.995Z","buy","taker"
"6.47000000","7.66000000","2024-06-13T12:57:23.464Z","buy","taker"
"6.46400000","96.74000000","2024-06-13T12:56:58.683Z","buy","taker"
"6.45600000","96.74000000","2024-06-13T12:56:04.730Z","buy","taker"
"6.46000000","12.87000000","2024-06-13T12:54:57.378Z","buy","taker"
"6.46200000","2.31000000","2024-06-13T12:53:11.079Z","buy","taker"
"6.47900000","23.52000000","2024-06-13T12:51:26.342Z","buy","taker"
"6.48000000","3.75000000","2024-06-13T12:51:23.009Z","buy","taker"
"6.48100000","96.74000000","2024-06-13T12:51:17.565Z","buy","taker"
"6.49200000","5.26000000","2024-06-13T12:50:55.872Z","sell","maker"
"6.46800000","952.72000000","2024-06-13T12:50:55.872Z","sell","maker"
"6.52900000","7.88000000","2024-06-13T12:33:26.026Z","sell","maker"
"6.53500000","14.69000000","2024-06-13T12:33:20.168Z","sell","maker"
"6.53900000","4.04000000","2024-06-13T12:32:46.384Z","sell","maker"
"6.55900000","5.26000000","2024-06-13T12:30:12.488Z","buy","taker"
"6.55700000","23.49000000","2024-06-13T12:30:12.383Z","buy","taker"
"6.50200000","0.88000000","2024-06-13T11:08:16.448Z","buy","taker"
"6.50800000","2.54000000","2024-06-13T10:55:34.009Z","sell","maker"
"6.50200000","1.07000000","2024-06-13T10:08:09.373Z","sell","maker"
"6.45800000","5.29000000","2024-06-13T09:30:37.516Z","sell","maker"
"6.46200000","3.67000000","2024-06-13T09:22:33.632Z","buy","taker"
"6.45300000","38.15000000","2024-06-13T09:21:40.678Z","sell","maker"
"6.46500000","38.66000000","2024-06-13T09:21:39.760Z","sell","maker"
"6.47400000","3.14000000","2024-06-13T09:18:57.500Z","buy","taker"
"6.46800000","0.01000000","2024-06-13T09:18:40.226Z","sell","maker"
"6.48300000","0.26000000","2024-06-13T09:13:34.455Z","buy","taker"
"6.48300000","2.94000000","2024-06-13T09:13:33.320Z","buy","taker"
"6.49300000","3.58000000","2024-06-13T09:11:09.392Z","buy","taker"
"6.50400000","0.19000000","2024-06-13T09:08:45.285Z","buy","taker"
"6.50600000","1.83000000","2024-06-13T09:08:25.258Z","buy","taker"
"6.46800000","8.52000000","2024-06-13T09:05:36.151Z","sell","maker"
"6.47500000","9.55000000","2024-06-13T09:05:05.722Z","sell","maker"
"6.47300000","41.92000000","2024-06-13T09:05:05.722Z","sell","maker"
"6.47500000","1.67000000","2024-06-13T09:05:05.717Z","sell","maker"
"6.47900000","4.17000000","2024-06-13T09:04:56.982Z","sell","maker"
"6.48700000","2.79000000","2024-06-13T09:00:39.316Z","sell","maker"
"6.49000000","2.72000000","2024-06-13T09:00:10.239Z","sell","maker"
"6.49200000","5.26000000","2024-06-13T08:58:30.966Z","sell","maker"
"6.49500000","1.91000000","2024-06-13T08:57:56.559Z","sell","maker"
"6.49900000","5.26000000","2024-06-13T08:57:16.562Z","sell","maker"
"6.51400000","3.84000000","2024-06-13T08:49:42.573Z","buy","taker"
"6.50100000","0.37000000","2024-06-13T08:49:41.052Z","sell","maker"
"6.51400000","3.81000000","2024-06-13T08:49:33.624Z","buy","taker"
"6.51700000","4.94000000","2024-06-13T08:33:25.523Z","sell","maker"
"6.52200000","9.58000000","2024-06-13T08:00:28.367Z","sell","maker"
"6.52400000","0.29000000","2024-06-13T07:36:52.252Z","buy","taker"
"6.50700000","62.86000000","2024-06-13T07:26:15.682Z","sell","maker"
"6.61300000","10.00000000","2024-06-13T07:16:36.923Z","buy","taker"
"6.52000000","31.95000000","2024-06-13T07:12:35.545Z","sell","maker"
"6.52900000","0.66000000","2024-06-13T07:08:23.946Z","buy","taker"
"6.53300000","2.72000000","2024-06-13T06:50:08.302Z","buy","taker"
"6.52600000","2.77000000","2024-06-13T06:39:34.374Z","sell","maker"
"6.53200000","5.24000000","2024-06-13T06:35:25.703Z","sell","maker"
"6.55900000","5.20000000","2024-06-13T06:02:09.540Z","sell","maker"
"6.56000000","24.50000000","2024-06-13T06:02:09.433Z","sell","maker"
"6.56000000","12.93000000","2024-06-13T06:02:09.433Z","sell","maker"
"6.62700000","5.20000000","2024-06-13T05:34:05.541Z","buy","taker"
"6.63900000","2.66000000","2024-06-13T05:34:05.541Z","buy","taker"
"6.64400000","1.87000000","2024-06-13T05:34:05.541Z","buy","taker"
"6.64800000","18.87000000","2024-06-13T05:34:05.541Z","buy","taker"