"price","volume","time","side"
"0.27500000","56.94000000","2024-01-04T19:15:45.839Z","buy"
"0.27520000","144.00000000","2024-01-04T19:01:31.411Z","buy"
"0.27500000","690.73000000","2024-01-04T18:59:35.144Z","buy"
"0.27500000","253.12000000","2024-01-04T18:58:53.674Z","buy"
"0.27500000","23.97000000","2024-01-04T18:57:27.682Z","buy"
"0.27500000","260.40000000","2024-01-04T18:56:39.842Z","buy"
"0.27490000","24.22000000","2024-01-04T18:56:07.344Z","buy"
"0.27490000","39.67000000","2024-01-04T18:55:36.216Z","buy"
"0.27500000","1311.10000000","2024-01-04T18:55:36.216Z","buy"
"0.27510000","40.00000000","2024-01-04T18:55:36.216Z","buy"
"0.27510000","40.00000000","2024-01-04T18:55:36.216Z","buy"
"0.27510000","80.00000000","2024-01-04T18:55:36.216Z","buy"
"0.27500000","269.67000000","2024-01-04T18:55:23.757Z","buy"
"0.27510000","269.67000000","2024-01-04T18:53:35.778Z","buy"
"0.27510000","179.78000000","2024-01-04T18:52:35.023Z","buy"
"0.28090000","375.00000000","2024-01-04T18:43:20.848Z","sell"
"0.28090000","271.00000000","2024-01-04T18:43:20.317Z","sell"
"0.28080000","100.00000000","2024-01-04T18:43:20.317Z","sell"
"0.28080000","7.00000000","2024-01-04T18:43:20.317Z","sell"
"0.28080000","62.00000000","2024-01-04T18:43:15.282Z","sell"
"0.28080000","31.00000000","2024-01-04T18:43:15.262Z","sell"
"0.28080000","32.00000000","2024-01-04T18:43:15.262Z","sell"
"0.28080000","68.00000000","2024-01-04T18:43:14.504Z","sell"
"0.28080000","36.00000000","2024-01-04T18:43:14.258Z","sell"
"0.28070000","31.00000000","2024-01-04T18:43:14.258Z","sell"
"0.28070000","69.00000000","2024-01-04T18:43:14.254Z","sell"
"0.28090000","209.00000000","2024-01-04T18:43:13.474Z","sell"
"0.28090000","494.00000000","2024-01-04T18:43:13.455Z","sell"
"0.28080000","100.00000000","2024-01-04T18:43:13.455Z","sell"
"0.28090000","24.00000000","2024-01-04T18:43:13.239Z","sell"
"0.28080000","38.00000000","2024-01-04T18:43:13.239Z","sell"
"0.28080000","62.00000000","2024-01-04T18:43:13.195Z","sell"
"0.28090000","896.00000000","2024-01-04T18:43:12.867Z","sell"
"0.28090000","194.00000000","2024-01-04T18:43:12.827Z","sell"
"0.28080000","100.00000000","2024-01-04T18:43:12.827Z","sell"
"0.28080000","40.00000000","2024-01-04T18:43:12.827Z","sell"
"0.28080000","40.00000000","2024-01-04T18:43:12.827Z","sell"
"0.28080000","80.00000000","2024-01-04T18:43:12.827Z","sell"
"0.28070000","100.00000000","2024-01-04T18:43:12.827Z","sell"
"0.28090000","19.79000000","2024-01-04T18:41:34.945Z","buy"
"0.28100000","100.00000000","2024-01-04T18:41:34.945Z","buy"
"0.28090000","35.94000000","2024-01-04T18:31:50.980Z","buy"
"0.28100000","1.46000000","2024-01-04T17:42:26.813Z","buy"
"0.28090000","22.77000000","2024-01-04T17:26:42.938Z","buy"
"0.28100000","100.00000000","2024-01-04T17:26:42.938Z","buy"
"0.28110000","40.00000000","2024-01-04T17:26:42.938Z","buy"
"0.28160000","100.00000000","2024-01-04T17:26:42.938Z","buy"
"0.28170000","84.21000000","2024-01-04T17:26:42.938Z","buy"
"0.28100000","184.99000000","2024-01-04T17:07:37.007Z","buy"
"0.28690000","34.80000000","2024-01-04T17:03:53.070Z","buy"
"0.28690000","17.20000000","2024-01-04T17:03:53.070Z","buy"
"0.28700000","24.00000000","2024-01-04T17:03:53.070Z","buy"
"0.28700000","76.00000000","2024-01-04T17:03:53.060Z","buy"
"0.28690000","56.00000000","2024-01-04T17:03:52.206Z","buy"
"0.28700000","22.00000000","2024-01-04T17:03:52.206Z","buy"
"0.28700000","78.00000000","2024-01-04T17:03:52.193Z","buy"
"0.26300000","158.02000000","2024-01-04T16:49:04.092Z","sell"
"0.27530000","35.27000000","2024-01-04T16:49:03.747Z","buy"
"0.29290000","68.29000000","2024-01-04T16:49:03.720Z","buy"
"0.29300000","100.00000000","2024-01-04T16:49:03.720Z","buy"
"0.29830000","29.97000000","2024-01-04T16:48:47.899Z","sell"
"0.29820000","3.55000000","2024-01-04T16:47:49.357Z","sell"
"0.28400000","31.37000000","2024-01-04T16:46:55.166Z","sell"
"0.28400000","28.63000000","2024-01-04T16:46:55.166Z","sell"
"0.28390000","20.00000000","2024-01-04T16:46:55.166Z","sell"
"0.28390000","80.00000000","2024-01-04T16:46:55.162Z","sell"
"0.28400000","75.80000000","2024-01-04T16:46:45.442Z","sell"
"0.28390000","9.20000000","2024-01-04T16:46:45.442Z","sell"
"0.28390000","130.00000000","2024-01-04T16:46:45.254Z","sell"
"0.28390000","130.00000000","2024-01-04T16:46:45.206Z","sell"
"0.27540000","57.91000000","2024-01-04T16:46:44.549Z","buy"
"0.27920000","356.73000000","2024-01-04T16:46:44.549Z","buy"
"0.27930000","243.13000000","2024-01-04T16:46:44.549Z","buy"
"0.27930000","100.00000000","2024-01-04T16:46:44.549Z","buy"
"0.27940000","40.00000000","2024-01-04T16:46:44.549Z","buy"
"0.27940000","40.00000000","2024-01-04T16:46:44.549Z","buy"
"0.27940000","80.00000000","2024-01-04T16:46:44.549Z","buy"
"0.27960000","100.00000000","2024-01-04T16:46:44.549Z","buy"
"0.28020000","26.07000000","2024-01-04T16:37:41.381Z","buy"
"0.28400000","3.83000000","2024-01-04T16:20:58.215Z","sell"
"0.28400000","53.00000000","2024-01-04T16:12:42.346Z","sell"
"0.28400000","52.00000000","2024-01-04T16:12:42.304Z","sell"
"0.28400000","50.29000000","2024-01-04T16:08:12.102Z","sell"
"0.28390000","57.71000000","2024-01-04T16:08:12.102Z","sell"
"0.28390000","108.00000000","2024-01-04T16:08:12.099Z","sell"
"0.28390000","191.00000000","2024-01-04T16:03:49.601Z","sell"
"0.28390000","191.00000000","2024-01-04T16:03:49.598Z","sell"
"0.28390000","627.00000000","2024-01-04T16:03:33.023Z","sell"
"0.28390000","604.35000000","2024-01-04T16:03:33.012Z","sell"
"0.28330000","27.65000000","2024-01-04T16:03:33.012Z","sell"
"0.28330000","169.00000000","2024-01-04T16:02:38.273Z","sell"
"0.28330000","168.00000000","2024-01-04T16:02:38.266Z","sell"
"0.28330000","1623.35000000","2024-01-04T16:02:34.256Z","sell"
"0.28270000","50.09000000","2024-01-04T16:02:34.256Z","sell"
"0.28260000","48.00000000","2024-01-04T16:02:34.256Z","sell"
"0.28260000","52.00000000","2024-01-04T16:00:15.220Z","sell"
"0.28270000","57.00000000","2024-01-04T15:56:37.118Z","sell"
"0.28270000","57.00000000","2024-01-04T15:56:37.100Z","sell"
"0.28270000","190.00000000","2024-01-04T15:56:36.876Z","sell"
"0.28270000","190.00000000","2024-01-04T15:56:36.876Z","sell"
"0.28270000","225.00000000","2024-01-04T15:56:34.651Z","sell"
"0.28270000","91.00000000","2024-01-04T15:56:34.419Z","sell"
"0.28270000","91.00000000","2024-01-04T15:56:34.360Z","sell"
"0.28270000","301.00000000","2024-01-04T15:56:34.119Z","sell"
"0.28270000","100.00000000","2024-01-04T15:55:01.642Z","sell"
"0.28270000","80.00000000","2024-01-04T15:51:43.913Z","sell"
"0.28270000","86.00000000","2024-01-04T15:51:39.728Z","sell"
"0.28270000","469.91000000","2024-01-04T15:51:39.506Z","sell"
"0.28210000","64.09000000","2024-01-04T15:51:39.506Z","sell"
"0.28210000","285.91000000","2024-01-04T15:51:39.321Z","sell"
"0.27940000","56.09000000","2024-01-04T15:51:39.321Z","sell"
"0.28210000","656.00000000","2024-01-04T15:51:39.082Z","sell"
"0.28150000","3.00000000","2024-01-04T15:51:39.082Z","sell"
"0.28020000","65.00000000","2024-01-04T15:50:44.705Z","sell"
"0.28020000","65.00000000","2024-01-04T15:50:44.669Z","sell"
"0.28020000","125.00000000","2024-01-04T15:50:42.808Z","sell"
"0.28020000","125.00000000","2024-01-04T15:50:42.721Z","sell"
"0.28020000","57.00000000","2024-01-04T15:50:42.498Z","sell"
"0.28020000","57.00000000","2024-01-04T15:50:42.472Z","sell"
"0.28020000","87.00000000","2024-01-04T15:50:42.058Z","sell"
"0.28020000","134.00000000","2024-01-04T15:50:41.848Z","sell"
"0.28020000","171.00000000","2024-01-04T15:50:41.803Z","sell"
"0.28020000","135.00000000","2024-01-04T15:50:41.593Z","sell"
"0.28020000","87.00000000","2024-01-04T15:50:41.593Z","sell"
"0.28020000","131.00000000","2024-01-04T15:50:41.365Z","sell"
"0.28020000","223.00000000","2024-01-04T15:50:41.327Z","sell"
"0.28020000","140.00000000","2024-01-04T15:50:41.128Z","sell"
"0.28020000","179.00000000","2024-01-04T15:50:40.921Z","sell"
"0.28020000","410.00000000","2024-01-04T15:50:40.696Z","sell"
"0.28020000","412.00000000","2024-01-04T15:50:40.653Z","sell"
"0.28030000","103.00000000","2024-01-04T15:50:36.970Z","sell"
"0.28030000","105.00000000","2024-01-04T15:50:34.276Z","sell"
"0.28030000","162.00000000","2024-01-04T15:50:34.026Z","sell"
"0.28030000","239.00000000","2024-01-04T15:50:33.774Z","sell"
"0.28030000","368.00000000","2024-01-04T15:50:33.553Z","sell"
"0.28030000","565.00000000","2024-01-04T15:50:33.327Z","sell"
"0.28030000","301.00000000","2024-01-04T15:50:33.093Z","sell"
"0.28030000","57.00000000","2024-01-04T15:50:33.081Z","sell"
"0.28030000","114.00000000","2024-01-04T15:50:32.860Z","sell"
"0.28030000","80.00000000","2024-01-04T15:50:32.853Z","sell"
"0.28040000","128.00000000","2024-01-04T15:50:30.720Z","sell"
"0.28040000","251.00000000","2024-01-04T15:50:30.482Z","sell"
"0.28040000","905.00000000","2024-01-04T15:50:30.189Z","sell"
"0.28040000","1274.00000000","2024-01-04T15:50:29.946Z","sell"
"0.28040000","840.00000000","2024-01-04T15:50:29.734Z","sell"
"0.28040000","70.00000000","2024-01-04T15:50:25.496Z","sell"
"0.28050000","73.00000000","2024-01-04T15:50:18.620Z","sell"
"0.28050000","113.00000000","2024-01-04T15:50:18.395Z","sell"
"0.28050000","223.00000000","2024-01-04T15:50:18.154Z","sell"
"0.28050000","72.00000000","2024-01-04T15:50:17.917Z","sell"
"0.28050000","202.00000000","2024-01-04T15:50:17.683Z","sell"
"0.28070000","75.00000000","2024-01-04T15:50:02.971Z","sell"
"0.28080000","56.00000000","2024-01-04T15:49:59.424Z","sell"
"0.28080000","125.00000000","2024-01-04T15:49:59.121Z","sell"
"0.27580000","66.87000000","2024-01-04T15:47:09.461Z","buy"
"0.28150000","59.00000000","2024-01-04T15:37:26.174Z","sell"
"0.28150000","11.00000000","2024-01-04T15:35:26.023Z","sell"
"0.28140000","40.00000000","2024-01-04T15:35:26.023Z","sell"
"0.28140000","60.00000000","2024-01-04T15:32:30.162Z","sell"
"0.28150000","61.00000000","2024-01-04T15:32:16.634Z","sell"
"0.28150000","71.00000000","2024-01-04T15:32:15.084Z","sell"
"0.28150000","109.00000000","2024-01-04T15:32:14.848Z","sell"
"0.28150000","68.00000000","2024-01-04T15:32:14.599Z","sell"
"0.28140000","100.00000000","2024-01-04T15:32:14.599Z","sell"
"0.28150000","130.00000000","2024-01-04T15:31:46.437Z","sell"
"0.28150000","200.00000000","2024-01-04T15:31:46.193Z","sell"
"0.28150000","199.00000000","2024-01-04T15:31:45.933Z","sell"
"0.28140000","100.00000000","2024-01-04T15:31:45.933Z","sell"
"0.28140000","9.00000000","2024-01-04T15:31:45.933Z","sell"
"0.28140000","91.00000000","2024-01-04T15:30:40.946Z","sell"
"0.28150000","67.00000000","2024-01-04T15:30:40.762Z","sell"
"0.28150000","28.00000000","2024-01-04T15:30:40.740Z","sell"
"0.28140000","23.00000000","2024-01-04T15:30:40.740Z","sell"
"0.28140000","77.00000000","2024-01-04T15:30:40.693Z","sell"
"0.28140000","40.00000000","2024-01-04T15:30:40.693Z","sell"
"0.28140000","8.00000000","2024-01-04T15:30:40.693Z","sell"
"0.28140000","54.00000000","2024-01-04T15:30:40.445Z","sell"
"0.28140000","38.00000000","2024-01-04T15:30:40.445Z","sell"
"0.28130000","16.00000000","2024-01-04T15:30:40.445Z","sell"
"0.28130000","84.00000000","2024-01-04T15:30:40.162Z","sell"
"0.28140000","24.00000000","2024-01-04T15:30:26.292Z","sell"
"0.28140000","38.00000000","2024-01-04T15:30:26.292Z","sell"
"0.28140000","62.00000000","2024-01-04T15:30:26.265Z","sell"
"0.28140000","23.00000000","2024-01-04T15:30:24.339Z","sell"
"0.28140000","41.00000000","2024-01-04T15:30:24.339Z","sell"
"0.28140000","59.00000000","2024-01-04T15:30:24.304Z","sell"
"0.28130000","5.00000000","2024-01-04T15:30:24.304Z","sell"
"0.28130000","78.00000000","2024-01-04T15:30:24.069Z","sell"
"0.28130000","17.00000000","2024-01-04T15:30:23.717Z","sell"
"0.28130000","63.00000000","2024-01-04T15:30:23.717Z","sell"
"0.27540000","10.37000000","2024-01-04T15:29:02.749Z","buy"
"0.28130000","37.00000000","2024-01-04T15:28:47.219Z","sell"
"0.27990000","38.00000000","2024-01-04T15:28:46.659Z","sell"
"0.27990000","62.00000000","2024-01-04T15:28:46.656Z","sell"
"0.28000000","58.00000000","2024-01-04T15:28:15.491Z","sell"
"0.28000000","90.00000000","2024-01-04T15:28:14.694Z","sell"
"0.28000000","38.00000000","2024-01-04T15:28:14.387Z","sell"
"0.27990000","100.00000000","2024-01-04T15:28:14.387Z","sell"
"0.28000000","159.00000000","2024-01-04T15:28:13.776Z","sell"
"0.28000000","144.00000000","2024-01-04T15:28:13.462Z","sell"
"0.27990000","100.00000000","2024-01-04T15:28:13.462Z","sell"
"0.28000000","449.00000000","2024-01-04T15:28:12.878Z","sell"
"0.28000000","17.00000000","2024-01-04T15:28:12.658Z","sell"
"0.27990000","40.00000000","2024-01-04T15:28:12.658Z","sell"
"0.27990000","100.00000000","2024-01-04T15:28:12.658Z","sell"
"0.27990000","80.00000000","2024-01-04T15:28:12.658Z","sell"
"0.27980000","100.00000000","2024-01-04T15:28:12.658Z","sell"
"0.28000000","432.00000000","2024-01-04T15:28:12.320Z","sell"
"0.27990000","40.00000000","2024-01-04T15:28:12.320Z","sell"
"0.27990000","80.00000000","2024-01-04T15:28:12.320Z","sell"
"0.28000000","1249.00000000","2024-01-04T15:28:11.767Z","sell"
"0.28000000","823.00000000","2024-01-04T15:28:11.521Z","sell"
"0.28000000","110.00000000","2024-01-04T15:28:11.440Z","sell"
"0.27990000","100.00000000","2024-01-04T15:28:11.440Z","sell"
"0.27990000","80.00000000","2024-01-04T15:28:11.440Z","sell"
"0.27990000","40.00000000","2024-01-04T15:28:11.440Z","sell"
"0.27980000","100.00000000","2024-01-04T15:28:11.440Z","sell"
"0.27980000","40.00000000","2024-01-04T15:28:11.440Z","sell"
"0.28110000","40.00000000","2024-01-04T15:27:59.584Z","sell"
"0.28100000","100.00000000","2024-01-04T15:27:59.584Z","sell"
"0.28110000","32.00000000","2024-01-04T15:27:58.278Z","sell"
"0.28110000","26.00000000","2024-01-04T15:27:58.278Z","sell"
"0.28110000","51.00000000","2024-01-04T15:18:52.995Z","sell"
"0.28100000","8.00000000","2024-01-04T15:18:52.995Z","sell"
"0.28100000","92.00000000","2024-01-04T15:18:52.766Z","sell"
"0.28110000","23.00000000","2024-01-04T15:18:51.674Z","sell"
"0.28110000","39.00000000","2024-01-04T15:18:51.674Z","sell"
"0.28110000","61.00000000","2024-01-04T15:18:51.454Z","sell"
"0.28120000","65.00000000","2024-01-04T15:18:50.724Z","sell"
"0.28130000","48.00000000","2024-01-04T15:18:48.712Z","sell"
"0.28110000","46.00000000","2024-01-04T15:18:48.712Z","sell"
"0.28110000","54.00000000","2024-01-04T15:18:48.544Z","sell"
"0.28110000","30.00000000","2024-01-04T15:18:48.544Z","sell"
"0.28110000","70.00000000","2024-01-04T15:18:48.344Z","sell"
"0.28130000","26.00000000","2024-01-04T15:18:43.834Z","sell"
"0.28130000","35.00000000","2024-01-04T15:18:43.834Z","sell"
"0.28130000","65.00000000","2024-01-04T15:18:43.509Z","sell"
"0.28120000","3.00000000","2024-01-04T15:18:40.261Z","sell"
"0.28110000","100.00000000","2024-01-04T15:18:40.261Z","sell"
"0.27530000","236.73000000","2024-01-04T14:32:03.824Z","buy"
"0.27540000","100.00000000","2024-01-04T14:32:03.824Z","buy"
"0.27540000","26.56000000","2024-01-04T14:00:36.166Z","buy"
"0.27540000","100.00000000","2024-01-04T14:00:36.166Z","buy"
"0.27550000","100.00000000","2024-01-04T14:00:36.166Z","buy"
"0.27560000","40.00000000","2024-01-04T14:00:36.166Z","buy"
"0.27570000","100.00000000","2024-01-04T14:00:36.166Z","buy"
"0.27950000","2498.21000000","2024-01-04T13:36:46.421Z","buy"
"0.27950000","1595.35000000","2024-01-04T13:34:55.799Z","buy"
"0.28070000","75.98000000","2024-01-04T13:06:43.737Z","sell"
"0.27960000","10.20000000","2024-01-04T13:06:43.737Z","sell"
"0.27950000","100.00000000","2024-01-04T13:06:43.737Z","sell"
"0.27960000","76.00000000","2024-01-04T12:51:54.415Z","sell"
"0.27960000","64.00000000","2024-01-04T12:51:54.411Z","sell"
"0.27950000","13.00000000","2024-01-04T12:51:54.411Z","sell"
"0.27950000","99.00000000","2024-01-04T12:51:45.402Z","sell"
"0.27950000","88.00000000","2024-01-04T12:51:45.402Z","sell"
"0.27940000","10.00000000","2024-01-04T12:51:45.402Z","sell"
"0.27940000","65.00000000","2024-01-04T12:51:45.033Z","sell"
"0.27940000","25.00000000","2024-01-04T12:51:45.013Z","sell"
"0.27940000","40.00000000","2024-01-04T12:51:45.013Z","sell"
"0.27530000","1716.00000000","2024-01-04T12:39:38.625Z","buy"
"0.27540000","100.00000000","2024-01-04T12:39:38.625Z","buy"
"0.27590000","1988.00000000","2024-01-04T12:39:38.625Z","buy"
"0.27600000","100.00000000","2024-01-04T12:39:38.625Z","buy"
"0.27710000","1006.00000000","2024-01-04T12:39:38.625Z","buy"
"0.27720000","100.00000000","2024-01-04T12:39:38.625Z","buy"
"0.27720000","80.00000000","2024-01-04T12:39:38.625Z","buy"
"0.27720000","40.00000000","2024-01-04T12:39:38.625Z","buy"
"0.27670000","200.00000000","2024-01-04T12:03:26.010Z","buy"
"0.27670000","40.00000000","2024-01-04T12:03:26.010Z","buy"
"0.27700000","995.00000000","2024-01-04T12:01:30.337Z","buy"
"0.27450000","3.68000000","2024-01-04T11:27:44.342Z","buy"
"0.27920000","35.09000000","2024-01-04T11:27:16.121Z","sell"
"0.27430000","40.00000000","2024-01-04T10:30:30.347Z","buy"
"0.27490000","200.00000000","2024-01-04T10:26:30.344Z","buy"
"0.27490000","40.00000000","2024-01-04T10:26:30.344Z","buy"
"0.27650000","46.87000000","2024-01-04T10:10:25.397Z","buy"
"0.27520000","40.00000000","2024-01-04T09:38:42.256Z","sell"
"0.27520000","80.00000000","2024-01-04T09:38:42.256Z","sell"
"0.27520000","277.93000000","2024-01-04T09:38:42.256Z","sell"
"0.27510000","40.00000000","2024-01-04T09:38:42.256Z","sell"
"0.27940000","17.41000000","2024-01-04T09:38:26.293Z","sell"
"0.27090000","20.03000000","2024-01-04T09:27:24.389Z","sell"
"0.27090000","329.00000000","2024-01-04T09:27:24.347Z","sell"
"0.27080000","40.00000000","2024-01-04T09:27:24.347Z","sell"
"0.26180000","574.10000000","2024-01-04T09:26:30.184Z","buy"
"0.26190000","80.00000000","2024-01-04T09:26:30.184Z","buy"
"0.27950000","32.42000000","2024-01-04T09:26:28.387Z","buy"
"0.27950000","0.23000000","2024-01-04T09:12:31.207Z","buy"
"0.27950000","13.71000000","2024-01-04T08:55:22.415Z","buy"
"0.27960000","200.00000000","2024-01-04T08:30:29.908Z","buy"
"0.27960000","200.00000000","2024-01-04T08:30:29.908Z","buy"
"0.27960000","53.00000000","2024-01-04T08:19:55.636Z","buy"
"0.27960000","0.63000000","2024-01-04T08:19:55.628Z","buy"
"0.27960000","52.37000000","2024-01-04T08:19:55.628Z","buy"
"0.27960000","47.63000000","2024-01-04T08:19:55.411Z","buy"
"0.27960000","34.37000000","2024-01-04T08:19:55.411Z","buy"
"0.27960000","65.63000000","2024-01-04T08:19:19.439Z","buy"
"0.27960000","6.37000000","2024-01-04T08:19:19.439Z","buy"
"0.27960000","57.00000000","2024-01-04T08:19:16.695Z","buy"
"0.27960000","36.63000000","2024-01-04T08:19:16.465Z","buy"
"0.27960000","50.37000000","2024-01-04T08:19:16.465Z","buy"
"0.27960000","49.63000000","2024-01-04T08:19:15.878Z","buy"
"0.27960000","30.37000000","2024-01-04T08:19:15.878Z","buy"
"0.27960000","69.00000000","2024-01-04T08:19:15.480Z","buy"
"0.27960000","0.63000000","2024-01-04T08:19:14.728Z","buy"
"0.27960000","52.37000000","2024-01-04T08:19:14.728Z","buy"
"0.27960000","47.63000000","2024-01-04T08:19:14.502Z","buy"
"0.27960000","34.37000000","2024-01-04T08:19:14.502Z","buy"
"0.27960000","65.63000000","2024-01-04T08:19:14.058Z","buy"
"0.27960000","6.37000000","2024-01-04T08:19:14.058Z","buy"
"0.27960000","57.00000000","2024-01-04T08:19:13.729Z","buy"
"0.27960000","36.63000000","2024-01-04T08:19:13.496Z","buy"
"0.27960000","50.37000000","2024-01-04T08:19:13.496Z","buy"
"0.27960000","49.63000000","2024-01-04T08:19:12.519Z","buy"
"0.27960000","30.37000000","2024-01-04T08:19:12.519Z","buy"
"0.27960000","69.00000000","2024-01-04T08:19:11.532Z","buy"
"0.27960000","0.63000000","2024-01-04T08:19:11.052Z","buy"
"0.27960000","52.37000000","2024-01-04T08:19:11.052Z","buy"
"0.27960000","47.63000000","2024-01-04T08:19:10.827Z","buy"
"0.27960000","34.37000000","2024-01-04T08:19:10.827Z","buy"
"0.27960000","65.63000000","2024-01-04T08:19:10.528Z","buy"
"0.27960000","6.37000000","2024-01-04T08:19:10.528Z","buy"
"0.27960000","57.00000000","2024-01-04T08:19:05.913Z","buy"
"0.27960000","36.63000000","2024-01-04T08:19:05.678Z","buy"
"0.27960000","50.37000000","2024-01-04T08:19:05.678Z","buy"
"0.27960000","49.63000000","2024-01-04T08:19:04.494Z","buy"
"0.27960000","30.37000000","2024-01-04T08:19:04.494Z","buy"
"0.27960000","69.00000000","2024-01-04T08:19:04.148Z","buy"
"0.27960000","0.63000000","2024-01-04T08:19:02.790Z","buy"
"0.27960000","52.37000000","2024-01-04T08:19:02.790Z","buy"
"0.27960000","47.63000000","2024-01-04T08:19:02.554Z","buy"
"0.27960000","34.37000000","2024-01-04T08:19:02.554Z","buy"
"0.27960000","65.63000000","2024-01-04T08:19:01.637Z","buy"
"0.27960000","6.37000000","2024-01-04T08:19:01.637Z","buy"
"0.27960000","57.00000000","2024-01-04T08:19:01.005Z","buy"
"0.27960000","36.63000000","2024-01-04T08:19:00.746Z","buy"
"0.27960000","50.37000000","2024-01-04T08:19:00.746Z","buy"
"0.27960000","49.63000000","2024-01-04T08:18:58.992Z","buy"
"0.27960000","30.37000000","2024-01-04T08:18:58.992Z","buy"
"0.27960000","69.00000000","2024-01-04T08:18:58.679Z","buy"
"0.27960000","0.63000000","2024-01-04T08:18:57.982Z","buy"
"0.27960000","52.37000000","2024-01-04T08:18:57.982Z","buy"
"0.27960000","47.63000000","2024-01-04T08:18:57.710Z","buy"
"0.27960000","34.37000000","2024-01-04T08:18:57.710Z","buy"
"0.27960000","65.63000000","2024-01-04T08:18:56.706Z","buy"
"0.27960000","6.37000000","2024-01-04T08:18:56.706Z","buy"
"0.27960000","57.00000000","2024-01-04T08:18:56.263Z","buy"
"0.27960000","36.63000000","2024-01-04T08:18:55.996Z","buy"
"0.27960000","50.37000000","2024-01-04T08:18:55.996Z","buy"
"0.27960000","49.63000000","2024-01-04T08:18:54.110Z","buy"
"0.27960000","30.37000000","2024-01-04T08:18:54.110Z","buy"
"0.27960000","69.63000000","2024-01-04T08:18:51.758Z","buy"
"0.27960000","0.37000000","2024-01-04T08:18:51.758Z","buy"
"0.27960000","53.00000000","2024-01-04T08:18:50.953Z","buy"
"0.27960000","46.63000000","2024-01-04T08:18:50.734Z","buy"
"0.27960000","35.37000000","2024-01-04T08:18:50.734Z","buy"
"0.27960000","64.63000000","2024-01-04T08:18:49.786Z","buy"
"0.27960000","7.37000000","2024-01-04T08:18:49.786Z","buy"
"0.27960000","57.00000000","2024-01-04T08:18:49.035Z","buy"
"0.27960000","35.63000000","2024-01-04T08:18:48.817Z","buy"
"0.27960000","51.37000000","2024-01-04T08:18:48.817Z","buy"
"0.27960000","48.63000000","2024-01-04T08:18:47.804Z","buy"
"0.27960000","32.37000000","2024-01-04T08:18:47.804Z","buy"
"0.27960000","67.63000000","2024-01-04T08:18:47.459Z","buy"
"0.27960000","2.37000000","2024-01-04T08:18:47.459Z","buy"
"0.27960000","55.00000000","2024-01-04T08:18:47.053Z","buy"
"0.27960000","84.00000000","2024-01-04T08:18:46.826Z","buy"
"0.27960000","58.63000000","2024-01-04T08:18:46.082Z","buy"
"0.27960000","17.37000000","2024-01-04T08:18:46.082Z","buy"
"0.27960000","71.00000000","2024-01-04T08:18:45.847Z","buy"
"0.27960000","45.00000000","2024-01-04T08:18:45.847Z","buy"
"0.27960000","55.00000000","2024-01-04T08:18:45.051Z","buy"
"0.27960000","63.00000000","2024-01-04T08:18:45.051Z","buy"
"0.27960000","37.00000000","2024-01-04T08:18:44.834Z","buy"
"0.27960000","50.00000000","2024-01-04T08:18:44.834Z","buy"
"0.27960000","50.00000000","2024-01-04T08:18:43.858Z","buy"
"0.27960000","30.00000000","2024-01-04T08:18:43.858Z","buy"
"0.27960000","70.00000000","2024-01-04T08:18:42.833Z","buy"
"0.27960000","53.00000000","2024-01-04T08:18:42.092Z","buy"
"0.27960000","47.00000000","2024-01-04T08:18:41.849Z","buy"
"0.27960000","34.00000000","2024-01-04T08:18:41.849Z","buy"
"0.27960000","66.00000000","2024-01-04T08:18:40.834Z","buy"
"0.27960000","6.00000000","2024-01-04T08:18:40.834Z","buy"
"0.27960000","57.00000000","2024-01-04T08:18:40.123Z","buy"
"0.27960000","37.00000000","2024-01-04T08:18:39.874Z","buy"
"0.27960000","50.00000000","2024-01-04T08:18:39.874Z","buy"
"0.27960000","80.00000000","2024-01-04T08:18:38.870Z","buy"
"0.27960000","70.00000000","2024-01-04T08:18:37.913Z","buy"
"0.27960000","57.00000000","2024-01-04T08:18:30.300Z","buy"
"0.27960000","36.09000000","2024-01-04T08:18:30.021Z","buy"
"0.27960000","50.91000000","2024-01-04T08:18:30.021Z","buy"
"0.27960000","49.09000000","2024-01-04T08:18:27.983Z","buy"
"0.27960000","30.91000000","2024-01-04T08:18:27.983Z","buy"
"0.27960000","69.00000000","2024-01-04T08:18:23.092Z","buy"
"0.27960000","0.09000000","2024-01-04T08:18:02.203Z","buy"
"0.27960000","52.91000000","2024-01-04T08:18:02.203Z","buy"
"0.27960000","47.09000000","2024-01-04T08:18:01.966Z","buy"
"0.27960000","34.91000000","2024-01-04T08:18:01.966Z","buy"
"0.27960000","65.09000000","2024-01-04T08:18:01.457Z","buy"
"0.27960000","6.91000000","2024-01-04T08:18:01.457Z","buy"
"0.27960000","57.00000000","2024-01-04T08:18:01.220Z","buy"
"0.27960000","36.09000000","2024-01-04T08:18:00.981Z","buy"
"0.27960000","50.91000000","2024-01-04T08:18:00.981Z","buy"
"0.27960000","49.09000000","2024-01-04T08:18:00.423Z","buy"
"0.27960000","31.91000000","2024-01-04T08:18:00.423Z","buy"
"0.27960000","68.09000000","2024-01-04T08:17:59.316Z","buy"
"0.27960000","2.91000000","2024-01-04T08:17:59.316Z","buy"
"0.27960000","54.00000000","2024-01-04T08:17:59.081Z","buy"
"0.27960000","43.09000000","2024-01-04T08:17:58.863Z","buy"
"0.27960000","40.91000000","2024-01-04T08:17:58.863Z","buy"
"0.27960000","18.00000000","2024-01-04T08:17:57.600Z","buy"
"0.27960000","57.00000000","2024-01-04T08:17:57.600Z","buy"
"0.27960000","43.00000000","2024-01-04T08:17:57.374Z","buy"
"0.27960000","73.00000000","2024-01-04T08:17:57.374Z","buy"
"0.27960000","27.00000000","2024-01-04T08:17:56.195Z","buy"
"0.27960000","66.00000000","2024-01-04T08:17:56.195Z","buy"
"0.27960000","34.00000000","2024-01-04T08:17:52.419Z","buy"
"0.27960000","31.00000000","2024-01-04T08:17:52.419Z","buy"
"0.27960000","69.00000000","2024-01-04T08:17:51.296Z","buy"
"0.27960000","1.00000000","2024-01-04T08:17:51.296Z","buy"
"0.27960000","53.00000000","2024-01-04T08:17:51.003Z","buy"
"0.27960000","46.00000000","2024-01-04T08:17:50.785Z","buy"
"0.27960000","36.00000000","2024-01-04T08:17:50.785Z","buy"
"0.27960000","72.00000000","2024-01-04T08:17:50.448Z","buy"
"0.27960000","92.00000000","2024-01-04T08:17:50.186Z","buy"
"0.28350000","234.17000000","2024-01-04T06:39:46.165Z","buy"
"0.27860000","130.49000000","2024-01-04T06:38:08.848Z","buy"
"0.27860000","40.00000000","2024-01-04T06:38:08.848Z","buy"
"0.28050000","664.00000000","2024-01-04T06:37:50.295Z","sell"
"0.28050000","291.91000000","2024-01-04T06:37:50.092Z","sell"
"0.28050000","200.00000000","2024-01-04T06:37:50.092Z","sell"
"0.28040000","40.00000000","2024-01-04T06:37:50.092Z","sell"
"0.28040000","200.00000000","2024-01-04T06:37:50.092Z","sell"
"0.28040000","40.00000000","2024-01-04T06:37:50.092Z","sell"
"0.28040000","211.09000000","2024-01-04T06:37:50.092Z","sell"
"0.28040000","80.00000000","2024-01-04T06:37:50.092Z","sell"
"0.27530000","3.65000000","2024-01-04T06:36:09.343Z","buy"
"0.26170000","8.30000000","2024-01-04T05:47:38.237Z","buy"
"0.26170000","28.69000000","2024-01-04T05:30:27.938Z","buy"
"0.28370000","590.37000000","2024-01-04T04:28:29.760Z","sell"
"0.26430000","3.32000000","2024-01-04T04:28:07.816Z","buy"
"0.26210000","1680.11000000","2024-01-04T03:48:16.217Z","buy"
"0.28280000","0.07000000","2024-01-04T02:15:29.850Z","buy"
"0.28280000","99.93000000","2024-01-04T02:14:18.694Z","sell"
"0.26170000","47.56000000","2024-01-04T02:02:24.952Z","buy"
"0.26560000","49.33000000","2024-01-04T01:10:57.008Z","buy"
"0.28390000","0.69000000","2024-01-03T23:36:50.346Z","sell"
"0.27280000","49.59000000","2024-01-03T22:49:20.450Z","sell"
"0.26170000","3.04000000","2024-01-03T22:42:20.661Z","buy"
"0.27430000","37.56000000","2024-01-03T21:34:09.021Z","buy"
"0.27430000","10.00000000","2024-01-03T21:27:53.043Z","buy"
"0.26480000","2984.42000000","2024-01-03T21:05:44.656Z","buy"
"0.26490000","80.00000000","2024-01-03T21:05:44.656Z","buy"
"0.26480000","1586.13000000","2024-01-03T21:03:14.133Z","buy"
"0.26490000","80.00000000","2024-01-03T21:03:14.133Z","buy"
"0.26480000","336.52000000","2024-01-03T21:02:36.473Z","buy"
"0.26490000","80.00000000","2024-01-03T21:02:36.473Z","buy"
"0.26480000","206.27000000","2024-01-03T21:01:37.761Z","buy"
"0.26480000","10.37000000","2024-01-03T21:01:37.761Z","buy"
"0.26490000","40.00000000","2024-01-03T21:01:37.761Z","buy"
"0.26490000","80.00000000","2024-01-03T21:01:37.761Z","buy"
"0.26500000","79.80000000","2024-01-03T21:01:37.761Z","buy"
"0.26480000","2.16000000","2024-01-03T20:55:34.703Z","buy"
"0.26480000","0.46000000","2024-01-03T20:43:26.349Z","buy"
"0.27990000","20.10000000","2024-01-03T18:54:04.694Z","buy"
"0.28000000","138.91000000","2024-01-03T18:54:04.691Z","sell"
"0.28000000","74.00000000","2024-01-03T18:54:01.060Z","sell"
"0.28000000","114.00000000","2024-01-03T18:54:00.409Z","sell"
"0.28000000","175.00000000","2024-01-03T18:54:00.159Z","sell"
"0.28000000","270.00000000","2024-01-03T18:53:59.861Z","sell"
"0.28000000","676.00000000","2024-01-03T18:53:59.601Z","sell"
"0.27960000","31.26000000","2024-01-03T18:53:59.336Z","buy"
"0.27990000","13.00000000","2024-01-03T18:53:59.273Z","sell"
"0.27990000","80.00000000","2024-01-03T18:53:59.273Z","sell"
"0.27620000","42.85000000","2024-01-03T18:46:21.505Z","buy"
"0.27630000","40.00000000","2024-01-03T18:46:21.505Z","buy"
"0.27640000","100.00000000","2024-01-03T18:46:21.505Z","buy"
"0.27430000","4.57000000","2024-01-03T18:32:43.202Z","buy"
"0.27440000","100.00000000","2024-01-03T18:32:43.202Z","buy"
"0.27400000","56.00000000","2024-01-03T18:31:34.839Z","sell"
"0.27400000","58.00000000","2024-01-03T18:31:34.599Z","sell"
"0.27400000","89.00000000","2024-01-03T18:31:34.352Z","sell"
"0.27400000","63.00000000","2024-01-03T18:31:23.457Z","sell"
"0.27400000","155.00000000","2024-01-03T18:31:23.190Z","sell"
"0.27400000","159.00000000","2024-01-03T18:31:22.862Z","sell"
"0.27400000","244.00000000","2024-01-03T18:31:22.599Z","sell"
"0.27400000","136.00000000","2024-01-03T18:30:49.859Z","sell"
"0.27400000","137.00000000","2024-01-03T18:30:49.849Z","sell"
"0.27390000","291.19000000","2024-01-03T18:30:39.441Z","buy"
"0.27390000","654.17000000","2024-01-03T18:30:39.433Z","buy"
"0.27370000","12.78000000","2024-01-03T18:30:39.291Z","buy"
"0.27400000","872.67000000","2024-01-03T18:30:39.125Z","buy"
"0.27480000","631.72000000","2024-01-03T18:30:39.125Z","buy"
"0.27490000","100.00000000","2024-01-03T18:30:39.125Z","buy"
"0.27540000","623.04000000","2024-01-03T18:30:39.125Z","buy"
"0.27550000","80.00000000","2024-01-03T18:30:39.125Z","buy"
"0.27550000","40.00000000","2024-01-03T18:30:39.125Z","buy"
"0.27550000","100.00000000","2024-01-03T18:30:39.125Z","buy"
"0.27560000","40.00000000","2024-01-03T18:30:39.125Z","buy"
"0.27820000","505.28000000","2024-01-03T17:54:20.139Z","sell"
"0.27740000","621.80000000","2024-01-03T17:54:20.139Z","sell"
"0.27660000","836.33000000","2024-01-03T17:54:20.139Z","sell"
"0.27590000","792.51000000","2024-01-03T17:54:20.139Z","sell"
"0.27560000","843.64000000","2024-01-03T17:54:20.139Z","sell"
"0.27530000","612.71000000","2024-01-03T17:54:20.139Z","sell"
"0.27530000","822.42000000","2024-01-03T17:54:20.139Z","sell"
"0.27500000","855.93000000","2024-01-03T17:54:20.139Z","sell"
"0.27500000","655.89000000","2024-01-03T17:54:20.139Z","sell"
"0.27490000","100.00000000","2024-01-03T17:54:20.139Z","sell"
"0.27470000","511.82000000","2024-01-03T17:54:20.139Z","sell"
"0.27460000","100.00000000","2024-01-03T17:54:20.139Z","sell"
"0.27410000","707.44000000","2024-01-03T17:54:20.139Z","sell"
"0.27400000","100.00000000","2024-01-03T17:54:20.139Z","sell"
"0.27390000","432.09000000","2024-01-03T17:54:20.139Z","sell"
"0.26590000","7.69000000","2024-01-03T17:50:45.767Z","buy"
"0.27010000","3.61000000","2024-01-03T17:35:31.523Z","sell"
"0.26890000","28.00000000","2024-01-03T16:48:39.698Z","sell"
"0.26890000","40.00000000","2024-01-03T16:48:39.698Z","sell"
"0.26540000","98.32000000","2024-01-03T16:41:59.935Z","buy"
"0.26570000","40.00000000","2024-01-03T16:41:59.935Z","buy"
"0.26590000","84.75000000","2024-01-03T16:41:59.935Z","buy"
"0.26600000","100.00000000","2024-01-03T16:41:59.935Z","buy"
"0.26800000","79.45000000","2024-01-03T16:11:40.520Z","buy"
"0.26800000","11.88000000","2024-01-03T16:11:40.520Z","buy"
"0.27310000","121.00000000","2024-01-03T15:53:47.152Z","sell"
"0.27300000","100.00000000","2024-01-03T15:53:47.152Z","sell"
"0.27300000","37.00000000","2024-01-03T15:53:46.916Z","sell"
"0.27300000","40.00000000","2024-01-03T15:53:46.916Z","sell"
"0.27300000","18.00000000","2024-01-03T15:53:46.536Z","sell"
"0.27290000","100.00000000","2024-01-03T15:53:46.536Z","sell"
"0.27300000","42.00000000","2024-01-03T15:53:42.471Z","sell"
"0.27290000","40.00000000","2024-01-03T15:53:42.471Z","sell"
"0.26840000","329.49000000","2024-01-03T15:20:43.611Z","sell"
"0.26840000","600.00000000","2024-01-03T15:20:43.529Z","sell"
"0.26830000","252.03000000","2024-01-03T15:05:43.766Z","buy"
"0.26840000","80.00000000","2024-01-03T15:05:43.766Z","buy"
"0.26840000","100.00000000","2024-01-03T15:05:43.766Z","buy"
"0.26850000","40.00000000","2024-01-03T15:05:43.766Z","buy"
"0.26850000","217.22000000","2024-01-03T15:05:43.766Z","buy"
"0.26930000","14.77000000","2024-01-03T14:33:13.334Z","sell"
"0.26820000","19.64000000","2024-01-03T14:30:11.905Z","sell"
"0.26820000","9.14000000","2024-01-03T14:29:41.309Z","sell"
"0.26810000","33.37000000","2024-01-03T14:28:48.892Z","sell"
"0.26810000","15.54000000","2024-01-03T14:27:57.806Z","sell"
"0.26810000","28.13000000","2024-01-03T14:27:43.132Z","sell"
"0.26820000","26.75000000","2024-01-03T14:26:49.737Z","sell"
"0.26810000","28.20000000","2024-01-03T14:26:41.686Z","sell"
"0.26810000","16.06000000","2024-01-03T14:26:16.494Z","sell"
"0.26810000","15.94000000","2024-01-03T14:25:42.099Z","sell"
"0.26810000","34.95000000","2024-01-03T14:25:39.159Z","sell"
"0.26810000","13.59000000","2024-01-03T14:25:36.217Z","sell"
"0.26810000","8.44000000","2024-01-03T14:25:33.106Z","sell"
"0.26840000","34.94000000","2024-01-03T14:24:46.580Z","sell"
"0.26850000","28.74000000","2024-01-03T14:24:33.773Z","sell"
"0.26860000","16.83000000","2024-01-03T14:21:34.532Z","sell"
"0.26860000","10.53000000","2024-01-03T14:21:21.064Z","sell"
"0.26860000","13.10000000","2024-01-03T14:21:09.195Z","sell"
"0.26850000","34.84000000","2024-01-03T14:20:46.459Z","sell"
"0.26860000","8.40000000","2024-01-03T14:20:41.510Z","sell"
"0.26860000","28.81000000","2024-01-03T14:20:26.960Z","sell"
"0.26860000","11.28000000","2024-01-03T14:20:15.508Z","sell"
"0.26860000","34.17000000","2024-01-03T14:20:10.773Z","sell"
"0.26880000","91.74000000","2024-01-03T14:19:58.660Z","sell"
"0.27010000","35.08000000","2024-01-03T14:17:51.473Z","sell"
"0.27050000","45.50000000","2024-01-03T13:31:41.871Z","sell"
"0.27050000","54.50000000","2024-01-03T13:31:41.862Z","sell"
"0.27050000","4.50000000","2024-01-03T13:31:41.862Z","sell"
"0.27290000","82.55000000","2024-01-03T13:31:28.023Z","sell"
"0.27250000","232.88000000","2024-01-03T13:31:28.023Z","sell"
"0.27240000","100.00000000","2024-01-03T13:31:28.023Z","sell"
"0.27230000","58.10000000","2024-01-03T13:31:28.023Z","sell"
"0.27220000","100.00000000","2024-01-03T13:31:28.023Z","sell"
"0.27480000","362.14000000","2024-01-03T13:16:40.930Z","sell"
"0.27440000","302.21000000","2024-01-03T13:16:40.930Z","sell"
"0.27430000","93.65000000","2024-01-03T13:16:40.930Z","sell"
"0.27190000","2166.57000000","2024-01-03T13:16:39.728Z","sell"
"0.27190000","1509.00000000","2024-01-03T13:16:39.653Z","sell"
"0.27180000","40.00000000","2024-01-03T13:16:39.653Z","sell"
"0.26860000","292.67000000","2024-01-03T13:16:17.390Z","sell"
"0.26860000","23.29000000","2024-01-03T13:16:17.382Z","sell"
"0.26860000","3000.00000000","2024-01-03T13:16:17.367Z","sell"
"0.26870000","319.61000000","2024-01-03T13:16:17.356Z","buy"
"0.26880000","40.00000000","2024-01-03T13:16:17.356Z","buy"
"0.27250000","193.41000000","2024-01-03T13:13:18.560Z","sell"
"0.27250000","457.00000000","2024-01-03T13:13:18.552Z","sell"
"0.27310000","18.13000000","2024-01-03T12:40:41.779Z","sell"
"0.27260000","3.63000000","2024-01-03T12:36:01.875Z","sell"
"0.27170000","42.92000000","2024-01-03T12:32:23.897Z","sell"
"0.27010000","120.00000000","2024-01-03T12:24:27.368Z","sell"
"0.27000000","10.87000000","2024-01-03T12:19:07.281Z","sell"
"0.27000000","53.00000000","2024-01-03T12:16:44.004Z","sell"
"0.27000000","82.00000000","2024-01-03T12:16:43.682Z","sell"
"0.27000000","155.00000000","2024-01-03T12:16:43.398Z","sell"
"0.27000000","52.63000000","2024-01-03T12:16:43.097Z","sell"
"0.26990000","1.37000000","2024-01-03T12:16:43.097Z","sell"
"0.26990000","155.00000000","2024-01-03T12:16:42.918Z","sell"
"0.27000000","258.00000000","2024-01-03T12:16:42.511Z","sell"
"0.26990000","107.00000000","2024-01-03T12:16:42.106Z","sell"
"0.26990000","77.00000000","2024-01-03T12:16:42.021Z","sell"
"0.26990000","59.00000000","2024-01-03T12:16:40.660Z","sell"
"0.26990000","52.00000000","2024-01-03T12:16:04.711Z","sell"
"0.26990000","74.00000000","2024-01-03T12:16:00.089Z","sell"
"0.26990000","67.00000000","2024-01-03T12:15:59.764Z","sell"
"0.26990000","71.00000000","2024-01-03T12:15:58.723Z","sell"
"0.26990000","122.00000000","2024-01-03T12:15:56.501Z","sell"
"0.26990000","88.00000000","2024-01-03T12:15:56.224Z","sell"
"0.26990000","135.00000000","2024-01-03T12:15:55.895Z","sell"
"0.26990000","201.00000000","2024-01-03T12:15:55.593Z","sell"
"0.26990000","118.00000000","2024-01-03T12:15:54.678Z","sell"
"0.26990000","62.00000000","2024-01-03T12:15:52.703Z","sell"
"0.26990000","63.00000000","2024-01-03T12:15:49.275Z","sell"
"0.26940000","117.99000000","2024-01-03T12:15:48.426Z","sell"
"0.26940000","63.00000000","2024-01-03T12:15:48.379Z","sell"
"0.26940000","158.00000000","2024-01-03T12:15:47.913Z","sell"
"0.27060000","96.00000000","2024-01-03T12:14:38.045Z","sell"
"0.27060000","171.00000000","2024-01-03T12:14:37.430Z","sell"
"0.27060000","263.00000000","2024-01-03T12:14:37.139Z","sell"
"0.27060000","80.00000000","2024-01-03T12:14:36.908Z","sell"
"0.27060000","141.00000000","2024-01-03T12:14:36.637Z","sell"
"0.27060000","210.00000000","2024-01-03T12:14:36.363Z","sell"
"0.27060000","197.00000000","2024-01-03T12:14:36.128Z","sell"
"0.27060000","89.00000000","2024-01-03T12:14:35.351Z","sell"
"0.27060000","101.00000000","2024-01-03T12:14:35.048Z","sell"
"0.27060000","70.00000000","2024-01-03T12:14:34.810Z","sell"
"0.27070000","73.00000000","2024-01-03T12:14:28.952Z","sell"
"0.27060000","112.00000000","2024-01-03T12:14:28.338Z","sell"
"0.27060000","243.00000000","2024-01-03T12:14:27.245Z","sell"
"0.26950000","87.00000000","2024-01-03T12:14:07.698Z","sell"
"0.26950000","87.00000000","2024-01-03T12:14:07.075Z","sell"
"0.26940000","40.00000000","2024-01-03T12:14:07.075Z","sell"
"0.26950000","155.00000000","2024-01-03T12:14:06.933Z","sell"
"0.26950000","496.68000000","2024-01-03T12:14:05.327Z","sell"
"0.26940000","80.00000000","2024-01-03T12:14:05.327Z","sell"
"0.26890000","337.32000000","2024-01-03T12:14:05.327Z","sell"
"0.26880000","40.00000000","2024-01-03T12:14:05.327Z","sell"
"0.26170000","421.62000000","2024-01-03T12:14:03.887Z","buy"
"0.26290000","712.28000000","2024-01-03T12:14:03.887Z","buy"
"0.26440000","874.22000000","2024-01-03T12:14:03.887Z","buy"
"0.26530000","861.06000000","2024-01-03T12:14:03.887Z","buy"
"0.26540000","106.04000000","2024-01-03T12:14:03.887Z","buy"
"0.26550000","80.00000000","2024-01-03T12:14:03.887Z","buy"
"0.26590000","337.32000000","2024-01-03T12:14:03.887Z","buy"
"0.26600000","40.00000000","2024-01-03T12:14:03.887Z","buy"
"0.27440000","9.95000000","2024-01-03T12:08:39.971Z","buy"
"0.27670000","7.42000000","2024-01-03T12:01:52.345Z","buy"
"0.27670000","77.16000000","2024-01-03T12:01:51.937Z","buy"
"0.27680000","40.00000000","2024-01-03T12:01:51.390Z","buy"
"0.28250000","45.87000000","2024-01-03T11:56:02.849Z","buy"
"0.28500000","4.00000000","2024-01-03T11:51:58.197Z","buy"
"0.28600000","3.95000000","2024-01-03T11:07:39.436Z","buy"
"0.28920000","96.12000000","2024-01-03T10:22:40.479Z","sell"
"0.28920000","112.00000000","2024-01-03T10:22:40.407Z","sell"
"0.28920000","112.00000000","2024-01-03T10:22:40.404Z","sell"
"0.28920000","334.00000000","2024-01-03T10:22:39.957Z","sell"
"0.28920000","301.00000000","2024-01-03T10:22:39.762Z","sell"
"0.28920000","301.00000000","2024-01-03T10:22:39.717Z","sell"
"0.28920000","209.00000000","2024-01-03T10:22:39.535Z","sell"
"0.28920000","788.00000000","2024-01-03T10:22:39.494Z","sell"
"0.28920000","1127.00000000","2024-01-03T10:22:39.267Z","sell"
"0.28920000","1133.00000000","2024-01-03T10:22:39.264Z","sell"
"0.29020000","60.00000000","2024-01-03T10:10:08.385Z","sell"
"0.29020000","20.00000000","2024-01-03T10:10:08.381Z","sell"
"0.29010000","40.00000000","2024-01-03T10:10:08.381Z","sell"
"0.29030000","14.00000000","2024-01-03T10:03:10.272Z","sell"
"0.29020000","40.00000000","2024-01-03T10:03:10.272Z","sell"
"0.29020000","14.00000000","2024-01-03T10:03:10.269Z","sell"
"0.29020000","40.00000000","2024-01-03T10:03:10.269Z","sell"
"0.29030000","113.00000000","2024-01-03T10:03:09.653Z","sell"
"0.29030000","114.00000000","2024-01-03T10:03:09.632Z","sell"
"0.28990000","15.00000000","2024-01-03T09:59:49.919Z","sell"
"0.28990000","40.00000000","2024-01-03T09:59:49.919Z","sell"
"0.28990000","55.00000000","2024-01-03T09:59:49.912Z","sell"
"0.28740000","119.47000000","2024-01-03T09:53:23.032Z","buy"
"0.28750000","40.00000000","2024-01-03T09:53:23.032Z","buy"
"0.28750000","40.00000000","2024-01-03T09:53:23.032Z","buy"
"0.28750000","80.00000000","2024-01-03T09:53:23.032Z","buy"
"0.28570000","174.44000000","2024-01-03T09:45:39.565Z","buy"
"0.29320000","909.33000000","2024-01-03T09:16:46.693Z","sell"
"0.29310000","40.00000000","2024-01-03T09:16:46.693Z","sell"
"0.29310000","40.00000000","2024-01-03T09:16:46.693Z","sell"
"0.29310000","80.00000000","2024-01-03T09:16:46.693Z","sell"
"0.29070000","68.80000000","2024-01-03T07:25:08.562Z","sell"
"0.29060000","320.44000000","2024-01-03T07:25:08.562Z","sell"
"0.29060000","449.00000000","2024-01-03T07:25:08.521Z","sell"
"0.28610000","242.03000000","2024-01-03T07:20:19.356Z","buy"
"0.28620000","40.00000000","2024-01-03T07:20:19.356Z","buy"
"0.28620000","80.00000000","2024-01-03T07:20:19.356Z","buy"
"0.28620000","90.00000000","2024-01-03T07:20:19.356Z","buy"
"0.28630000","40.00000000","2024-01-03T07:20:19.356Z","buy"
"0.28860000","68.80000000","2024-01-03T07:20:19.356Z","buy"
"0.29060000","262.00000000","2024-01-03T07:01:42.749Z","sell"
"0.29060000","111.20000000","2024-01-03T07:01:42.746Z","sell"
"0.29050000","40.00000000","2024-01-03T07:01:42.746Z","sell"
"0.29050000","68.80000000","2024-01-03T07:01:42.746Z","sell"
"0.29050000","40.00000000","2024-01-03T07:01:42.746Z","sell"
"0.28580000","40.87000000","2024-01-03T06:55:59.067Z","buy"
"0.28880000","24.00000000","2024-01-03T06:55:59.067Z","buy"
"0.28930000","200.00000000","2024-01-03T06:55:59.067Z","buy"
"0.28930000","68.80000000","2024-01-03T06:55:59.067Z","buy"
"0.29110000","83.38000000","2024-01-03T05:49:23.517Z","sell"
"0.28780000","17.24000000","2024-01-03T05:49:23.517Z","sell"
"0.28780000","52.00000000","2024-01-03T05:48:40.276Z","sell"
"0.28770000","53.00000000","2024-01-03T03:33:28.323Z","sell"
"0.28540000","5.71000000","2024-01-03T03:01:17.987Z","buy"
"0.28530000","1.68000000","2024-01-03T02:53:52.195Z","buy"
"0.28860000","4.26000000","2024-01-03T02:20:44.352Z","buy"
"0.28860000","40.00000000","2024-01-03T02:20:44.352Z","buy"
"0.28860000","40.00000000","2024-01-03T02:20:41.261Z","buy"
"0.28860000","40.00000000","2024-01-03T02:20:41.261Z","buy"
"0.28860000","69.24000000","2024-01-03T02:20:41.261Z","buy"
"0.28860000","40.00000000","2024-01-03T02:20:39.354Z","buy"
"0.28860000","40.00000000","2024-01-03T02:20:39.354Z","buy"
"0.28930000","68.37000000","2024-01-03T02:08:56.383Z","sell"
"0.28940000","212.00000000","2024-01-03T02:08:56.138Z","sell"
"0.29020000","40.59000000","2024-01-03T02:04:26.530Z","sell"
"0.28790000","14.41000000","2024-01-03T02:04:26.074Z","sell"
"0.28790000","55.00000000","2024-01-03T02:04:26.010Z","sell"
"0.28780000","131.00000000","2024-01-03T02:04:25.859Z","sell"
"0.28780000","133.00000000","2024-01-03T02:04:25.757Z","sell"
"0.28770000","18.65000000","2024-01-03T01:31:22.760Z","buy"
"0.28770000","38.37000000","2024-01-03T01:31:22.350Z","buy"
"0.28770000","12.38000000","2024-01-03T01:31:22.012Z","buy"
"0.28500000","11.31000000","2024-01-03T00:17:04.748Z","sell"
"0.28490000","127.00000000","2024-01-03T00:13:13.962Z","sell"
"0.28490000","127.00000000","2024-01-03T00:13:13.932Z","sell"
"0.28500000","59.00000000","2024-01-03T00:08:01.293Z","sell"
"0.28500000","59.00000000","2024-01-03T00:08:01.227Z","sell"
"0.28490000","218.00000000","2024-01-03T00:06:55.885Z","sell"
"0.28490000","178.00000000","2024-01-03T00:06:55.875Z","sell"
"0.28480000","40.00000000","2024-01-03T00:06:55.875Z","sell"
"0.28490000","103.00000000","2024-01-03T00:04:05.046Z","sell"
"0.28490000","103.00000000","2024-01-03T00:04:05.046Z","sell"
"0.28490000","141.00000000","2024-01-03T00:04:04.787Z","sell"
"0.28490000","142.00000000","2024-01-03T00:04:04.777Z","sell"
"0.28480000","33.00000000","2024-01-03T00:04:04.285Z","sell"
"0.28480000","40.00000000","2024-01-03T00:04:04.285Z","sell"
"0.28480000","74.00000000","2024-01-03T00:04:04.268Z","sell"
"0.28240000","64.68000000","2024-01-03T00:03:18.493Z","buy"
"0.28250000","80.00000000","2024-01-03T00:03:18.493Z","buy"
"0.28250000","40.00000000","2024-01-03T00:03:18.493Z","buy"
"0.28250000","40.00000000","2024-01-03T00:03:18.493Z","buy"
"0.28500000","88.00000000","2024-01-03T00:01:02.546Z","sell"
"0.28500000","88.00000000","2024-01-03T00:01:02.532Z","sell"
"0.28500000","86.00000000","2024-01-03T00:01:01.822Z","sell"
"0.28500000","86.00000000","2024-01-03T00:01:01.811Z","sell"
"0.28500000","84.00000000","2024-01-03T00:01:01.352Z","sell"
"0.28500000","84.00000000","2024-01-03T00:01:01.325Z","sell"
"0.28500000","72.00000000","2024-01-03T00:01:01.115Z","sell"
"0.28500000","72.00000000","2024-01-03T00:01:01.103Z","sell"
"0.28500000","140.00000000","2024-01-03T00:01:00.575Z","sell"
"0.28500000","140.00000000","2024-01-03T00:01:00.548Z","sell"
"0.28500000","56.00000000","2024-01-03T00:01:00.479Z","sell"
"0.28500000","56.00000000","2024-01-03T00:01:00.348Z","sell"
"0.28500000","109.00000000","2024-01-03T00:01:00.147Z","sell"
"0.28500000","108.00000000","2024-01-03T00:01:00.087Z","sell"
"0.28500000","379.00000000","2024-01-03T00:00:59.169Z","sell"
"0.28500000","383.00000000","2024-01-03T00:00:59.154Z","sell"
"0.28500000","886.00000000","2024-01-03T00:00:59.116Z","sell"
"0.28500000","66.30000000","2024-01-03T00:00:59.092Z","sell"
"0.28470000","70.36000000","2024-01-03T00:00:59.092Z","sell"
"0.28460000","756.34000000","2024-01-03T00:00:59.092Z","sell"
"0.28460000","962.00000000","2024-01-03T00:00:58.902Z","sell"
"0.28460000","962.00000000","2024-01-03T00:00:58.867Z","sell"
"0.28470000","400.00000000","2024-01-03T00:00:52.728Z","sell"
"0.28470000","403.00000000","2024-01-03T00:00:52.710Z","sell"
"0.28420000","52.00000000","2024-01-02T23:59:26.068Z","sell"
"0.28420000","267.00000000","2024-01-02T23:59:25.327Z","sell"
"0.28420000","267.00000000","2024-01-02T23:59:25.313Z","sell"
"0.28420000","72.00000000","2024-01-02T23:59:25.283Z","sell"
"0.28420000","28.47000000","2024-01-02T23:59:25.234Z","sell"
"0.28420000","40.00000000","2024-01-02T23:59:25.234Z","sell"
"0.28390000","4.53000000","2024-01-02T23:59:25.234Z","sell"
"0.28390000","89.00000000","2024-01-02T23:59:25.043Z","sell"
"0.28390000","90.00000000","2024-01-02T23:59:24.995Z","sell"
"0.28390000","129.00000000","2024-01-02T23:59:24.753Z","sell"
"0.28390000","130.00000000","2024-01-02T23:59:24.744Z","sell"
"0.27970000","128.88000000","2024-01-02T23:58:59.928Z","buy"
"0.27980000","40.00000000","2024-01-02T23:58:59.928Z","buy"
"0.28350000","70.37000000","2024-01-02T23:58:59.928Z","buy"
"0.28590000","74.96000000","2024-01-02T23:26:11.846Z","sell"
"0.28490000","566.00000000","2024-01-02T22:53:18.504Z","sell"
"0.28490000","458.34000000","2024-01-02T22:53:18.278Z","sell"
"0.28300000","112.66000000","2024-01-02T22:53:17.908Z","sell"
"0.28300000","129.00000000","2024-01-02T22:52:29.383Z","sell"
"0.28300000","129.00000000","2024-01-02T22:52:29.367Z","sell"
"0.28300000","27.14000000","2024-01-02T22:52:29.150Z","sell"
"0.28290000","78.86000000","2024-01-02T22:52:29.150Z","sell"
"0.28290000","76.16000000","2024-01-02T22:52:29.009Z","sell"
"0.28290000","30.84000000","2024-01-02T22:52:29.009Z","sell"
"0.28290000","38.88000000","2024-01-02T22:52:14.906Z","sell"
"0.28280000","53.12000000","2024-01-02T22:52:14.906Z","sell"
"0.28280000","60.00000000","2024-01-02T22:52:14.683Z","sell"
"0.28280000","60.00000000","2024-01-02T22:52:14.673Z","sell"
"0.28280000","92.00000000","2024-01-02T22:52:14.394Z","sell"
"0.28280000","307.00000000","2024-01-02T22:52:14.164Z","sell"
"0.28280000","307.00000000","2024-01-02T22:52:14.153Z","sell"
"0.28280000","58.00000000","2024-01-02T22:52:13.910Z","sell"
"0.28280000","58.00000000","2024-01-02T22:52:13.895Z","sell"
"0.28290000","55.00000000","2024-01-02T22:52:01.289Z","sell"
"0.28290000","55.00000000","2024-01-02T22:52:01.234Z","sell"
"0.28450000","10.00000000","2024-01-02T22:38:06.745Z","sell"
"0.28460000","10.00000000","2024-01-02T22:37:37.836Z","sell"
"0.28310000","31.00000000","2024-01-02T22:25:22.558Z","sell"
"0.28310000","40.00000000","2024-01-02T22:25:22.558Z","sell"
"0.28310000","58.00000000","2024-01-02T22:25:22.194Z","sell"
"0.28030000","443.38000000","2024-01-02T22:22:41.515Z","buy"
"0.28360000","348.00000000","2024-01-02T22:19:16.602Z","sell"
"0.28360000","351.00000000","2024-01-02T22:19:16.580Z","sell"
"0.28400000","265.00000000","2024-01-02T22:18:16.167Z","sell"
"0.28400000","263.00000000","2024-01-02T22:18:15.648Z","sell"
"0.28390000","15.00000000","2024-01-02T22:11:46.285Z","sell"
"0.28380000","40.00000000","2024-01-02T22:11:46.285Z","sell"
"0.28380000","55.00000000","2024-01-02T22:11:46.256Z","sell"
"0.27830000","451.87000000","2024-01-02T22:11:17.796Z","buy"
"0.28290000","118.00000000","2024-01-02T22:06:48.309Z","sell"
"0.28290000","79.00000000","2024-01-02T22:06:48.289Z","sell"
"0.28280000","40.00000000","2024-01-02T22:06:48.289Z","sell"
"0.27830000","252.55000000","2024-01-02T22:05:53.877Z","buy"
"0.27910000","747.21000000","2024-01-02T22:05:53.877Z","buy"
"0.27920000","40.00000000","2024-01-02T22:05:53.877Z","buy"
"0.27920000","80.00000000","2024-01-02T22:05:53.877Z","buy"
"0.27950000","244.56000000","2024-01-02T22:05:53.877Z","buy"
"0.27960000","40.00000000","2024-01-02T22:05:53.877Z","buy"
"0.27960000","100.00000000","2024-01-02T22:05:53.877Z","buy"
"0.28180000","13.76000000","2024-01-02T22:05:53.877Z","buy"
"0.28210000","37.08000000","2024-01-02T20:47:06.279Z","buy"
"0.28540000","70.06000000","2024-01-02T20:33:49.806Z","buy"
"0.28540000","45.40000000","2024-01-02T20:33:49.806Z","buy"
"0.28510000","1000.00000000","2024-01-02T19:36:22.312Z","buy"
"0.28510000","65.50000000","2024-01-02T17:52:15.490Z","sell"
"0.28500000","40.00000000","2024-01-02T17:52:15.490Z","sell"
"0.28500000","35.41000000","2024-01-02T17:52:15.490Z","sell"
"0.28400000","1.42000000","2024-01-02T17:37:16.235Z","buy"
"0.28630000","32.00000000","2024-01-02T17:28:16.300Z","sell"
"0.28620000","34.00000000","2024-01-02T17:28:16.300Z","sell"
"0.28620000","66.00000000","2024-01-02T17:28:16.266Z","sell"
"0.28430000","1528.45000000","2024-01-02T17:18:21.036Z","buy"
"0.28440000","212.10000000","2024-01-02T17:18:21.036Z","buy"
"0.28440000","100.00000000","2024-01-02T17:18:21.036Z","buy"
"0.28450000","100.00000000","2024-01-02T17:18:21.036Z","buy"
"0.28450000","371.70000000","2024-01-02T17:18:21.036Z","buy"
"0.28460000","40.00000000","2024-01-02T17:18:21.036Z","buy"
"0.28460000","80.00000000","2024-01-02T17:18:21.036Z","buy"
"0.28460000","100.00000000","2024-01-02T17:18:21.036Z","buy"
"0.28470000","100.00000000","2024-01-02T17:18:21.036Z","buy"
"0.28470000","40.00000000","2024-01-02T17:18:21.036Z","buy"
"0.28480000","100.00000000","2024-01-02T17:18:21.036Z","buy"
"0.29080000","4.87000000","2024-01-02T16:29:39.559Z","sell"
"0.28990000","164.00000000","2024-01-02T16:14:46.307Z","sell"
"0.28980000","40.00000000","2024-01-02T16:14:46.307Z","sell"
"0.28980000","40.00000000","2024-01-02T16:14:46.307Z","sell"
"0.28970000","244.00000000","2024-01-02T16:14:46.036Z","sell"
"0.28790000","43.66000000","2024-01-02T16:14:45.454Z","sell"
"0.28780000","698.17000000","2024-01-02T16:14:45.454Z","sell"
"0.28780000","836.00000000","2024-01-02T16:14:45.415Z","sell"
"0.28780000","856.00000000","2024-01-02T16:14:45.221Z","sell"
"0.28780000","57.00000000","2024-01-02T16:14:45.179Z","sell"
"0.28780000","87.00000000","2024-01-02T16:14:44.952Z","sell"
"0.28780000","87.00000000","2024-01-02T16:14:44.930Z","sell"
"0.28790000","173.00000000","2024-01-02T16:13:04.428Z","sell"
"0.28790000","64.12000000","2024-01-02T16:13:04.218Z","sell"
"0.28780000","494.88000000","2024-01-02T16:13:04.218Z","sell"
"0.28780000","364.74000000","2024-01-02T16:13:04.208Z","sell"
"0.28770000","40.00000000","2024-01-02T16:13:04.208Z","sell"
"0.28770000","80.00000000","2024-01-02T16:13:04.208Z","sell"
"0.28760000","74.26000000","2024-01-02T16:13:04.208Z","sell"
"0.28780000","740.00000000","2024-01-02T16:13:04.062Z","sell"
"0.28770000","40.00000000","2024-01-02T16:13:04.062Z","sell"
"0.28770000","80.00000000","2024-01-02T16:13:04.062Z","sell"
"0.28780000","858.74000000","2024-01-02T16:13:03.953Z","sell"
"0.28770000","1.26000000","2024-01-02T16:13:03.953Z","sell"
"0.28770000","98.74000000","2024-01-02T16:13:03.728Z","sell"
"0.28770000","82.26000000","2024-01-02T16:13:03.728Z","sell"
"0.28770000","182.00000000","2024-01-02T16:13:03.725Z","sell"
"0.28770000","11.13000000","2024-01-02T16:11:43.342Z","buy"
"0.28790000","11.13000000","2024-01-02T16:07:58.098Z","buy"
"0.28810000","21.95000000","2024-01-02T16:07:44.847Z","buy"
"0.28810000","47.31000000","2024-01-02T16:07:44.511Z","buy"
"0.28820000","1.99000000","2024-01-02T16:05:05.001Z","sell"
"0.28820000","50.01000000","2024-01-02T16:05:05.001Z","sell"
"0.28820000","49.99000000","2024-01-02T16:05:04.025Z","sell"
"0.28820000","6.01000000","2024-01-02T16:05:04.025Z","sell"
"0.28820000","56.00000000","2024-01-02T16:05:04.017Z","sell"
"0.28820000","72.00000000","2024-01-02T16:05:03.700Z","sell"
"0.28820000","32.00000000","2024-01-02T16:05:03.695Z","sell"
"0.28810000","40.00000000","2024-01-02T16:05:03.695Z","sell"
"0.28790000","50.71000000","2024-01-02T16:05:01.060Z","sell"
"0.28790000","4.29000000","2024-01-02T16:05:01.060Z","sell"
"0.28790000","55.00000000","2024-01-02T16:05:01.049Z","sell"
"0.28800000","31.00000000","2024-01-02T16:01:04.306Z","sell"
"0.28790000","34.00000000","2024-01-02T16:01:04.306Z","sell"
"0.28790000","66.00000000","2024-01-02T16:01:04.285Z","sell"
"0.28800000","8.62000000","2024-01-02T16:00:49.065Z","sell"
"0.28790000","13.69000000","2024-01-02T16:00:19.095Z","buy"
"0.28790000","13.68000000","2024-01-02T15:59:38.510Z","buy"
"0.28790000","27.36000000","2024-01-02T15:59:15.260Z","buy"
"0.28780000","54.73000000","2024-01-02T15:58:51.859Z","buy"
"0.28780000","30.85000000","2024-01-02T15:58:33.095Z","buy"
"0.28780000","24.34000000","2024-01-02T15:58:30.508Z","buy"
"0.28780000","3.48000000","2024-01-02T15:58:29.768Z","buy"
"0.28780000","10.81000000","2024-01-02T15:58:29.358Z","buy"
"0.28810000","8.62000000","2024-01-02T15:56:48.528Z","sell"
"0.28800000","55.00000000","2024-01-02T15:55:14.870Z","sell"
"0.28800000","102.00000000","2024-01-02T15:55:14.668Z","sell"
"0.28800000","96.04000000","2024-01-02T15:55:14.648Z","sell"
"0.28790000","37.96000000","2024-01-02T15:55:14.648Z","sell"
"0.28780000","69.48000000","2024-01-02T15:55:14.097Z","buy"
"0.28780000","17.24000000","2024-01-02T15:55:14.097Z","buy"
"0.28790000","31.00000000","2024-01-02T15:52:33.316Z","sell"
"0.28780000","34.00000000","2024-01-02T15:52:33.316Z","sell"
"0.28780000","66.00000000","2024-01-02T15:52:33.271Z","sell"
"0.28790000","70.00000000","2024-01-02T15:51:51.537Z","sell"
"0.28790000","72.00000000","2024-01-02T15:51:50.323Z","sell"
"0.28820000","8.77000000","2024-01-02T15:51:32.621Z","buy"
"0.28410000","93.35000000","2024-01-02T15:27:18.808Z","buy"
"0.28420000","100.00000000","2024-01-02T15:27:18.808Z","buy"
"0.28470000","596.86000000","2024-01-02T15:27:18.808Z","buy"
"0.28480000","100.00000000","2024-01-02T15:27:18.808Z","buy"
"0.28500000","286.31000000","2024-01-02T15:27:18.808Z","buy"
"0.28510000","40.00000000","2024-01-02T15:27:18.808Z","buy"
"0.28510000","80.00000000","2024-01-02T15:27:18.808Z","buy"
"0.28510000","100.00000000","2024-01-02T15:27:18.808Z","buy"
"0.28520000","100.00000000","2024-01-02T15:27:18.808Z","buy"
"0.28530000","40.00000000","2024-01-02T15:27:18.808Z","buy"
"0.28540000","100.00000000","2024-01-02T15:27:18.808Z","buy"
"0.28400000","20.65000000","2024-01-02T15:26:14.956Z","buy"
"0.28400000","80.00000000","2024-01-02T15:26:14.956Z","buy"
"0.28400000","40.00000000","2024-01-02T15:26:14.956Z","buy"
"0.28490000","24.57000000","2024-01-02T15:26:14.956Z","buy"
"0.28960000","34.34000000","2024-01-02T15:13:57.372Z","sell"
"0.28840000","3.53000000","2024-01-02T15:07:22.056Z","sell"
"0.28960000","13.73000000","2024-01-02T14:48:57.294Z","sell"
"0.28950000","100.00000000","2024-01-02T14:48:57.294Z","sell"
"0.28960000","29.59000000","2024-01-02T14:38:03.913Z","buy"
"0.28960000","70.41000000","2024-01-02T14:38:02.760Z","buy"
"0.28960000","36.93000000","2024-01-02T14:38:02.760Z","buy"
"0.28960000","63.07000000","2024-01-02T14:38:01.647Z","buy"
"0.28960000","68.97000000","2024-01-02T14:38:01.647Z","buy"
"0.29120000","45.54000000","2024-01-02T14:35:29.963Z","sell"
"0.29020000","67.93000000","2024-01-02T14:35:29.963Z","sell"
"0.29030000","10.00000000","2024-01-02T14:33:24.416Z","sell"
"0.28900000","33.66000000","2024-01-02T14:27:19.628Z","buy"
"0.29240000","10.07000000","2024-01-02T14:26:26.109Z","buy"
"0.29240000","10.29000000","2024-01-02T14:26:19.013Z","buy"
"0.29240000","47.91000000","2024-01-02T14:26:18.433Z","buy"
"0.29340000","188.36000000","2024-01-02T14:23:27.754Z","sell"
"0.29350000","153.75000000","2024-01-02T14:12:45.446Z","sell"
"0.29390000","118.87000000","2024-01-02T14:02:58.863Z","sell"
"0.29390000","34.28000000","2024-01-02T14:02:58.863Z","sell"
"0.29380000","40.00000000","2024-01-02T14:02:58.863Z","sell"
"0.29280000","33.66000000","2024-01-02T13:56:42.657Z","sell"
"0.28800000","39.92000000","2024-01-02T13:54:43.471Z","buy"
"0.28800000","40.00000000","2024-01-02T13:54:43.471Z","buy"
"0.28810000","40.00000000","2024-01-02T13:54:43.471Z","buy"
"0.28840000","44.93000000","2024-01-02T13:54:43.471Z","buy"
"0.28900000","24.23000000","2024-01-02T13:54:43.471Z","buy"
"0.29230000","68.25000000","2024-01-02T13:54:43.471Z","buy"
"0.29320000","118.65000000","2024-01-02T13:49:06.278Z","sell"
"0.29360000","126.69000000","2024-01-02T13:40:05.010Z","sell"
"0.29330000","148.48000000","2024-01-02T13:30:23.382Z","sell"
"0.29330000","111.69000000","2024-01-02T13:17:03.517Z","sell"
"0.29290000","175.78000000","2024-01-02T13:01:16.946Z","sell"
"0.29250000","3.47000000","2024-01-02T13:01:16.946Z","sell"
"0.29110000","3.45000000","2024-01-02T12:56:52.762Z","buy"
"0.29320000","170.42000000","2024-01-02T12:45:17.650Z","sell"
"0.29390000","174.41000000","2024-01-02T12:33:12.339Z","sell"
"0.29260000","129.00000000","2024-01-02T12:20:26.628Z","sell"
"0.29340000","152.10000000","2024-01-02T12:11:34.279Z","sell"
"0.29250000","176.97000000","2024-01-02T11:55:40.801Z","sell"
"0.29210000","196.49000000","2024-01-02T11:45:40.065Z","sell"
"0.29320000","148.60000000","2024-01-02T11:30:58.729Z","sell"
"0.29390000","136.20000000","2024-01-02T11:16:26.394Z","sell"
"0.29400000","150.49000000","2024-01-02T11:02:04.062Z","sell"
"0.29350000","109.77000000","2024-01-02T10:49:28.668Z","sell"
"0.29340000","6.17000000","2024-01-02T10:49:28.668Z","sell"
"0.29290000","6.07000000","2024-01-02T10:45:40.810Z","buy"
"0.29400000","196.92000000","2024-01-02T10:36:54.370Z","sell"
"0.29400000","149.12000000","2024-01-02T10:23:16.101Z","sell"
"0.29340000","121.90000000","2024-01-02T10:12:48.959Z","sell"
"0.29330000","15.95000000","2024-01-02T10:12:48.959Z","sell"
"0.29290000","15.92000000","2024-01-02T09:57:57.346Z","buy"
"0.29400000","134.13000000","2024-01-02T09:56:59.514Z","sell"
"0.29400000","82.47000000","2024-01-02T09:46:08.378Z","sell"
"0.29390000","80.00000000","2024-01-02T09:46:08.378Z","sell"
"0.29420000","163.68000000","2024-01-02T09:32:55.254Z","sell"
"0.29380000","162.81000000","2024-01-02T09:22:23.124Z","sell"
"0.29410000","112.37000000","2024-01-02T09:08:28.931Z","sell"
"0.29460000","154.85000000","2024-01-02T08:57:29.518Z","sell"
"0.29510000","187.23000000","2024-01-02T08:48:23.323Z","sell"
"0.29440000","114.66000000","2024-01-02T08:35:09.192Z","sell"
"0.29370000","136.54000000","2024-01-02T08:22:59.041Z","sell"
"0.29300000","19.26000000","2024-01-02T08:22:59.041Z","sell"
"0.29140000","18.76000000","2024-01-02T08:17:47.838Z","buy"
"0.29280000","78.39000000","2024-01-02T08:14:48.552Z","sell"
"0.29200000","125.61000000","2024-01-02T08:14:48.111Z","sell"
"0.29200000","229.00000000","2024-01-02T08:14:47.912Z","sell"
"0.29200000","229.00000000","2024-01-02T08:14:47.908Z","sell"
"0.29200000","71.00000000","2024-01-02T08:14:47.857Z","sell"
"0.29200000","351.00000000","2024-01-02T08:14:47.675Z","sell"