"price","volume","time","side","orderType"
"0.38000","36.22744938","2024-05-27T19:26:55.086Z","s","maker"
"0.38100","120.28416876","2024-05-27T19:24:22.685Z","s","maker"
"0.38100","131.23359580","2024-05-27T19:22:52.785Z","b","taker"
"0.38100","1162.46692913","2024-05-27T19:22:52.785Z","b","taker"
"0.38000","1114.14739547","2024-05-27T19:19:40.226Z","s","maker"
"0.38000","418.84816753","2024-05-27T19:19:40.226Z","s","maker"
"0.37900","1996.83792000","2024-05-27T19:19:40.226Z","s","maker"
"0.37900","367.90649089","2024-05-27T19:19:40.226Z","s","maker"
"0.37900","85.00988956","2024-05-27T19:19:40.226Z","s","maker"
"0.38100","26.24671916","2024-05-27T19:19:29.541Z","b","taker"
"0.38100","249.67078858","2024-05-27T19:17:35.671Z","b","maker"
"0.37900","131.92612137","2024-05-27T19:17:23.287Z","b","maker"
"0.38000","310.97315234","2024-05-27T19:16:34.737Z","s","maker"
"0.37900","86.18138184","2024-05-27T19:16:34.733Z","b","maker"
"0.38000","131.57894736","2024-05-27T19:16:34.733Z","b","maker"
"0.38000","32.29984210","2024-05-27T19:16:34.455Z","b","maker"
"0.37900","1267.38085192","2024-05-27T19:16:34.393Z","b","maker"
"0.38000","191.53050149","2024-05-27T19:16:34.393Z","b","maker"
"0.37700","99.46949602","2024-05-27T19:15:31.709Z","b","maker"
"0.37700","77.08813475","2024-05-27T19:15:06.144Z","s","maker"
"0.37800","249.92070921","2024-05-27T19:12:02.695Z","s","taker"
"0.37800","134.67929079","2024-05-27T19:12:02.695Z","s","taker"
"0.37900","1996.83792000","2024-05-27T19:11:17.800Z","s","maker"
"0.37900","1113.14451505","2024-05-27T19:11:17.800Z","s","maker"
"0.37900","6107.36319836","2024-05-27T19:11:17.800Z","s","maker"
"0.37900","818.14648912","2024-05-27T19:11:17.800Z","s","maker"
"0.38100","811.61502258","2024-05-27T19:08:41.268Z","b","maker"
"0.38100","95.92456906","2024-05-27T19:08:41.268Z","b","maker"
"0.38100","5407.58040836","2024-05-27T19:08:41.268Z","b","maker"
"0.38100","34.23592064","2024-05-27T19:08:34.248Z","s","maker"
"0.38100","48.59875473","2024-05-27T19:08:34.248Z","s","maker"
"0.38100","6778.18280101","2024-05-27T19:03:28.739Z","s","maker"
"0.38100","813.85175690","2024-05-27T19:03:28.739Z","s","maker"
"0.38100","3774.13344000","2024-05-27T19:03:28.739Z","s","maker"
"0.38100","1996.83792000","2024-05-27T19:03:28.739Z","s","maker"
"0.38100","570.22617850","2024-05-27T19:03:28.739Z","s","maker"
"0.38100","249.67078857","2024-05-27T19:02:29.963Z","b","maker"
"0.38100","67.21587199","2024-05-27T19:02:29.963Z","b","maker"
"0.38000","164.31415000","2024-05-27T19:02:14.098Z","s","maker"
"0.37900","34.41658513","2024-05-27T18:59:05.115Z","b","maker"
"0.37800","26.52519893","2024-05-27T18:57:30.139Z","s","taker"
"0.38000","519.73701307","2024-05-27T18:52:46.641Z","b","taker"
"0.38000","64.12305702","2024-05-27T18:52:08.113Z","b","maker"
"0.38000","131.57894736","2024-05-27T18:52:08.113Z","b","maker"
"0.38000","111.03496072","2024-05-27T18:52:08.113Z","b","maker"
"0.37900","247.30373844","2024-05-27T18:51:19.579Z","b","maker"
"0.37900","113.17185681","2024-05-27T18:51:14.662Z","b","maker"
"0.37900","71.48258575","2024-05-27T18:51:01.515Z","b","taker"
"0.37800","54.96321069","2024-05-27T18:50:32.849Z","s","taker"
"0.37800","275.61530171","2024-05-27T18:50:32.849Z","s","taker"
"0.37800","158.69845499","2024-05-27T18:50:29.411Z","s","taker"
"0.37800","82.53442048","2024-05-27T18:50:29.411Z","s","taker"
"0.37800","12.28825130","2024-05-27T18:50:29.411Z","s","taker"
"0.37900","248.60533706","2024-05-27T18:50:29.312Z","b","maker"
"0.37800","91.22225422","2024-05-27T18:49:02.027Z","s","maker"
"0.37900","80.82386255","2024-05-27T18:49:00.685Z","b","maker"
"0.37900","81.24482017","2024-05-27T18:48:57.720Z","b","maker"
"0.37900","81.67018571","2024-05-27T18:48:55.493Z","b","maker"
"0.37900","82.10002880","2024-05-27T18:48:51.811Z","b","maker"
"0.37900","194.09035000","2024-05-27T18:46:59.727Z","s","maker"
"0.38000","64.12305702","2024-05-27T18:46:17.810Z","s","maker"
"0.38000","1177.18085038","2024-05-27T18:46:17.810Z","s","maker"
"0.38000","1795.79736842","2024-05-27T18:45:07.487Z","s","maker"
"0.37900","70.38123167","2024-05-27T18:45:07.487Z","s","maker"
"0.37900","2083.79496574","2024-05-27T18:45:07.487Z","s","maker"
"0.38000","10314.06000000","2024-05-27T18:45:07.366Z","s","maker"
"0.38000","1974.50291853","2024-05-27T18:45:04.577Z","s","maker"
"0.38000","1972.46832033","2024-05-27T18:45:03.764Z","s","maker"
"0.38000","767.42203647","2024-05-27T18:45:03.760Z","s","maker"
"0.38000","11028.17000000","2024-05-27T18:44:57.677Z","s","maker"
"0.38000","47.57109850","2024-05-27T18:44:39.105Z","b","maker"
"0.38000","42.65886319","2024-05-27T18:41:22.100Z","s","taker"
"0.38000","13.91879911","2024-05-27T18:41:22.100Z","s","taker"
"0.38000","13.58404000","2024-05-27T18:41:15.779Z","s","maker"
"0.38100","303.10107689","2024-05-27T18:41:13.998Z","s","maker"
"0.38100","73.92583566","2024-05-27T18:41:13.998Z","s","maker"
"0.38100","10.21485000","2024-05-27T18:41:09.256Z","s","maker"
"0.38400","344.20730803","2024-05-27T18:39:37.701Z","b","taker"
"0.38500","306.45400000","2024-05-27T18:39:37.701Z","b","taker"
"0.38600","44.23052707","2024-05-27T18:36:06.098Z","b","maker"
"0.38600","113.05867260","2024-05-27T18:36:06.098Z","b","maker"
"0.38600","305.66337909","2024-05-27T18:36:06.098Z","b","maker"
"0.38600","129.53367875","2024-05-27T18:36:06.098Z","b","maker"
"0.38600","125.60821249","2024-05-27T18:36:06.098Z","b","maker"
"0.38500","48.70129870","2024-05-27T18:35:41.765Z","s","maker"
"0.38500","111.33961112","2024-05-27T18:35:28.315Z","s","taker"
"0.38500","111.96461960","2024-05-27T18:35:28.038Z","s","taker"
"0.38500","180.28442534","2024-05-27T18:35:26.511Z","b","maker"
"0.38600","11.94487612","2024-05-27T18:35:26.511Z","b","maker"
"0.38500","20.03160281","2024-05-27T18:35:17.974Z","b","maker"
"0.38500","22.25733645","2024-05-27T18:35:13.946Z","b","maker"
"0.38500","24.73037384","2024-05-27T18:35:01.915Z","b","maker"
"0.38400","7.85805306","2024-05-27T18:34:27.088Z","b","maker"
"0.38400","105.90790084","2024-05-27T18:34:27.088Z","b","maker"
"0.38400","70.73990205","2024-05-27T18:34:27.088Z","b","maker"
"0.38400","26.34364186","2024-05-27T18:34:25.688Z","b","maker"
"0.38300","300.00000000","2024-05-27T18:34:22.899Z","s","taker"
"0.38300","8.76920955","2024-05-27T18:34:22.594Z","b","maker"
"0.38300","33.22259136","2024-05-27T18:34:22.594Z","b","maker"
"0.38300","248.60533706","2024-05-27T18:34:22.594Z","b","maker"
"0.38300","32.28857088","2024-05-27T18:34:21.710Z","b","maker"
"0.38300","35.87618987","2024-05-27T18:34:21.650Z","b","maker"
"0.38100","500.00000000","2024-05-27T18:31:30.055Z","s","maker"
"0.38200","45.98874345","2024-05-27T18:31:09.922Z","b","maker"
"0.38200","810.34240005","2024-05-27T18:30:47.436Z","b","maker"
"0.38200","112.27278319","2024-05-27T18:30:47.436Z","b","maker"
"0.38200","251.86667455","2024-05-27T18:30:04.905Z","b","maker"
"0.38100","682.47871665","2024-05-27T18:29:09.009Z","s","maker"
"0.38100","221.71228676","2024-05-27T18:29:09.008Z","s","maker"
"0.38100","487.61172248","2024-05-27T18:29:09.008Z","s","maker"
"0.38100","709.32400926","2024-05-27T18:29:09.006Z","s","maker"
"0.38200","34.38217880","2024-05-27T18:28:03.278Z","b","maker"
"0.38200","189.93740523","2024-05-27T18:28:03.278Z","b","maker"
"0.38200","301.99620544","2024-05-27T18:28:03.278Z","b","maker"
"0.38100","1613.17690288","2024-05-27T18:27:48.761Z","b","maker"
"0.38100","148.99451414","2024-05-27T18:27:33.179Z","b","maker"
"0.38100","113.66306281","2024-05-27T18:27:33.179Z","b","maker"
"0.38100","114.56612157","2024-05-27T18:27:32.927Z","b","maker"
"0.38100","76.34943553","2024-05-27T18:27:32.927Z","b","maker"
"0.38100","100.92619507","2024-05-27T18:27:32.927Z","b","maker"
"0.38000","51.31450760","2024-05-27T18:27:31.033Z","b","maker"
"0.38000","323.35065887","2024-05-27T18:27:31.033Z","b","maker"
"0.38000","100.00000000","2024-05-27T18:27:31.033Z","b","maker"
"0.38000","105.90790084","2024-05-27T18:27:31.033Z","b","maker"
"0.38000","310.56706265","2024-05-27T18:27:31.033Z","b","maker"
"0.38000","45.00000000","2024-05-27T18:27:31.033Z","b","maker"
"0.38000","88.84342105","2024-05-27T18:27:31.033Z","b","maker"
"0.37900","54.39356200","2024-05-27T18:25:47.760Z","b","maker"
"0.37800","38.74541356","2024-05-27T18:24:34.595Z","b","maker"
"0.37800","29.54667663","2024-05-27T18:24:34.595Z","b","maker"
"0.37900","250.74758146","2024-05-27T18:24:34.595Z","b","maker"
"0.37900","34.61487118","2024-05-27T18:24:34.595Z","b","maker"
"0.37900","39.71635883","2024-05-27T18:24:34.595Z","b","maker"
"0.37900","50.42405834","2024-05-27T18:24:34.595Z","b","maker"
"0.37800","26.52519893","2024-05-27T18:23:20.360Z","b","taker"
"0.37700","189.80000000","2024-05-27T18:21:08.928Z","b","maker"
"0.37800","60.93537623","2024-05-27T18:18:27.129Z","b","maker"
"0.37800","126.46847746","2024-05-27T18:18:27.129Z","b","maker"
"0.37700","89.24999998","2024-05-27T18:18:16.822Z","s","taker"
"0.37700","78.06065394","2024-05-27T18:18:11.126Z","b","maker"
"0.37700","34.79997019","2024-05-27T18:18:11.126Z","b","maker"
"0.37700","252.08848182","2024-05-27T18:18:11.126Z","b","maker"
"0.37700","275.48209367","2024-05-27T18:18:11.126Z","b","maker"
"0.37700","95.79603729","2024-05-27T18:18:11.126Z","b","maker"
"0.37700","61.96205916","2024-05-27T18:18:11.126Z","b","maker"
"0.37800","21.85550393","2024-05-27T18:18:11.126Z","b","maker"
"0.37600","1186.78552199","2024-05-27T18:17:19.558Z","b","maker"
"0.37600","5124.20312972","2024-05-27T18:17:19.557Z","b","maker"
"0.37600","822.15966957","2024-05-27T18:17:19.557Z","b","maker"
"0.37600","142.08812931","2024-05-27T18:17:19.557Z","b","maker"
"0.37600","156.10907140","2024-05-27T18:17:19.557Z","b","maker"
"0.37600","79.78723404","2024-05-27T18:17:14.885Z","b","maker"
"0.37500","1801.59363141","2024-05-27T18:15:50.428Z","s","maker"
"0.37500","61.99460916","2024-05-27T18:12:11.542Z","s","maker"
"0.37600","82.97343336","2024-05-27T18:08:06.691Z","b","maker"
"0.37600","99.31599265","2024-05-27T18:07:04.564Z","b","maker"
"0.37600","83.23361056","2024-05-27T18:07:04.564Z","b","maker"
"0.37600","20.28328924","2024-05-27T18:07:00.237Z","b","maker"
"0.37600","22.53698804","2024-05-27T18:06:58.477Z","b","maker"
"0.37600","25.04109783","2024-05-27T18:06:58.225Z","b","maker"
"0.37600","4.97713896","2024-05-27T18:06:56.190Z","b","maker"
"0.37600","25.84009740","2024-05-27T18:06:56.190Z","b","maker"
"0.37600","34.24155103","2024-05-27T18:06:54.432Z","b","maker"
"0.37600","38.04619737","2024-05-27T18:06:46.152Z","b","maker"
"0.37500","239.69525284","2024-05-27T18:06:37.760Z","b","maker"
"0.37500","314.77531695","2024-05-27T18:06:37.760Z","b","maker"
"0.37500","47.85929741","2024-05-27T18:06:29.241Z","b","maker"
"0.37500","13.74854367","2024-05-27T18:06:29.241Z","b","maker"
"0.37500","68.45315676","2024-05-27T18:06:25.201Z","b","maker"
"0.37400","1.19105904","2024-05-27T18:06:21.972Z","b","maker"
"0.37400","15.00000000","2024-05-27T18:06:21.162Z","b","maker"
"0.37400","15.00000000","2024-05-27T18:06:19.116Z","b","maker"
"0.37400","15.00000000","2024-05-27T18:06:18.296Z","b","maker"
"0.37400","15.00000000","2024-05-27T18:06:17.055Z","b","maker"
"0.37400","15.00000000","2024-05-27T18:06:15.044Z","b","maker"
"0.37400","7.50993543","2024-05-27T18:06:14.289Z","b","maker"
"0.37400","7.49006457","2024-05-27T18:06:14.289Z","b","maker"
"0.37400","15.00000000","2024-05-27T18:06:13.014Z","b","maker"
"0.37400","2.42855616","2024-05-27T18:06:10.325Z","b","maker"
"0.37400","12.57144384","2024-05-27T18:06:10.325Z","b","maker"
"0.37400","15.00000000","2024-05-27T18:06:10.258Z","b","maker"
"0.37400","40.44508499","2024-05-27T18:05:49.721Z","b","maker"
"0.37300","70.55419179","2024-05-27T18:05:47.801Z","b","maker"
"0.37300","15.00000000","2024-05-27T18:05:46.331Z","b","maker"
"0.37300","15.00000000","2024-05-27T18:05:44.394Z","b","maker"
"0.37300","15.00000000","2024-05-27T18:05:44.272Z","b","maker"
"0.37300","15.83488636","2024-05-27T18:05:40.349Z","b","maker"
"0.37300","21.66998277","2024-05-27T18:05:36.310Z","b","maker"
"0.37300","0.97273456","2024-05-27T18:05:36.310Z","b","maker"
"0.37300","20.11068206","2024-05-27T18:05:31.935Z","b","maker"
"0.37300","22.34520229","2024-05-27T18:05:12.135Z","b","maker"
"0.37300","24.82800255","2024-05-27T18:05:08.102Z","b","maker"
"0.37300","27.58666950","2024-05-27T18:05:04.079Z","b","maker"
"0.37300","30.65185500","2024-05-27T18:05:00.076Z","b","maker"
"0.37300","34.05800391","2024-05-27T18:04:54.433Z","b","maker"
"0.37200","9.71796165","2024-05-27T18:04:14.161Z","b","maker"
"0.37200","15.00000000","2024-05-27T18:04:14.089Z","b","maker"
"0.37200","4.41108966","2024-05-27T18:03:57.511Z","b","maker"
"0.37200","10.58891034","2024-05-27T18:03:57.511Z","b","maker"
"0.37200","15.00000000","2024-05-27T18:03:53.450Z","b","maker"
"0.37200","15.00000000","2024-05-27T18:03:49.449Z","b","maker"
"0.37200","16.48736984","2024-05-27T18:03:49.320Z","b","maker"
"0.37200","18.31929982","2024-05-27T18:03:45.417Z","b","maker"
"0.37200","15.00000000","2024-05-27T18:03:43.289Z","b","maker"
"0.37100","256.45532087","2024-05-27T18:02:45.165Z","b","maker"
"0.37000","15.00000000","2024-05-27T17:59:37.804Z","s","maker"
"0.37000","239.08350346","2024-05-27T17:57:34.760Z","b","maker"
"0.37000","265.64833717","2024-05-27T17:57:25.331Z","b","maker"
"0.37000","295.16481908","2024-05-27T17:57:23.256Z","b","maker"
"0.37000","327.96091009","2024-05-27T17:57:21.304Z","b","maker"
"0.37000","364.40101121","2024-05-27T17:57:17.291Z","b","maker"
"0.37000","404.89001246","2024-05-27T17:57:17.226Z","b","maker"
"0.37000","47.85138000","2024-05-27T17:55:46.907Z","b","maker"
"0.36900","82.19751081","2024-05-27T17:52:35.704Z","s","maker"
"0.36900","579.80248919","2024-05-27T17:52:35.704Z","s","maker"
"0.36900","259.45945945","2024-05-27T17:52:15.161Z","s","maker"
"0.36900","90.91584722","2024-05-27T17:52:15.161Z","s","maker"
"0.36900","896.62469333","2024-05-27T17:52:15.161Z","s","maker"
"0.36900","359.54578907","2024-05-27T17:45:34.883Z","b","maker"
"0.36900","399.49532119","2024-05-27T17:45:34.820Z","b","maker"
"0.36900","6347.55527126","2024-05-27T17:42:54.594Z","b","maker"
"0.36900","1905.43851863","2024-05-27T17:42:54.594Z","b","maker"
"0.37000","2477.58125544","2024-05-27T17:42:54.594Z","b","maker"
"0.37000","135.13513513","2024-05-27T17:42:54.594Z","b","maker"
"0.37000","9890.13564000","2024-05-27T17:42:54.594Z","b","maker"
"0.37000","1996.83792000","2024-05-27T17:42:54.594Z","b","maker"
"0.37000","5053.41000000","2024-05-27T17:42:54.594Z","b","maker"
"0.37000","1520.62734062","2024-05-27T17:42:54.594Z","b","maker"
"0.36900","13.34989000","2024-05-27T17:40:47.074Z","b","maker"
"0.36800","358.89399126","2024-05-27T17:39:02.713Z","b","maker"
"0.36800","398.77110140","2024-05-27T17:39:01.715Z","b","maker"
"0.36900","62.80889005","2024-05-27T17:32:38.993Z","b","taker"
"0.36900","6361.56436828","2024-05-27T17:32:38.993Z","b","taker"
"0.36900","843.86316336","2024-05-27T17:32:38.993Z","b","taker"
"0.36900","66.83701532","2024-05-27T17:32:38.993Z","b","taker"
"0.36900","4057.93825524","2024-05-27T17:32:38.993Z","b","taker"
"0.37000","35.49928002","2024-05-27T17:32:38.993Z","b","taker"
"0.37000","135.13513513","2024-05-27T17:32:38.993Z","b","taker"
"0.37000","1980.65932432","2024-05-27T17:32:38.993Z","b","taker"
"0.36900","334.12863446","2024-05-27T17:28:12.106Z","b","maker"
"0.36900","371.25403829","2024-05-27T17:27:52.631Z","b","maker"
"0.36900","412.50448699","2024-05-27T17:27:45.788Z","b","maker"
"0.36900","84.90618786","2024-05-27T17:27:39.762Z","b","maker"
"0.36900","414.19434525","2024-05-27T17:27:39.762Z","b","maker"
"0.36800","365.74969565","2024-05-27T17:27:09.808Z","b","maker"
"0.36800","406.38855072","2024-05-27T17:27:09.742Z","b","maker"
"0.36800","84.38631633","2024-05-27T17:26:53.917Z","b","maker"
"0.36700","408.43326626","2024-05-27T17:26:15.635Z","b","maker"
"0.36700","492.20404010","2024-05-27T17:26:11.462Z","b","maker"
"0.36600","120.00000000","2024-05-27T17:25:22.503Z","s","taker"
"0.36700","85.00820421","2024-05-27T17:21:57.182Z","s","maker"
"0.36700","35.54192307","2024-05-27T17:21:57.182Z","s","maker"
"0.36800","145.09338312","2024-05-27T17:15:13.988Z","s","maker"
"0.36800","55.99995038","2024-05-27T17:09:12.320Z","s","taker"
"0.36800","55.61869933","2024-05-27T17:09:11.109Z","s","taker"
"0.36900","35.34928392","2024-05-27T17:08:59.890Z","s","maker"
"0.37100","163.24651829","2024-05-27T17:07:34.885Z","b","maker"
"0.37000","64.00000000","2024-05-27T17:07:34.683Z","b","maker"
"0.37000","91.00000000","2024-05-27T17:07:34.354Z","b","maker"
"0.37000","131.00000000","2024-05-27T17:07:34.094Z","b","maker"
"0.37000","187.00000000","2024-05-27T17:07:33.829Z","b","maker"
"0.37000","195.00000000","2024-05-27T17:07:33.543Z","b","maker"
"0.37000","342.00000000","2024-05-27T17:07:33.277Z","b","maker"
"0.37000","501.00000000","2024-05-27T17:07:32.585Z","b","maker"
"0.37000","1182.00000000","2024-05-27T17:07:31.890Z","b","maker"
"0.37000","1206.83330113","2024-05-27T17:07:31.689Z","b","maker"
"0.37000","69.31894850","2024-05-27T17:06:20.280Z","s","maker"
"0.37000","15.00000000","2024-05-27T17:04:42.453Z","s","maker"
"0.37100","62.84153005","2024-05-27T17:03:27.947Z","s","maker"
"0.37200","118.26849342","2024-05-27T17:03:18.033Z","s","maker"
"0.37200","18.58474800","2024-05-27T17:02:34.523Z","s","maker"
"0.37300","34.84580119","2024-05-27T17:02:25.180Z","b","maker"
"0.37200","216.27612474","2024-05-27T17:02:06.874Z","b","maker"
"0.37200","600.00000000","2024-05-27T17:02:06.785Z","b","maker"
"0.37200","591.00000000","2024-05-27T17:02:06.720Z","b","maker"
"0.37200","579.00000000","2024-05-27T17:02:06.576Z","b","maker"
"0.37200","2039.30395768","2024-05-27T17:02:06.145Z","b","maker"
"0.37100","46.85560374","2024-05-27T16:59:12.096Z","s","taker"
"0.37100","7.74277220","2024-05-27T16:59:12.096Z","s","taker"
"0.37200","50.56531432","2024-05-27T16:58:10.246Z","s","taker"
"0.37200","187.43468568","2024-05-27T16:58:10.246Z","s","taker"
"0.37300","38.71755688","2024-05-27T16:57:38.231Z","b","maker"
"0.37200","134.65761669","2024-05-27T16:56:08.759Z","b","maker"
"0.37200","79.24619345","2024-05-27T16:56:08.759Z","b","maker"
"0.37200","32.24079783","2024-05-27T16:56:05.817Z","b","maker"
"0.37200","27.34940088","2024-05-27T16:56:04.643Z","b","maker"
"0.37200","30.38822320","2024-05-27T16:56:04.076Z","b","maker"
"0.37200","46.96747005","2024-05-27T16:56:02.996Z","b","maker"
"0.37200","55.12118035","2024-05-27T16:56:00.985Z","b","maker"
"0.37200","45.10787582","2024-05-27T16:56:00.039Z","b","maker"
"0.37200","73.33796518","2024-05-27T16:55:58.906Z","b","maker"
"0.37200","58.26852482","2024-05-27T16:55:58.623Z","b","maker"
"0.37200","95.81369630","2024-05-27T16:55:56.854Z","b","maker"
"0.37200","75.38877161","2024-05-27T16:55:56.035Z","b","maker"
"0.37200","83.76530179","2024-05-27T16:55:52.291Z","b","maker"
"0.37200","147.02746091","2024-05-27T16:55:52.041Z","b","maker"
"0.37200","109.40894209","2024-05-27T16:55:51.977Z","b","maker"
"0.37200","121.56549121","2024-05-27T16:55:47.934Z","b","maker"
"0.37200","135.07276801","2024-05-27T16:55:46.233Z","b","maker"
"0.37200","18.19463131","2024-05-27T16:55:41.024Z","b","maker"
"0.37200","814.13536869","2024-05-27T16:55:41.024Z","b","maker"
"0.37200","84.21775931","2024-05-27T16:55:41.019Z","b","maker"
"0.37200","17.11224069","2024-05-27T16:55:41.019Z","b","maker"
"0.37100","4034.72880778","2024-05-27T16:55:36.691Z","b","maker"
"0.37100","245.35964000","2024-05-27T16:55:16.374Z","b","maker"
"0.37100","40.43126685","2024-05-27T16:55:12.592Z","b","maker"
"0.37100","827.36524498","2024-05-27T16:54:54.772Z","b","maker"
"0.37100","429.06519527","2024-05-27T16:54:23.699Z","b","maker"
"0.37100","418.70843901","2024-05-27T16:54:19.153Z","b","maker"
"0.37100","462.64343784","2024-05-27T16:53:46.452Z","b","maker"
"0.37100","272.46212850","2024-05-27T16:53:45.364Z","b","maker"
"0.37100","241.58613576","2024-05-27T16:53:45.364Z","b","maker"
"0.37100","70.58773672","2024-05-27T16:53:41.687Z","b","maker"
"0.37100","38.11663072","2024-05-27T16:53:41.498Z","b","maker"
"0.37100","42.35177897","2024-05-27T16:53:39.332Z","b","maker"
"0.37100","47.05737574","2024-05-27T16:53:37.444Z","b","maker"
"0.37100","52.28597304","2024-05-27T16:53:33.402Z","b","maker"
"0.37100","58.09552560","2024-05-27T16:53:33.276Z","b","maker"
"0.37100","64.55047196","2024-05-27T16:51:58.970Z","b","maker"
"0.37100","71.72274663","2024-05-27T16:51:54.224Z","b","maker"
"0.37100","79.69194069","2024-05-27T16:51:52.588Z","b","maker"
"0.37100","215.47728822","2024-05-27T16:51:48.601Z","b","maker"
"0.37100","112.48831944","2024-05-27T16:51:48.538Z","b","maker"
"0.37100","609.68552856","2024-05-27T16:51:48.224Z","b","maker"
"0.37100","632.48222036","2024-05-27T16:51:43.896Z","b","maker"
"0.37000","47.80890370","2024-05-27T16:51:42.187Z","s","taker"
"0.37000","252.19109630","2024-05-27T16:51:42.187Z","s","taker"
"0.37100","116.02405403","2024-05-27T16:51:41.862Z","b","maker"
"0.37100","573.89832368","2024-05-27T16:51:41.862Z","b","maker"
"0.37000","8.96696816","2024-05-27T16:51:41.798Z","b","maker"
"0.37000","3.82813866","2024-05-27T16:51:41.733Z","b","maker"
"0.37000","11.17186134","2024-05-27T16:51:41.733Z","b","maker"
"0.36900","86.95356277","2024-05-27T16:51:30.278Z","s","maker"
"0.36900","87.68781292","2024-05-27T16:51:29.900Z","s","maker"
"0.36900","51.13278158","2024-05-27T16:51:28.799Z","s","maker"
"0.36900","36.06434121","2024-05-27T16:51:28.799Z","s","maker"
"0.37000","84.67546451","2024-05-27T16:51:27.828Z","b","maker"
"0.37000","117.91015272","2024-05-27T16:51:27.828Z","b","maker"
"0.37000","78.65669868","2024-05-27T16:51:27.828Z","b","maker"
"0.37000","196.39574755","2024-05-27T16:51:27.828Z","b","maker"
"0.37000","35.54192307","2024-05-27T16:51:27.828Z","b","maker"
"0.37000","125.32887285","2024-05-27T16:51:27.828Z","b","maker"
"0.36900","295.79247878","2024-05-27T16:51:18.082Z","b","maker"
"0.36900","328.65830975","2024-05-27T16:51:16.574Z","b","maker"
"0.36900","365.17589972","2024-05-27T16:51:05.061Z","b","maker"
"0.36900","405.75099969","2024-05-27T16:51:04.998Z","b","maker"
"0.36900","309.87764130","2024-05-27T16:50:59.038Z","b","maker"
"0.36900","344.30849034","2024-05-27T16:50:40.603Z","b","maker"
"0.36900","382.56498927","2024-05-27T16:50:39.615Z","b","maker"
"0.36900","116.03275691","2024-05-27T16:50:33.609Z","b","maker"
"0.36900","309.03945338","2024-05-27T16:50:33.609Z","b","maker"
"0.36900","183.45081619","2024-05-27T16:50:32.233Z","b","maker"
"0.36900","84.90618787","2024-05-27T16:50:32.233Z","b","maker"
"0.36900","203.94545182","2024-05-27T16:50:32.233Z","b","maker"
"0.36900","74.40589988","2024-05-27T16:50:27.594Z","b","maker"
"0.36800","59.61327132","2024-05-27T16:50:20.812Z","b","maker"
"0.36800","23.60323106","2024-05-27T16:50:20.749Z","b","maker"
"0.36800","20.13882950","2024-05-27T16:50:20.686Z","b","maker"
"0.36800","6.08698279","2024-05-27T16:50:20.686Z","b","maker"
"0.36700","311.46206740","2024-05-27T16:49:53.270Z","b","maker"
"0.36700","308.60860000","2024-05-27T16:49:49.544Z","b","maker"
"0.36700","655.64561439","2024-05-27T16:49:49.059Z","b","maker"
"0.36700","118.78060437","2024-05-27T16:49:46.349Z","b","maker"
"0.36700","49.61022949","2024-05-27T16:49:46.349Z","b","maker"
"0.36700","35.79185650","2024-05-27T16:49:46.349Z","b","maker"
"0.36700","204.35967302","2024-05-27T16:49:46.349Z","b","maker"
"0.36700","467.58306938","2024-05-27T16:49:46.349Z","b","maker"
"0.36700","773.88872303","2024-05-27T16:49:43.034Z","b","maker"
"0.36600","660.09208783","2024-05-27T16:49:11.768Z","b","maker"
"0.36600","259.27351121","2024-05-27T16:49:09.187Z","b","maker"
"0.36600","176.20235514","2024-05-27T16:49:09.187Z","b","maker"
"0.36500","83.91813785","2024-05-27T16:48:31.438Z","b","maker"
"0.36300","9.49090515","2024-05-27T16:47:38.894Z","b","maker"
"0.36300","15.00000000","2024-05-27T16:47:38.327Z","b","maker"
"0.36300","15.00000000","2024-05-27T16:47:36.291Z","b","maker"
"0.36300","15.00000000","2024-05-27T16:47:34.930Z","b","maker"
"0.36300","31.71832779","2024-05-27T16:47:34.260Z","b","maker"
"0.36300","15.00000000","2024-05-27T16:47:32.836Z","b","maker"
"0.36300","58.84003320","2024-05-27T16:47:32.230Z","b","maker"
"0.36300","38.05430650","2024-05-27T16:47:30.895Z","b","maker"
"0.36300","115.95874752","2024-05-27T16:47:30.203Z","b","maker"
"0.36300","188.99885611","2024-05-27T16:47:26.916Z","b","maker"
"0.36300","128.55129645","2024-05-27T16:47:26.853Z","b","maker"
"0.36300","70.17916363","2024-05-27T16:47:26.781Z","b","maker"
"0.36300","77.97684848","2024-05-27T16:46:52.140Z","b","maker"
"0.36200","57.52007731","2024-05-27T16:46:27.855Z","s","taker"
"0.36200","56.89453284","2024-05-27T16:46:27.300Z","s","taker"
"0.36200","57.02111691","2024-05-27T16:46:26.796Z","s","taker"
"0.36200","56.81550285","2024-05-27T16:46:26.209Z","s","taker"
"0.36300","55.81627456","2024-05-27T16:46:25.826Z","s","maker"
"0.36300","46.09827156","2024-05-27T16:46:25.826Z","s","maker"
"0.36400","259.53304418","2024-05-27T16:46:24.902Z","s","maker"
"0.36400","35.83485100","2024-05-27T16:46:24.902Z","s","maker"
"0.36600","926.15442445","2024-05-27T16:45:18.250Z","b","maker"
"0.36600","492.88686849","2024-05-27T16:45:15.872Z","b","maker"
"0.36700","282.45100365","2024-05-27T16:44:31.149Z","b","maker"
"0.36700","435.95063985","2024-05-27T16:44:26.559Z","b","maker"
"0.36700","637.22495888","2024-05-27T16:44:26.496Z","b","maker"
"0.36700","255.32290658","2024-05-27T16:43:55.578Z","b","maker"
"0.36700","2321.28283296","2024-05-27T16:43:52.936Z","b","maker"
"0.36700","4332.07436325","2024-05-27T16:43:51.679Z","b","maker"
"0.36700","7872.04398509","2024-05-27T16:43:51.524Z","s","maker"
"0.36700","49.61022949","2024-05-27T16:43:51.524Z","s","maker"
"0.36600","14.38732844","2024-05-27T16:43:51.524Z","s","maker"
"0.36700","1284.93204748","2024-05-27T16:43:51.520Z","s","maker"
"0.36700","49.61022949","2024-05-27T16:43:51.511Z","s","maker"
"0.36700","49.61022949","2024-05-27T16:43:51.497Z","s","maker"
"0.36700","49.61022949","2024-05-27T16:43:51.487Z","s","maker"
"0.36700","49.61022949","2024-05-27T16:43:51.481Z","s","maker"
"0.36700","49.61022949","2024-05-27T16:43:51.476Z","s","maker"
"0.36700","2.20499373","2024-05-27T16:43:49.520Z","b","maker"
"0.36700","291.79705071","2024-05-27T16:43:49.520Z","b","maker"
"0.36700","15.00000000","2024-05-27T16:43:47.642Z","b","maker"
"0.36700","15.63235849","2024-05-27T16:43:43.587Z","b","maker"
"0.36700","17.84468331","2024-05-27T16:43:43.477Z","b","maker"
"0.36700","50.68203553","2024-05-27T16:43:40.027Z","s","maker"
"0.36700","50.68203553","2024-05-27T16:43:40.018Z","s","maker"
"0.36700","1269.93215880","2024-05-27T16:43:34.914Z","s","maker"
"0.36700","302.04493729","2024-05-27T16:42:33.849Z","b","maker"
"0.36800","446.59891891","2024-05-27T16:41:59.873Z","b","maker"
"0.36800","899.40414474","2024-05-27T16:41:56.275Z","b","maker"
"0.36800","95.79603729","2024-05-27T16:41:56.241Z","b","maker"
"0.36800","250.90172820","2024-05-27T16:41:55.428Z","b","maker"
"0.36700","850.96552223","2024-05-27T16:41:48.434Z","s","maker"
"0.36600","13.62672037","2024-05-27T16:41:27.837Z","b","maker"
"0.36600","225.00000000","2024-05-27T16:41:27.685Z","b","maker"
"0.36600","225.00000000","2024-05-27T16:41:27.636Z","b","maker"
"0.36600","244.00000000","2024-05-27T16:41:27.494Z","b","maker"
"0.36600","61.21270974","2024-05-27T16:41:27.356Z","b","maker"
"0.36600","8773.25760148","2024-05-27T16:41:24.746Z","b","maker"
"0.36600","338.10738432","2024-05-27T16:41:24.744Z","b","maker"
"0.36600","359.00000000","2024-05-27T16:41:24.743Z","b","maker"
"0.36500","73.89261568","2024-05-27T16:41:24.187Z","b","maker"
"0.36500","849.52745035","2024-05-27T16:41:24.054Z","b","maker"
"0.36500","416.08848632","2024-05-27T16:41:23.775Z","b","maker"
"0.36500","69.48053305","2024-05-27T16:41:23.078Z","b","maker"
"0.36500","410.99875602","2024-05-27T16:41:21.813Z","b","maker"
"0.36500","2281.05054298","2024-05-27T16:41:20.310Z","b","maker"
"0.36700","35.75602091","2024-05-27T16:41:17.232Z","b","maker"
"0.36600","52.35485478","2024-05-27T16:41:15.084Z","b","maker"
"0.36600","132.30828166","2024-05-27T16:41:15.084Z","b","maker"
"0.36600","41.12704918","2024-05-27T16:41:15.084Z","b","maker"
"0.36600","259.01398341","2024-05-27T16:41:14.936Z","b","maker"
"0.36600","28.21210855","2024-05-27T16:41:14.936Z","b","maker"
"0.36500","5.20875373","2024-05-27T16:41:14.886Z","b","maker"
"0.36500","18.27683615","2024-05-27T16:41:14.886Z","b","maker"
"0.36500","79.75219589","2024-05-27T16:41:14.886Z","b","maker"
"0.36500","87.63325805","2024-05-27T16:41:14.886Z","b","maker"
"0.36500","658.65640653","2024-05-27T16:41:14.886Z","b","maker"
"0.36400","16.62579544","2024-05-27T16:41:14.742Z","b","maker"
"0.36400","199.68729639","2024-05-27T16:41:14.742Z","b","maker"
"0.36400","324.44716004","2024-05-27T16:41:14.742Z","b","maker"
"0.36400","169.58671338","2024-05-27T16:41:14.369Z","b","maker"
"0.36400","103.26050509","2024-05-27T16:41:14.369Z","b","maker"
"0.36400","91.11924818","2024-05-27T16:41:14.306Z","b","maker"
"0.36300","36.18954379","2024-05-27T16:41:13.309Z","b","maker"
"0.36300","86.86304841","2024-05-27T16:41:13.309Z","b","maker"
"0.36200","262.15432802","2024-05-27T16:41:12.101Z","b","maker"
"0.36200","59.91450341","2024-05-27T16:41:12.101Z","b","maker"
"0.36100","67.86811602","2024-05-27T16:41:10.331Z","b","maker"
"0.36100","67.80053737","2024-05-27T16:41:10.331Z","b","maker"
"0.36100","81.70170931","2024-05-27T16:41:10.331Z","b","maker"
"0.36000","5166.43662827","2024-05-27T16:40:58.939Z","b","maker"
"0.36000","350.00000000","2024-05-27T16:40:58.939Z","b","maker"
"0.36000","263.61887732","2024-05-27T16:40:30.519Z","b","maker"
"0.36000","36.49365761","2024-05-27T16:40:30.519Z","b","maker"
"0.36000","80.87863933","2024-05-27T16:40:30.519Z","b","maker"
"0.36000","231.94622887","2024-05-27T16:40:30.519Z","b","maker"
"0.35900","31.87805013","2024-05-27T16:38:17.647Z","b","maker"
"0.35900","202.51572837","2024-05-27T16:38:17.647Z","b","maker"
"0.35900","70.19458689","2024-05-27T16:38:17.647Z","b","maker"
"0.35900","329.04274755","2024-05-27T16:38:17.647Z","b","maker"
"0.35900","173.72609682","2024-05-27T16:38:17.647Z","b","maker"
"0.35900","89.70635663","2024-05-27T16:38:17.623Z","b","maker"
"0.35800","57.68156000","2024-05-27T16:36:01.287Z","s","maker"
"0.35800","143.33742487","2024-05-27T16:29:17.990Z","s","taker"
"0.35800","16.09694504","2024-05-27T16:23:49.764Z","b","maker"
"0.35800","107.10839916","2024-05-27T16:22:14.817Z","s","taker"
"0.35700","36.22902570","2024-05-27T16:22:14.817Z","s","taker"
"0.35800","373.98312211","2024-05-27T16:20:54.886Z","b","maker"
"0.35800","265.09988226","2024-05-27T16:20:54.886Z","b","maker"
"0.35800","71.00922270","2024-05-27T16:20:47.084Z","b","maker"
"0.35800","78.89913633","2024-05-27T16:20:41.043Z","b","maker"
"0.35800","87.66570704","2024-05-27T16:20:32.866Z","b","maker"
"0.35800","97.40634115","2024-05-27T16:19:58.657Z","b","maker"
"0.35800","108.22926795","2024-05-27T16:19:51.507Z","b","maker"
"0.35800","513.21407128","2024-05-27T16:17:45.509Z","b","taker"
"0.35800","883.43396648","2024-05-27T16:17:45.509Z","b","taker"
"0.35600","996.19632718","2024-05-27T15:58:45.281Z","s","maker"
"0.35600","1863.70058282","2024-05-27T15:58:45.281Z","s","maker"
"0.35600","698.71892705","2024-05-27T15:58:24.048Z","b","maker"
"0.35600","265.36524742","2024-05-27T15:57:55.506Z","s","maker"
"0.35600","107.53144252","2024-05-27T15:57:55.506Z","s","maker"
"0.35700","1078.69518861","2024-05-27T15:50:25.188Z","s","maker"
"0.35700","1024.00114927","2024-05-27T15:50:25.180Z","s","maker"
"0.35800","41.89944135","2024-05-27T15:50:12.287Z","b","maker"
"0.35800","25.26294282","2024-05-27T15:49:34.820Z","b","maker"
"0.35800","14.68705718","2024-05-27T15:49:34.820Z","b","maker"
"0.35700","264.00000000","2024-05-27T15:45:47.863Z","s","maker"
"0.35800","265.09988226","2024-05-27T15:43:59.602Z","b","taker"
"0.35800","11.43631285","2024-05-27T15:43:59.602Z","b","taker"
"0.35700","157.23949579","2024-05-27T15:39:01.230Z","b","taker"
"0.35700","6468.90852642","2024-05-27T15:39:01.230Z","b","taker"
"0.35700","376.65310924","2024-05-27T15:39:01.230Z","b","taker"
"0.35600","13.92022220","2024-05-27T15:38:56.652Z","b","maker"
"0.35600","13.19784260","2024-05-27T15:38:54.641Z","b","maker"
"0.35600","1.80215740","2024-05-27T15:38:54.641Z","b","maker"
"0.35600","15.00000000","2024-05-27T15:38:53.357Z","b","maker"
"0.35600","6.29065912","2024-05-27T15:38:52.518Z","b","maker"
"0.35600","8.70934088","2024-05-27T15:38:52.518Z","b","maker"
"0.35600","15.00000000","2024-05-27T15:38:52.458Z","b","maker"
"0.35600","24.31314142","2024-05-27T15:38:50.295Z","b","maker"
"0.35600","30.54900514","2024-05-27T15:38:50.271Z","b","maker"
"0.35600","42.42041117","2024-05-27T15:38:50.271Z","b","maker"
"0.35600","19.02253110","2024-05-27T15:38:49.288Z","b","maker"
"0.35600","21.13614566","2024-05-27T15:38:46.358Z","b","maker"
"0.35600","57.97508820","2024-05-27T15:38:45.836Z","b","maker"
"0.35600","2.73592730","2024-05-27T15:38:45.836Z","b","maker"
"0.35600","5.33648631","2024-05-27T15:38:45.287Z","b","maker"
"0.35600","24.89378837","2024-05-27T15:38:45.287Z","b","maker"
"0.35600","33.58919409","2024-05-27T15:38:40.438Z","b","maker"
"0.35600","15.30539800","2024-05-27T15:38:40.341Z","b","maker"
"0.35600","22.01592877","2024-05-27T15:38:40.341Z","b","maker"
"0.35600","41.46814085","2024-05-27T15:38:13.740Z","b","maker"
"0.35600","46.07571206","2024-05-27T15:38:09.902Z","b","maker"
"0.35500","4221.02002632","2024-05-27T15:36:08.606Z","b","maker"
"0.35500","420.00000000","2024-05-27T15:35:15.855Z","b","taker"
"0.35500","26.50000000","2024-05-27T15:33:28.471Z","s","taker"
"0.35500","20.10000000","2024-05-27T15:33:28.444Z","s","taker"
"0.35500","47.97357208","2024-05-27T15:33:26.572Z","b","maker"
"0.35400","3045.56648886","2024-05-27T15:31:12.368Z","b","maker"
"0.35400","40.64991006","2024-05-27T15:31:11.558Z","b","maker"
"0.35400","342.91293321","2024-05-27T15:30:55.994Z","b","maker"
"0.35400","381.01437023","2024-05-27T15:30:55.238Z","b","maker"
"0.35400","423.34930026","2024-05-27T15:30:49.204Z","b","maker"
"0.35400","228.81355932","2024-05-27T15:24:24.428Z","b","maker"
"0.35500","40.30000000","2024-05-27T15:14:31.980Z","b","maker"
"0.35400","25.39830508","2024-05-27T15:13:15.510Z","b","maker"
"0.35400","28.22033898","2024-05-27T15:13:11.456Z","b","maker"
"0.35400","31.35593220","2024-05-27T15:13:11.392Z","b","maker"
"0.35300","218.89068936","2024-05-27T15:08:29.621Z","s","maker"
"0.35300","36.68196921","2024-05-27T15:08:29.621Z","s","maker"
"0.35200","3475.27000000","2024-05-27T15:08:29.613Z","s","maker"
"0.35300","718.00381430","2024-05-27T15:08:29.612Z","s","maker"
"0.35300","140.44943820","2024-05-27T15:08:29.612Z","s","maker"
"0.35400","268.11238092","2024-05-27T15:05:50.700Z","b","maker"
"0.35400","37.11748081","2024-05-27T15:05:50.700Z","b","maker"
"0.35400","148.40118472","2024-05-27T15:05:50.700Z","b","maker"
"0.35300","42.43436533","2024-05-27T15:01:45.650Z","b","maker"
"0.35300","24.78395666","2024-05-27T15:01:40.304Z","b","maker"
"0.35200","250.33865000","2024-05-27T14:58:05.806Z","s","maker"
"0.35200","50.22855341","2024-05-27T14:53:22.709Z","b","maker"
"0.35200","50.88487659","2024-05-27T14:53:22.709Z","b","maker"
"0.35100","277.44128130","2024-05-27T14:53:22.427Z","b","maker"
"0.35100","127.54532122","2024-05-27T14:53:19.301Z","b","maker"
"0.35100","44.99851139","2024-05-27T14:53:18.545Z","b","maker"
"0.35100","213.75415875","2024-05-27T14:53:15.250Z","b","maker"
"0.35100","73.74880807","2024-05-27T14:53:12.500Z","b","maker"
"0.35100","370.35082883","2024-05-27T14:53:11.198Z","b","maker"
"0.35100","598.42672693","2024-05-27T14:53:07.166Z","b","maker"
"0.35100","254.18120913","2024-05-27T14:53:06.474Z","b","maker"
"0.35100","1265.99175007","2024-05-27T14:53:03.109Z","b","maker"
"0.35100","996.60558475","2024-05-27T14:53:00.435Z","b","maker"
"0.35100","37.16206771","2024-05-27T14:40:59.846Z","s","taker"
"0.35100","38.06003963","2024-05-27T14:40:59.846Z","s","taker"
"0.35200","268.38076160","2024-05-27T14:40:56.165Z","s","maker"
"0.35200","67.25146199","2024-05-27T14:40:56.165Z","s","maker"
"0.35300","35.19061584","2024-05-27T14:31:52.416Z","s","taker"
"0.35400","200.00000000","2024-05-27T14:23:45.670Z","s","maker"
"0.35300","36.95151775","2024-05-27T14:16:19.030Z","s","maker"
"0.35300","88.37963440","2024-05-27T14:16:19.030Z","s","maker"
"0.35300","1797.32699151","2024-05-27T14:16:19.030Z","s","maker"
"0.35300","163.32887267","2024-05-27T14:16:19.030Z","s","maker"
"0.35300","643.19206891","2024-05-27T14:16:19.030Z","s","maker"
"0.35400","263.60997030","2024-05-27T14:01:04.881Z","s","maker"
"0.35400","2441.14441505","2024-05-27T14:01:04.880Z","s","maker"
"0.35400","936.04431541","2024-05-27T14:01:04.880Z","s","maker"
"0.35400","936.04432951","2024-05-27T14:01:04.879Z","s","maker"
"0.35400","2477.58125544","2024-05-27T14:01:04.876Z","b","maker"
"0.35400","88.12997442","2024-05-27T13:55:16.534Z","s","maker"
"0.35500","5996.40392909","2024-05-27T13:53:44.415Z","b","taker"
"0.35500","88.27357207","2024-05-27T13:53:44.415Z","b","taker"
"0.35500","35.80897773","2024-05-27T13:53:44.415Z","b","taker"
"0.35500","46.12811902","2024-05-27T13:53:44.415Z","b","taker"
"0.35500","586.14597716","2024-05-27T13:53:44.415Z","b","taker"
"0.35600","88.02421170","2024-05-27T13:53:44.415Z","b","taker"
"0.35600","36.90718348","2024-05-27T13:53:44.415Z","b","taker"
"0.35600","163.74837079","2024-05-27T13:53:44.415Z","b","taker"
"0.35300","1524.39024390","2024-05-27T13:53:10.924Z","s","maker"
"0.35300","88.37963440","2024-05-27T13:50:58.289Z","s","maker"
"0.35300","667.62036560","2024-05-27T13:50:58.289Z","s","maker"
"0.35500","25.64978528","2024-05-27T13:47:27.385Z","b","maker"
"0.35500","88.18519314","2024-05-27T13:47:27.385Z","b","maker"
"0.35500","45.03718309","2024-05-27T13:47:27.385Z","b","maker"
"0.35500","56.38757381","2024-05-27T13:47:21.170Z","b","maker"
"0.35400","304.33767206","2024-05-27T13:47:16.910Z","b","maker"
"0.35400","176.39126520","2024-05-27T13:47:15.356Z","b","maker"
"0.35400","18.86297376","2024-05-27T13:47:15.356Z","b","maker"
"0.35400","29.43268777","2024-05-27T13:47:15.356Z","b","maker"
"0.35400","14.80564881","2024-05-27T13:47:14.914Z","b","maker"
"0.35400","123.33130916","2024-05-27T13:47:14.914Z","b","maker"
"0.35400","29.03417189","2024-05-27T13:47:14.914Z","b","maker"
"0.35400","211.21784807","2024-05-27T13:47:06.588Z","b","maker"
"0.35400","22.31183201","2024-05-27T13:47:06.588Z","b","maker"
"0.35300","67.56613779","2024-05-27T13:46:20.703Z","b","maker"
"0.35300","71.61795546","2024-05-27T13:46:20.703Z","b","maker"
"0.35300","105.96506627","2024-05-27T13:46:20.224Z","b","maker"
"0.35200","22.59052997","2024-05-27T13:46:06.967Z","b","maker"
"0.35200","63.74533636","2024-05-27T13:46:04.505Z","b","maker"
"0.35200","269.64445166","2024-05-27T13:46:00.574Z","b","maker"
"0.35200","29.39998121","2024-05-27T13:46:00.574Z","b","maker"
"0.35100","22.43745910","2024-05-27T13:45:56.385Z","b","maker"
"0.35100","15.00000000","2024-05-27T13:45:44.787Z","b","maker"
"0.35000","393.78428571","2024-05-27T13:45:38.570Z","b","maker"
"0.35000","271.19413242","2024-05-27T13:45:36.427Z","b","maker"
"0.35000","84.31426395","2024-05-27T13:45:36.427Z","b","maker"
"0.35000","113.19255519","2024-05-27T13:45:36.427Z","b","maker"
"0.35000","276.89595950","2024-05-27T13:45:36.427Z","b","maker"
"0.34900","4.20926909","2024-05-27T13:43:36.503Z","b","maker"
"0.34900","15.00000000","2024-05-27T13:43:36.315Z","b","maker"
"0.34900","15.27037268","2024-05-27T13:43:32.287Z","b","maker"
"0.34900","15.00000000","2024-05-27T13:43:30.464Z","b","maker"
"0.34900","39.57589733","2024-05-27T13:43:28.253Z","b","maker"
"0.34900","18.08137462","2024-05-27T13:43:24.415Z","b","maker"
"0.34900","15.64543295","2024-05-27T13:43:24.415Z","b","maker"
"0.34900","47.01374835","2024-05-27T13:43:18.394Z","b","maker"
"0.34900","25.07114243","2024-05-27T13:42:58.472Z","b","maker"
"0.34900","35.01009943","2024-05-27T13:42:52.419Z","b","maker"
"0.34900","0.93594288","2024-05-27T13:42:46.400Z","b","maker"
"0.34900","83.24361217","2024-05-27T13:42:46.400Z","b","maker"
"0.34900","4.40583732","2024-05-27T13:42:40.357Z","b","maker"
"0.34900","82.53647207","2024-05-27T13:42:40.357Z","b","maker"
"0.34900","89.79991626","2024-05-27T13:42:31.035Z","b","maker"
"0.34900","33.24802328","2024-05-27T13:42:31.035Z","b","maker"
"0.34800","31.44567241","2024-05-27T13:37:20.433Z","b","maker"
"0.34800","1.88420647","2024-05-27T13:37:20.433Z","b","maker"
"0.34800","47.80078383","2024-05-27T13:37:06.181Z","b","maker"
"0.34800","69.09216988","2024-05-27T13:36:32.710Z","b","maker"
"0.34800","272.76172857","2024-05-27T13:36:22.045Z","b","maker"
"0.34800","191.79858656","2024-05-27T13:36:22.045Z","b","maker"
"0.34700","37.87277839","2024-05-27T13:35:43.290Z","b","maker"
"0.34700","18.02952066","2024-05-27T13:35:43.290Z","b","maker"
"0.34600","901.81226264","2024-05-27T13:35:12.114Z","b","maker"
"0.34600","274.34755257","2024-05-27T13:34:55.909Z","b","maker"
"0.34600","1875.59318681","2024-05-27T13:34:55.909Z","b","maker"
"0.34500","70.74343000","2024-05-27T13:27:05.127Z","s","maker"
"0.34500","39.91000000","2024-05-27T13:16:31.650Z","s","maker"
"0.34500","4.50365000","2024-05-27T13:13:21.396Z","s","maker"
"0.34500","42.36905547","2024-05-27T13:11:25.043Z","s","maker"
"0.34400","85.30851735","2024-05-27T13:11:00.982Z","s","maker"
"0.34500","85.04036959","2024-05-27T13:11:00.979Z","s","maker"
"0.34500","135.93753505","2024-05-27T13:10:42.388Z","s","maker"
"0.34300","81.28991000","2024-05-27T12:57:06.426Z","s","maker"
"0.34400","872.09302325","2024-05-27T12:41:02.955Z","s","taker"
"0.34500","38.09425662","2024-05-27T12:37:03.811Z","b","maker"
"0.34500","85.55783717","2024-05-27T12:37:03.811Z","b","maker"
"0.34500","6024.29160621","2024-05-27T12:37:03.811Z","b","maker"
"0.34400","896.05734767","2024-05-27T12:33:27.081Z","s","maker"
"0.34400","30.94732784","2024-05-27T12:09:49.371Z","b","maker"
"0.34300","202.68000000","2024-05-27T11:46:38.902Z","s","taker"
"0.34300","245.10000000","2024-05-27T11:46:38.828Z","s","taker"
"0.34300","316.49000000","2024-05-27T11:46:38.595Z","s","taker"
"0.34400","54.36781570","2024-05-27T11:21:20.500Z","s","maker"
"0.34300","15.00000000","2024-05-27T10:58:50.290Z","b","taker"
"0.34300","7.99666000","2024-05-27T10:08:39.973Z","s","maker"
"0.34400","15.00000000","2024-05-27T09:58:47.586Z","b","maker"
"0.34400","19.29291452","2024-05-27T09:47:34.245Z","b","maker"
"0.34400","53.03049797","2024-05-27T09:45:47.197Z","b","maker"
"0.34400","4.21939856","2024-05-27T09:45:47.197Z","b","maker"
"0.34300","139.07811000","2024-05-27T09:39:02.469Z","s","maker"
"0.34400","32.51596000","2024-05-27T09:35:06.297Z","s","maker"
"0.34400","5.12033900","2024-05-27T09:30:40.353Z","b","maker"
"0.34400","15.60150277","2024-05-27T09:30:34.332Z","b","maker"
"0.34400","64.13324468","2024-05-27T09:30:28.275Z","b","maker"
"0.34400","275.95192422","2024-05-27T09:30:22.217Z","b","maker"
"0.34400","6.25769409","2024-05-27T09:30:22.217Z","b","maker"
"0.34300","162.92901976","2024-05-27T08:44:11.661Z","b","maker"
"0.34300","53.03049797","2024-05-27T08:44:11.661Z","b","maker"
"0.34300","7.15352090","2024-05-27T08:41:39.521Z","b","maker"
"0.34300","15.00000000","2024-05-27T08:41:33.494Z","b","maker"
"0.34300","16.16481959","2024-05-27T08:41:27.435Z","b","maker"
"0.34200","112.65898242","2024-05-27T08:37:49.847Z","b","maker"
"0.34200","15.00000000","2024-05-27T08:37:46.150Z","b","maker"
"0.34200","15.00000000","2024-05-27T08:37:40.110Z","b","maker"
"0.34200","15.85099804","2024-05-27T08:37:34.050Z","b","maker"
"0.34200","23.50449760","2024-05-27T08:37:28.020Z","b","maker"
"0.34200","26.11610844","2024-05-27T08:32:11.327Z","b","maker"
"0.34200","46.67028500","2024-05-27T08:32:05.271Z","b","maker"
"0.34200","5.53690861","2024-05-27T08:28:01.393Z","b","maker"
"0.34200","22.77429933","2024-05-27T08:28:01.393Z","b","maker"
"0.34200","43.88638879","2024-05-27T08:27:55.335Z","b","maker"
"0.34200","42.22544068","2024-05-27T08:26:45.509Z","b","maker"
"0.34100","41.53500809","2024-05-27T08:13:48.664Z","b","maker"
"0.34100","42.17567359","2024-05-27T08:13:48.664Z","b","maker"
"0.34100","15.19346440","2024-05-27T08:13:46.607Z","b","maker"
"0.34100","35.19061584","2024-05-27T08:02:22.536Z","b","taker"
"0.33900","42.17530140","2024-05-27T07:23:29.431Z","b","maker"
"0.33900","42.17530140","2024-05-27T07:23:29.427Z","b","maker"
"0.33900","42.17522123","2024-05-27T07:23:29.427Z","b","maker"
"0.34000","106.06099593","2024-05-27T07:17:01.798Z","b","taker"
"0.34000","187.28900407","2024-05-27T07:17:01.798Z","b","taker"
"0.34000","292.75000000","2024-05-27T07:17:01.617Z","b","taker"
"0.34000","355.25000000","2024-05-27T07:17:01.503Z","b","taker"
"0.34000","190.90979269","2024-05-27T07:09:14.338Z","b","maker"
"0.34000","21.21219918","2024-05-27T07:09:12.299Z","b","maker"
"0.33900","348.97704602","2024-05-27T06:37:31.560Z","s","taker"
"0.34000","128.86187949","2024-05-27T06:35:57.441Z","s","maker"
"0.34000","38.36436990","2024-05-27T06:35:57.441Z","s","maker"
"0.34000","91.75885572","2024-05-27T06:35:57.441Z","s","maker"
"0.34000","85.29109075","2024-05-27T06:35:57.441Z","s","maker"
"0.33900","92.02953081","2024-05-27T06:35:57.441Z","s","maker"
"0.33900","85.72928260","2024-05-27T06:35:57.441Z","s","maker"
"0.33900","402.54324563","2024-05-27T06:35:57.441Z","s","maker"
"0.34100","32.19144097","2024-05-27T06:22:56.800Z","b","maker"
"0.34100","19.33431085","2024-05-27T06:22:34.202Z","b","maker"
"0.34100","38.13401759","2024-05-27T06:22:24.698Z","b","maker"
"0.34200","340.81885011","2024-05-27T06:04:38.011Z","s","maker"
"0.34200","170.58218151","2024-05-27T06:04:38.011Z","s","maker"
"0.34100","930.18242396","2024-05-27T06:04:38.011Z","s","maker"
"0.34300","330.19843269","2024-05-27T05:46:58.842Z","b","maker"
"0.34300","334.94266304","2024-05-27T05:46:50.975Z","b","maker"
"0.34300","321.10205713","2024-05-27T05:46:45.660Z","b","maker"
"0.34300","315.88088547","2024-05-27T05:46:30.586Z","b","maker"
"0.34300","301.96903300","2024-05-27T05:46:28.960Z","b","maker"
"0.34300","306.73696510","2024-05-27T05:46:27.476Z","b","maker"
"0.34300","311.65787898","2024-05-27T05:46:24.932Z","b","maker"
"0.34300","293.60213284","2024-05-27T05:46:22.894Z","b","maker"
"0.34300","280.86758250","2024-05-27T05:46:19.882Z","b","maker"
"0.34300","298.10753642","2024-05-27T05:46:18.246Z","b","maker"
"0.34300","276.86471909","2024-05-27T05:46:16.757Z","b","maker"
"0.34300","264.30849601","2024-05-27T05:46:14.281Z","b","maker"
"0.34300","289.23088521","2024-05-27T05:46:09.702Z","b","maker"
"0.34300","272.33655780","2024-05-27T05:45:59.577Z","b","maker"
"0.34300","325.58672273","2024-05-27T05:45:58.353Z","b","maker"
"0.34300","284.98788934","2024-05-27T05:45:57.182Z","b","maker"
"0.34300","268.57153626","2024-05-27T05:45:55.397Z","b","maker"
"0.34200","53.00000000","2024-05-27T05:43:53.054Z","b","maker"
"0.34200","204.67836257","2024-05-27T05:31:32.097Z","b","taker"
"0.34200","124.98723323","2024-05-27T05:31:32.097Z","b","taker"
"0.34200","15.38380948","2024-05-27T05:31:32.097Z","b","taker"
"0.34200","119.32059472","2024-05-27T05:31:32.097Z","b","taker"
"0.34300","208.71216359","2024-05-27T05:21:19.693Z","s","maker"
"0.34300","83.63970357","2024-05-27T05:21:19.693Z","s","maker"
"0.34300","213.00311958","2024-05-27T05:21:19.693Z","s","maker"
"0.34200","91.22225422","2024-05-27T05:21:19.693Z","s","maker"
"0.34200","276.22815229","2024-05-27T05:21:19.693Z","s","maker"
"0.34200","38.14001686","2024-05-27T05:21:19.693Z","s","maker"
"0.34200","605.11955011","2024-05-27T05:21:19.693Z","s","maker"
"0.34400","735.63000000","2024-05-27T05:20:15.655Z","b","taker"
"0.34400","310.54000000","2024-05-27T05:20:06.106Z","b","taker"
"0.34400","294.07000000","2024-05-27T05:20:06.076Z","b","taker"
"0.34400","46.43223044","2024-05-27T05:10:30.445Z","b","taker"
"0.34400","274.62217466","2024-05-27T05:05:40.855Z","s","maker"
"0.34400","37.91827257","2024-05-27T05:05:40.855Z","s","maker"
"0.34400","2323.12654642","2024-05-27T05:05:40.855Z","s","maker"
"0.34600","183.33729000","2024-05-27T04:54:23.097Z","b","maker"
"0.34500","20.29124781","2024-05-27T04:50:30.299Z","s","maker"
"0.34600","205.68783541","2024-05-27T04:49:07.917Z","s","maker"
"0.34500","411.37567082","2024-05-27T04:49:07.917Z","s","maker"
"0.34600","67.34692784","2024-05-27T04:48:37.782Z","s","maker"
"0.34800","220.93700015","2024-05-27T04:01:10.675Z","b","maker"
"0.34800","24.54855557","2024-05-27T04:01:08.944Z","b","maker"
"0.34800","27.27617285","2024-05-27T04:01:02.931Z","b","maker"
"0.34600","226.90000000","2024-05-27T03:47:18.620Z","s","taker"
"0.34600","273.03476325","2024-05-27T03:06:38.305Z","s","maker"
"0.34600","37.69909181","2024-05-27T03:06:38.305Z","s","maker"
"0.34600","504.91643494","2024-05-27T03:06:38.305Z","s","maker"
"0.34700","89.90781252","2024-05-27T02:48:14.426Z","s","maker"
"0.34700","277.86713790","2024-05-27T02:42:20.894Z","s","maker"
"0.34900","70.36912279","2024-05-27T02:24:40.790Z","b","maker"
"0.34900","196.69071721","2024-05-27T02:24:40.790Z","b","maker"
"0.34900","89.79991627","2024-05-27T02:22:36.093Z","b","taker"
"0.34900","37.65386060","2024-05-27T02:22:36.093Z","b","taker"
"0.34900","83.47241494","2024-05-27T02:22:36.093Z","b","taker"
"0.34900","138.05085421","2024-05-27T02:22:36.093Z","b","taker"
"0.34800","9.95676581","2024-05-27T02:22:17.752Z","b","maker"
"0.34800","15.00000000","2024-05-27T02:22:16.395Z","b","maker"
"0.34800","15.00000000","2024-05-27T02:22:12.346Z","b","maker"
"0.34800","15.00000000","2024-05-27T02:22:11.696Z","b","maker"
"0.34800","15.00000000","2024-05-27T02:22:08.293Z","b","maker"
"0.34800","15.00000000","2024-05-27T02:22:05.647Z","b","maker"
"0.34800","15.00000000","2024-05-27T02:21:59.646Z","b","maker"
"0.34800","15.00000000","2024-05-27T02:21:53.607Z","b","maker"
"0.34800","15.00000000","2024-05-27T02:21:47.582Z","b","maker"
"0.34800","15.00000000","2024-05-27T02:21:41.557Z","b","maker"
"0.34800","16.10630731","2024-05-27T02:21:35.541Z","b","maker"
"0.34800","17.89589701","2024-05-27T02:21:29.541Z","b","maker"
"0.34800","19.88433001","2024-05-27T02:21:23.511Z","b","maker"
"0.34800","22.09370001","2024-05-27T02:21:17.493Z","b","maker"
"0.34800","24.54855557","2024-05-27T02:21:11.490Z","b","maker"
"0.34800","27.27617285","2024-05-27T02:21:05.000Z","b","maker"
"0.34700","290.70000000","2024-05-27T02:20:36.823Z","s","taker"
"0.34700","144.09221902","2024-05-27T02:10:12.306Z","b","taker"
"0.34700","22.87277839","2024-05-27T02:02:46.771Z","b","maker"
"0.34700","47.38176364","2024-05-27T02:02:46.771Z","b","maker"
"0.34700","15.00000000","2024-05-27T02:02:45.749Z","b","maker"
"0.34600","3207.53561650","2024-05-27T02:01:54.514Z","s","maker"
"0.34600","81.95368234","2024-05-27T01:45:43.551Z","b","maker"
"0.34600","15.00000000","2024-05-27T01:45:40.155Z","b","maker"
"0.34600","16.03224728","2024-05-27T01:45:34.112Z","b","maker"
"0.34600","17.81360809","2024-05-27T01:45:27.943Z","b","maker"
"0.34600","15.00000000","2024-05-27T01:42:31.992Z","b","maker"
"0.34600","16.19994863","2024-05-27T01:42:25.318Z","b","maker"
"0.34600","17.99994292","2024-05-27T01:42:19.269Z","b","maker"
"0.34600","19.99993658","2024-05-27T01:42:13.243Z","b","maker"
"0.34600","22.22215175","2024-05-27T01:42:07.230Z","b","maker"
"0.34600","24.69127973","2024-05-27T01:42:01.175Z","b","maker"
"0.34600","27.43475525","2024-05-27T01:41:55.174Z","b","maker"
"0.34500","20.62150770","2024-05-27T01:40:20.325Z","b","maker"
"0.34500","85.55783717","2024-05-27T01:40:20.325Z","b","maker"
"0.34500","51.07539549","2024-05-27T01:40:20.325Z","b","maker"
"0.34500","17.47274892","2024-05-27T01:40:17.909Z","b","maker"
"0.34400","71.81326735","2024-05-27T01:39:35.225Z","b","maker"
"0.34400","91.11278054","2024-05-27T01:39:35.225Z","b","maker"
"0.34400","131.43022061","2024-05-27T01:39:35.225Z","b","maker"
"0.34400","32.70625205","2024-05-27T01:39:34.522Z","b","maker"
"0.34400","36.34028006","2024-05-27T01:39:28.458Z","b","maker"
"0.34400","40.37808895","2024-05-27T01:39:22.437Z","b","maker"
"0.34400","44.86454328","2024-05-27T01:39:16.395Z","b","maker"
"0.34400","49.84949253","2024-05-27T01:39:10.292Z","b","maker"
"0.34300","1484.37499000","2024-05-27T01:02:06.315Z","s","maker"
"0.34200","210.51000000","2024-05-27T00:40:27.580Z","s","taker"
"0.34200","54.34084222","2024-05-27T00:34:00.787Z","b","maker"
"0.34200","15.00000000","2024-05-27T00:33:55.235Z","b","maker"
"0.34200","22.30789586","2024-05-27T00:33:49.112Z","b","maker"
"0.34000","91.75885572","2024-05-26T23:33:55.170Z","s","taker"
"0.34000","148.99114428","2024-05-26T23:33:55.170Z","s","taker"
"0.34200","54.25441780","2024-05-26T23:20:18.267Z","s","maker"
"0.34100","108.50883559","2024-05-26T23:20:18.267Z","s","maker"
"0.34200","276.22815229","2024-05-26T23:20:18.196Z","s","maker"
"0.34200","91.22225422","2024-05-26T23:20:18.196Z","s","maker"
"0.34200","107.23666645","2024-05-26T23:20:18.196Z","s","maker"
"0.34400","56.28121931","2024-05-26T22:26:45.975Z","b","maker"
"0.34400","211.50311275","2024-05-26T22:26:45.975Z","b","maker"
"0.34400","84.70721397","2024-05-26T22:26:45.975Z","b","maker"
"0.34400","73.76976974","2024-05-26T22:26:45.975Z","b","maker"
"0.34400","455.42171518","2024-05-26T22:26:45.975Z","b","maker"
"0.34400","4.33416610","2024-05-26T22:23:31.422Z","b","maker"
"0.34400","34.83156123","2024-05-26T22:23:31.422Z","b","maker"
"0.34400","43.51747481","2024-05-26T22:23:25.408Z","b","maker"
"0.34400","48.35274979","2024-05-26T22:23:19.399Z","b","maker"
"0.34400","53.72527755","2024-05-26T22:23:13.327Z","b","maker"
"0.34400","59.69475283","2024-05-26T22:23:07.314Z","b","maker"
"0.34400","66.32750314","2024-05-26T22:23:01.262Z","b","maker"
"0.34300","8.31834049","2024-05-26T22:20:42.474Z","b","maker"
"0.34300","6.68165951","2024-05-26T22:20:42.474Z","b","maker"
"0.34300","15.00000000","2024-05-26T22:20:36.412Z","b","maker"
"0.34300","15.00000000","2024-05-26T22:20:30.368Z","b","maker"
"0.34200","203.82161411","2024-05-26T22:02:00.112Z","b","maker"
"0.34200","91.64873808","2024-05-26T22:02:00.112Z","b","maker"
"0.34200","18.95270545","2024-05-26T22:02:00.112Z","b","maker"
"0.34200","34.93589529","2024-05-26T22:01:57.405Z","b","maker"
"0.34200","38.81766143","2024-05-26T22:01:57.336Z","b","maker"
"0.34100","106.64341490","2024-05-26T22:00:30.923Z","s","maker"
"0.34100","3867.75658510","2024-05-26T22:00:30.923Z","s","maker"
"0.34100","91.91908833","2024-05-26T21:56:10.137Z","b","maker"
"0.34100","356.70727908","2024-05-26T21:56:10.137Z","b","maker"
"0.34000","2627.29219352","2024-05-26T21:43:47.606Z","b","maker"
"0.34000","291.92135483","2024-05-26T21:43:46.695Z","b","maker"
"0.34000","324.35706092","2024-05-26T21:43:38.491Z","b","maker"
"0.34000","360.39673436","2024-05-26T21:43:32.433Z","b","maker"
"0.34000","400.44081595","2024-05-26T21:43:26.398Z","b","maker"
"0.34000","75.17737133","2024-05-26T21:43:10.023Z","b","maker"
"0.34000","369.75686862","2024-05-26T21:43:10.023Z","b","maker"
"0.34000","166.64745789","2024-05-26T21:41:36.897Z","b","maker"
"0.34000","185.16384210","2024-05-26T21:41:30.888Z","b","maker"
"0.34000","205.73760234","2024-05-26T21:41:24.841Z","b","maker"
"0.34000","228.59733593","2024-05-26T21:41:18.828Z","b","maker"
"0.34000","253.99703992","2024-05-26T21:41:12.790Z","b","maker"
"0.34000","282.21893325","2024-05-26T21:41:06.773Z","b","maker"
"0.34000","775.73455616","2024-05-26T21:41:03.209Z","b","maker"
"0.34000","399.76932096","2024-05-26T21:41:00.765Z","b","maker"
"0.34000","444.18813440","2024-05-26T21:40:54.761Z","b","maker"
"0.34000","92.19103829","2024-05-26T21:40:48.716Z","b","maker"
"0.34000","279.21762747","2024-05-26T21:40:48.716Z","b","maker"
"0.34000","104.41279459","2024-05-26T21:40:48.716Z","b","maker"
"0.34000","9.36786995","2024-05-26T21:40:48.716Z","b","maker"
"0.33900","1630.27164722","2024-05-26T21:37:29.823Z","s","maker"
"0.33900","764.07453278","2024-05-26T21:37:29.823Z","s","maker"
"0.33900","191.23412615","2024-05-26T21:33:44.855Z","b","maker"
"0.33900","4357.68490676","2024-05-26T21:33:44.855Z","b","maker"
"0.33900","51.66624180","2024-05-26T21:32:53.298Z","s","maker"
"0.33900","92.02953081","2024-05-26T21:32:53.298Z","s","maker"
"0.33900","60.01249716","2024-05-26T21:32:53.298Z","s","maker"
"0.33900","146.19883040","2024-05-26T21:32:53.298Z","s","maker"
"0.33900","63.53341110","2024-05-26T21:32:53.298Z","s","maker"
"0.33800","279.49712451","2024-05-26T21:32:53.298Z","s","maker"
"0.33800","211.79962163","2024-05-26T21:32:53.298Z","s","maker"
"0.33800","84.87697729","2024-05-26T21:32:53.298Z","s","maker"
"0.33800","92.30180753","2024-05-26T21:32:53.298Z","s","maker"
"0.34000","277.85302377","2024-05-26T21:32:52.714Z","s","maker"
"0.34000","38.36436990","2024-05-26T21:32:52.714Z","s","maker"
"0.34000","91.75885572","2024-05-26T21:32:52.714Z","s","maker"
"0.33900","34.06304080","2024-05-26T21:32:52.714Z","s","maker"
"0.34100","75.61458000","2024-05-26T21:22:00.907Z","s","maker"
"0.34100","39.89253023","2024-05-26T21:17:10.970Z","b","maker"
"0.34100","24.16450000","2024-05-26T21:05:47.974Z","s","maker"
"0.34200","39.32708923","2024-05-26T20:55:19.181Z","s","maker"
"0.34200","87.17429196","2024-05-26T20:55:19.181Z","s","maker"
"0.34100","123.12193005","2024-05-26T20:55:19.181Z","s","maker"
"0.34100","19.67292240","2024-05-26T20:55:19.181Z","s","maker"
"0.34300","187.49752000","2024-05-26T20:54:58.231Z","b","maker"
"0.34300","874.48138000","2024-05-26T20:34:11.532Z","b","maker"
"0.34300","20.29124781","2024-05-26T20:25:41.435Z","s","maker"
"0.34300","174.34858392","2024-05-26T20:25:41.435Z","s","maker"
"0.34200","276.22815229","2024-05-26T20:25:41.435Z","s","maker"
"0.34200","51.89516499","2024-05-26T20:25:41.435Z","s","maker"
"0.34400","91.11278054","2024-05-26T19:40:00.367Z","b","maker"
"0.34400","275.95192422","2024-05-26T19:40:00.367Z","b","maker"
"0.34400","637.38907430","2024-05-26T19:40:00.367Z","b","maker"
"0.34200","605.00000000","2024-05-26T19:24:07.523Z","s","maker"
"0.34200","2541.10416953","2024-05-26T18:56:35.290Z","s","maker"
"0.34300","47.58275449","2024-05-26T18:48:22.120Z","b","taker"
"0.34200","29.61284364","2024-05-26T18:32:05.579Z","s","maker"
"0.34300","20.40816327","2024-05-26T18:30:29.330Z","b","taker"
"0.34200","276.22815229","2024-05-26T18:13:06.267Z","s","maker"
"0.34200","91.22225422","2024-05-26T18:13:06.267Z","s","maker"
"0.34200","38.14001686","2024-05-26T18:13:06.267Z","s","maker"
"0.34200","2948.69085663","2024-05-26T18:13:06.267Z","s","maker"
"0.34400","34.34830981","2024-05-26T17:59:36.758Z","s","maker"
"0.34300","62.14960058","2024-05-26T17:59:36.758Z","s","maker"
"0.34400","240.27386485","2024-05-26T17:58:42.878Z","s","maker"
"0.34500","14.27857000","2024-05-26T17:40:47.036Z","b","maker"
"0.34600","38.86847000","2024-05-26T16:54:26.383Z","s","maker"
"0.34600","185.02763849","2024-05-26T16:46:03.809Z","b","maker"
"0.34600","55.24622636","2024-05-26T16:46:03.809Z","b","maker"
"0.34600","26.69709609","2024-05-26T16:46:02.712Z","b","maker"
"0.34600","29.66344010","2024-05-26T16:45:51.045Z","b","maker"
"0.34600","32.95937789","2024-05-26T16:45:47.017Z","b","maker"
"0.34500","941.07369000","2024-05-26T16:45:14.085Z","s","maker"
"0.34400","75.22210734","2024-05-26T15:54:34.678Z","b","taker"
"0.34400","115.58140471","2024-05-26T15:52:09.772Z","s","maker"
"0.34400","37.91827257","2024-05-26T15:52:09.772Z","s","maker"
"0.34400","41.90806498","2024-05-26T15:52:09.772Z","s","maker"
"0.34300","388.96218440","2024-05-26T15:52:09.772Z","s","maker"
"0.34400","159.04076995","2024-05-26T15:51:30.584Z","s","maker"
"0.34600","98.41451094","2024-05-26T15:47:00.886Z","s","maker"
"0.34600","273.03476325","2024-05-26T15:47:00.869Z","s","maker"
"0.34600","82.74412145","2024-05-26T15:47:00.869Z","s","maker"
"0.34800","272.76172856","2024-05-26T15:35:52.863Z","b","maker"
"0.34800","52.83767538","2024-05-26T15:35:52.863Z","b","maker"
"0.34800","5419.18059606","2024-05-26T15:35:52.863Z","b","maker"
"0.34700","7.87277839","2024-05-26T15:33:28.060Z","b","maker"
"0.34700","7.12722161","2024-05-26T15:33:28.060Z","b","maker"
"0.34700","15.00000000","2024-05-26T15:33:18.628Z","b","maker"
"0.34700","15.00000000","2024-05-26T15:33:14.145Z","b","maker"
"0.34600","867.05202312","2024-05-26T15:15:22.792Z","s","maker"
"0.34600","466.54021869","2024-05-26T15:12:09.557Z","s","maker"
"0.34600","77.85157995","2024-05-26T15:00:06.071Z","b","maker"
"0.34600","69.91201767","2024-05-26T15:00:06.071Z","b","maker"
"0.34600","164.18177513","2024-05-26T14:59:45.501Z","b","maker"
"0.34600","32.31419749","2024-05-26T14:55:42.570Z","b","maker"
"0.34500","8.09425662","2024-05-26T14:52:40.566Z","b","maker"
"0.34500","6.90574338","2024-05-26T14:52:40.566Z","b","maker"
"0.34500","15.00000000","2024-05-26T14:52:36.535Z","b","maker"
"0.34500","15.00000000","2024-05-26T14:51:32.211Z","b","maker"
"0.34400","178.70000000","2024-05-26T14:47:06.126Z","s","maker"
"0.34400","77.12423826","2024-05-26T14:46:57.242Z","b","maker"
"0.34400","91.11278054","2024-05-26T14:46:57.242Z","b","maker"
"0.34400","187.54186589","2024-05-26T14:46:57.242Z","b","maker"
"0.34400","39.53098718","2024-05-26T14:46:56.371Z","b","maker"
"0.34400","43.92331909","2024-05-26T14:46:43.805Z","b","maker"
"0.34400","27.96570278","2024-05-26T14:46:39.792Z","b","maker"
"0.34400","31.07300309","2024-05-26T14:46:35.740Z","b","maker"
"0.34400","56.33467382","2024-05-26T14:46:31.677Z","b","maker"
"0.34300","1122.37489959","2024-05-26T14:19:34.177Z","s","maker"
"0.34200","276.22815229","2024-05-26T14:19:34.177Z","s","maker"
"0.34200","38.14001686","2024-05-26T14:19:34.177Z","s","maker"
"0.34200","91.22225422","2024-05-26T14:19:34.177Z","s","maker"
"0.34200","116.97100759","2024-05-26T14:19:34.177Z","s","maker"
"0.34200","777.05122983","2024-05-26T14:19:34.177Z","s","maker"
"0.34200","157.39181244","2024-05-26T14:19:34.177Z","s","maker"
"0.34300","4054.91373323","2024-05-26T14:19:34.073Z","s","maker"
"0.34300","3243.67989063","2024-05-26T14:19:34.073Z","s","maker"
"0.34300","7818.87000000","2024-05-26T14:19:33.946Z","s","maker"
"0.34300","8335.89000000","2024-05-26T14:19:33.945Z","s","maker"
"0.34300","136.63814814","2024-05-26T13:58:59.439Z","s","maker"
"0.34300","83.63970357","2024-05-26T13:58:59.439Z","s","maker"
"0.34300","120.45513974","2024-05-26T13:58:59.439Z","s","maker"
"0.34300","18.86297376","2024-05-26T13:58:59.439Z","s","maker"
"0.34300","61.22448980","2024-05-26T13:58:59.439Z","s","maker"
"0.34300","72.07401545","2024-05-26T13:54:55.244Z","s","maker"
"0.34400","190.95986669","2024-05-26T13:39:18.528Z","s","maker"
"0.34400","37.91827257","2024-05-26T13:39:18.528Z","s","maker"
"0.34400","84.48321744","2024-05-26T13:39:18.528Z","s","maker"
"0.34400","83.66230797","2024-05-26T13:39:18.520Z","s","maker"
"0.34500","252.77580000","2024-05-26T13:24:42.331Z","s","maker"
"0.34500","326.96409073","2024-05-26T12:52:29.218Z","s","taker"
"0.34500","2461.44980398","2024-05-26T12:52:29.218Z","s","taker"
"0.34500","62.00000000","2024-05-26T12:19:19.896Z","s","taker"
"0.34600","170.19325325","2024-05-26T11:48:17.521Z","s","maker"
"0.34600","37.69909181","2024-05-26T11:48:17.521Z","s","maker"
"0.34600","102.84151000","2024-05-26T11:39:15.395Z","s","maker"
"0.34700","169.10000000","2024-05-26T11:34:03.806Z","b","taker"
"0.34700","89.90781252","2024-05-26T11:34:03.511Z","s","maker"
"0.34900","1513.68958470","2024-05-26T11:13:14.216Z","s","maker"
"0.34900","233.94201517","2024-05-26T11:13:14.216Z","s","maker"
"0.34900","4060.04331883","2024-05-26T11:13:14.216Z","s","maker"
"0.34900","14.79991626","2024-05-26T10:43:53.704Z","b","maker"
"0.34900","15.00000000","2024-05-26T10:43:51.654Z","b","maker"