"price","volume","time","side","orderType"
"1595.49000000","0.10990000","2023-07-14T02:59:57.580Z","sell","maker"
"1595.47000000","0.10990000","2023-07-14T02:59:56.580Z","sell","maker"
"1595.47000000","0.11000000","2023-07-14T02:59:54.579Z","sell","maker"
"1595.46000000","0.02200000","2023-07-14T02:59:48.786Z","sell","maker"
"1595.45000000","0.06250000","2023-07-14T02:59:48.786Z","sell","maker"
"1601.52000000","0.03140000","2023-07-14T02:59:37.508Z","buy","taker"
"1601.52000000","0.03460000","2023-07-14T02:59:37.508Z","buy","taker"
"1600.01000000","0.00610000","2023-07-14T02:59:33.610Z","buy","taker"
"1600.23000000","0.00090000","2023-07-14T02:59:33.610Z","buy","taker"
"1600.38000000","0.01570000","2023-07-14T02:59:33.610Z","buy","taker"
"1600.01000000","0.02450000","2023-07-14T02:59:27.978Z","buy","taker"
"1592.49000000","0.00110000","2023-07-14T02:59:27.960Z","sell","maker"
"1600.01000000","0.00110000","2023-07-14T02:59:27.630Z","buy","taker"
"1600.01000000","0.00590000","2023-07-14T02:59:25.001Z","buy","taker"
"1597.83000000","0.00110000","2023-07-14T02:59:22.517Z","buy","taker"
"1599.40000000","0.12740000","2023-07-14T02:59:22.517Z","buy","taker"
"1597.00000000","0.00040000","2023-07-14T02:59:02.808Z","sell","maker"
"1591.85000000","0.08780000","2023-07-14T02:59:02.808Z","sell","maker"
"1596.53000000","0.00060000","2023-07-14T02:59:01.828Z","buy","taker"
"1596.53000000","0.00490000","2023-07-14T02:59:00.006Z","buy","taker"
"1591.83000000","0.26440000","2023-07-14T02:58:58.617Z","sell","maker"
"1596.53000000","0.01800000","2023-07-14T02:58:56.141Z","buy","taker"
"1591.81000000","0.00090000","2023-07-14T02:58:54.968Z","sell","maker"
"1596.53000000","0.00090000","2023-07-14T02:58:54.691Z","buy","taker"
"1591.79000000","0.00110000","2023-07-14T02:58:52.550Z","sell","maker"
"1596.53000000","0.00070000","2023-07-14T02:58:50.266Z","buy","taker"
"1596.53000000","0.00110000","2023-07-14T02:58:49.699Z","buy","taker"
"1591.77000000","0.02050000","2023-07-14T02:58:48.407Z","sell","maker"
"1595.41000000","0.00090000","2023-07-14T02:58:47.175Z","buy","taker"
"1589.89000000","0.28730000","2023-07-14T02:58:33.918Z","sell","maker"
"1590.60000000","0.00090000","2023-07-14T02:58:32.180Z","sell","maker"
"1589.87000000","0.10930000","2023-07-14T02:58:32.180Z","sell","maker"
"1589.87000000","0.11020000","2023-07-14T02:58:31.180Z","sell","maker"
"1595.41000000","0.00090000","2023-07-14T02:58:30.950Z","buy","taker"
"1595.41000000","0.35180000","2023-07-14T02:58:30.950Z","buy","taker"
"1595.43000000","0.06450000","2023-07-14T02:58:30.950Z","buy","taker"
"1589.89000000","0.00890000","2023-07-14T02:58:30.918Z","sell","maker"
"1589.88000000","0.08890000","2023-07-14T02:58:30.918Z","sell","maker"
"1589.87000000","0.25400000","2023-07-14T02:58:30.918Z","sell","maker"
"1591.21000000","0.00030000","2023-07-14T02:58:29.180Z","sell","maker"
"1590.60000000","0.00090000","2023-07-14T02:58:29.180Z","sell","maker"
"1589.87000000","0.10890000","2023-07-14T02:58:29.180Z","sell","maker"
"1591.21000000","0.02040000","2023-07-14T02:58:13.247Z","sell","maker"
"1591.22000000","0.01190000","2023-07-14T02:58:12.072Z","sell","maker"
"1591.21000000","0.00550000","2023-07-14T02:58:12.072Z","sell","maker"
"1591.22000000","0.00840000","2023-07-14T02:58:12.001Z","sell","maker"
"1591.63000000","0.01580000","2023-07-14T02:57:59.388Z","buy","taker"
"1596.53000000","0.00910000","2023-07-14T02:57:55.456Z","buy","taker"
"1596.53000000","0.00630000","2023-07-14T02:57:55.456Z","buy","taker"
"1597.83000000","0.01900000","2023-07-14T02:57:55.456Z","buy","taker"
"1594.59000000","0.01940000","2023-07-14T02:57:47.236Z","buy","taker"
"1595.41000000","0.00090000","2023-07-14T02:57:47.236Z","buy","taker"
"1596.53000000","0.01710000","2023-07-14T02:57:47.236Z","buy","taker"
"1591.94000000","0.02970000","2023-07-14T02:57:37.536Z","buy","taker"
"1591.94000000","0.00800000","2023-07-14T02:57:36.132Z","buy","taker"
"1588.97000000","0.01110000","2023-07-14T02:57:35.123Z","sell","maker"
"1591.15000000","0.02050000","2023-07-14T02:57:30.780Z","sell","maker"
"1588.98000000","0.02200000","2023-07-14T02:57:30.780Z","sell","maker"
"1588.97000000","0.18260000","2023-07-14T02:57:30.780Z","sell","maker"
"1595.40000000","0.01560000","2023-07-14T02:57:28.788Z","buy","taker"
"1588.97000000","0.26370000","2023-07-14T02:57:28.589Z","buy","taker"
"1588.97000000","0.75420000","2023-07-14T02:57:28.561Z","buy","taker"
"1588.97000000","0.21620000","2023-07-14T02:57:28.557Z","buy","taker"
"1591.73000000","0.00010000","2023-07-14T02:57:28.552Z","sell","maker"
"1591.72000000","0.02100000","2023-07-14T02:57:28.552Z","sell","maker"
"1588.99000000","0.74760000","2023-07-14T02:57:28.552Z","sell","maker"
"1588.98000000","0.02770000","2023-07-14T02:57:28.552Z","sell","maker"
"1591.73000000","0.01840000","2023-07-14T02:57:28.068Z","sell","maker"
"1591.73000000","0.00350000","2023-07-14T02:57:28.046Z","sell","maker"
"1588.97000000","0.00670000","2023-07-14T02:57:20.024Z","sell","maker"
"1589.02000000","0.04520000","2023-07-14T02:57:18.047Z","buy","taker"
"1591.43000000","0.01750000","2023-07-14T02:57:18.043Z","sell","maker"
"1591.43000000","0.00090000","2023-07-14T02:57:16.706Z","sell","maker"
"1591.43000000","0.00090000","2023-07-14T02:57:16.426Z","sell","maker"
"1588.97000000","0.02630000","2023-07-14T02:57:14.774Z","sell","maker"
"1588.98000000","0.02200000","2023-07-14T02:57:14.180Z","sell","maker"
"1588.97000000","0.00930000","2023-07-14T02:57:14.180Z","sell","maker"
"1591.21000000","0.02620000","2023-07-14T02:57:14.138Z","buy","taker"
"1591.20000000","0.53440000","2023-07-14T02:57:13.911Z","buy","taker"
"1591.20000000","0.02000000","2023-07-14T02:57:13.864Z","buy","taker"
"1591.20000000","0.53420000","2023-07-14T02:57:13.684Z","buy","taker"
"1591.20000000","0.21070000","2023-07-14T02:57:13.458Z","buy","taker"
"1591.19000000","0.04430000","2023-07-14T02:57:13.232Z","buy","taker"
"1591.20000000","0.04110000","2023-07-14T02:57:13.232Z","buy","taker"
"1589.02000000","0.02200000","2023-07-14T02:57:13.180Z","sell","maker"
"1589.01000000","0.74760000","2023-07-14T02:57:13.180Z","sell","maker"
"1589.00000000","0.21600000","2023-07-14T02:57:13.180Z","sell","maker"
"1587.66000000","0.00630000","2023-07-14T02:57:13.180Z","sell","maker"
"1585.81000000","0.00090000","2023-07-14T02:57:13.180Z","sell","maker"
"1582.37000000","0.00170000","2023-07-14T02:57:13.180Z","sell","maker"
"1582.00000000","0.01580000","2023-07-14T02:57:13.180Z","sell","maker"
"1581.97000000","0.01940000","2023-07-14T02:57:13.180Z","sell","maker"
"1581.92000000","0.02140000","2023-07-14T02:57:13.180Z","sell","maker"
"1581.79000000","0.01810000","2023-07-14T02:57:13.180Z","sell","maker"
"1581.71000000","0.13400000","2023-07-14T02:57:13.180Z","sell","maker"
"1581.66000000","0.01370000","2023-07-14T02:57:13.180Z","sell","maker"
"1581.44000000","0.00520000","2023-07-14T02:57:13.180Z","sell","maker"
"1581.31000000","0.00950000","2023-07-14T02:57:13.180Z","sell","maker"
"1581.16000000","0.03140000","2023-07-14T02:57:13.180Z","sell","maker"
"1581.04000000","0.00090000","2023-07-14T02:57:13.180Z","sell","maker"
"1580.87000000","0.01860000","2023-07-14T02:57:13.180Z","sell","maker"
"1580.78000000","0.03780000","2023-07-14T02:57:13.180Z","sell","maker"
"1580.62000000","0.02630000","2023-07-14T02:57:13.180Z","sell","maker"
"1579.98000000","0.00640000","2023-07-14T02:57:13.180Z","sell","maker"
"1579.79000000","0.01580000","2023-07-14T02:57:13.180Z","sell","maker"
"1579.76000000","0.00290000","2023-07-14T02:57:13.180Z","sell","maker"
"1595.40000000","0.00250000","2023-07-14T02:57:12.628Z","buy","taker"
"1595.40000000","0.00100000","2023-07-14T02:57:12.601Z","buy","taker"
"1590.60000000","0.00090000","2023-07-14T02:57:12.228Z","buy","taker"
"1596.53000000","0.00140000","2023-07-14T02:57:11.179Z","sell","maker"
"1596.53000000","0.00310000","2023-07-14T02:57:11.179Z","sell","maker"
"1595.75000000","0.00630000","2023-07-14T02:57:11.179Z","sell","maker"
"1595.41000000","0.00090000","2023-07-14T02:57:11.179Z","sell","maker"
"1591.22000000","0.02200000","2023-07-14T02:57:11.179Z","sell","maker"
"1591.21000000","0.02620000","2023-07-14T02:57:11.179Z","sell","maker"
"1590.60000000","0.00090000","2023-07-14T02:57:11.179Z","sell","maker"
"1589.00000000","0.01850000","2023-07-14T02:57:11.179Z","sell","maker"
"1589.00000000","0.48450000","2023-07-14T02:57:11.179Z","sell","maker"
"1588.88000000","0.03120000","2023-07-14T02:57:11.179Z","sell","maker"
"1588.79000000","0.03760000","2023-07-14T02:57:11.179Z","sell","maker"
"1588.48000000","0.01570000","2023-07-14T02:57:11.179Z","sell","maker"
"1587.49000000","0.04780000","2023-07-14T02:57:11.179Z","sell","maker"
"1587.48000000","0.03130000","2023-07-14T02:57:11.179Z","sell","maker"
"1586.85000000","0.12740000","2023-07-14T02:57:11.179Z","sell","maker"
"1586.78000000","0.02070000","2023-07-14T02:57:11.179Z","sell","maker"
"1586.73000000","0.02010000","2023-07-14T02:57:11.179Z","sell","maker"
"1586.47000000","0.01970000","2023-07-14T02:57:11.179Z","sell","maker"
"1586.31000000","0.00620000","2023-07-14T02:57:11.179Z","sell","maker"
"1585.90000000","0.02620000","2023-07-14T02:57:11.179Z","sell","maker"
"1585.81000000","0.00090000","2023-07-14T02:57:11.179Z","sell","maker"
"1585.73000000","0.02110000","2023-07-14T02:57:11.179Z","sell","maker"
"1585.27000000","0.00950000","2023-07-14T02:57:11.179Z","sell","maker"
"1585.27000000","0.00950000","2023-07-14T02:57:11.179Z","sell","maker"
"1585.27000000","0.00950000","2023-07-14T02:57:11.179Z","sell","maker"
"1584.88000000","0.30150000","2023-07-14T02:57:11.179Z","sell","maker"
"1584.38000000","0.01230000","2023-07-14T02:57:11.179Z","sell","maker"
"1583.67000000","0.00950000","2023-07-14T02:57:11.179Z","sell","maker"
"1582.84000000","0.01350000","2023-07-14T02:57:11.179Z","sell","maker"
"1582.37000000","0.03680000","2023-07-14T02:57:11.179Z","sell","maker"
"1600.23000000","0.00080000","2023-07-14T02:56:59.130Z","sell","maker"
"1609.91000000","0.00090000","2023-07-14T02:56:58.826Z","sell","maker"
"1605.06000000","0.00090000","2023-07-14T02:56:58.826Z","sell","maker"
"1600.78000000","0.00020000","2023-07-14T02:56:58.826Z","sell","maker"
"1600.23000000","0.00010000","2023-07-14T02:56:58.826Z","sell","maker"
"1600.78000000","0.13660000","2023-07-14T02:56:58.331Z","sell","maker"
"1601.25000000","0.01860000","2023-07-14T02:56:58.117Z","buy","taker"
"1601.26000000","0.00730000","2023-07-14T02:56:58.117Z","buy","taker"
"1601.25000000","0.02600000","2023-07-14T02:56:57.970Z","buy","taker"
"1600.95000000","0.01920000","2023-07-14T02:56:57.307Z","sell","maker"
"1600.62000000","0.04460000","2023-07-14T02:56:57.214Z","buy","taker"
"1600.63000000","0.39480000","2023-07-14T02:56:57.214Z","buy","taker"
"1601.88000000","0.01120000","2023-07-14T02:56:57.214Z","buy","taker"
"1604.13000000","0.01940000","2023-07-14T02:56:57.214Z","buy","taker"
"1605.06000000","0.00090000","2023-07-14T02:56:57.214Z","buy","taker"
"1605.86000000","0.02000000","2023-07-14T02:56:57.214Z","buy","taker"
"1607.24000000","0.02600000","2023-07-14T02:56:57.214Z","buy","taker"
"1607.25000000","0.02050000","2023-07-14T02:56:57.214Z","buy","taker"
"1608.10000000","0.03750000","2023-07-14T02:56:57.214Z","buy","taker"
"1609.19000000","0.01560000","2023-07-14T02:56:57.214Z","buy","taker"
"1609.91000000","0.00090000","2023-07-14T02:56:57.214Z","buy","taker"
"1610.46000000","0.02100000","2023-07-14T02:56:57.214Z","buy","taker"
"1612.61000000","0.02590000","2023-07-14T02:56:57.214Z","buy","taker"
"1614.49000000","0.35740000","2023-07-14T02:56:57.214Z","buy","taker"
"1614.73000000","0.17870000","2023-07-14T02:56:57.214Z","buy","taker"
"1614.77000000","0.00090000","2023-07-14T02:56:57.214Z","buy","taker"
"1614.99000000","0.09450000","2023-07-14T02:56:57.214Z","buy","taker"
"1614.99000000","0.07440000","2023-07-14T02:56:57.214Z","buy","taker"
"1615.00000000","0.65580000","2023-07-14T02:56:57.214Z","buy","taker"
"1596.53000000","0.02470000","2023-07-14T02:56:50.261Z","sell","maker"
"1601.82000000","0.01990000","2023-07-14T02:56:46.856Z","buy","taker"
"1600.23000000","0.00090000","2023-07-14T02:56:39.406Z","sell","maker"
"1601.88000000","0.00010000","2023-07-14T02:56:31.866Z","sell","maker"
"1601.88000000","0.02590000","2023-07-14T02:56:29.836Z","sell","maker"
"1614.48000000","0.04220000","2023-07-14T02:56:26.880Z","buy","taker"
"1605.06000000","0.34790000","2023-07-14T02:56:26.438Z","sell","maker"
"1605.07000000","0.00080000","2023-07-14T02:56:25.904Z","sell","maker"
"1605.06000000","0.00090000","2023-07-14T02:56:25.904Z","sell","maker"
"1605.06000000","0.05680000","2023-07-14T02:56:25.904Z","sell","maker"
"1611.98000000","0.00710000","2023-07-14T02:56:25.880Z","buy","taker"
"1611.99000000","0.21600000","2023-07-14T02:56:25.880Z","buy","taker"
"1613.99000000","0.03270000","2023-07-14T02:56:25.880Z","buy","taker"
"1614.00000000","0.13020000","2023-07-14T02:56:25.880Z","buy","taker"
"1614.49000000","0.08640000","2023-07-14T02:56:25.880Z","buy","taker"
"1607.24000000","0.00010000","2023-07-14T02:56:24.554Z","sell","maker"
"1595.76000000","0.02550000","2023-07-14T02:56:24.554Z","sell","maker"
"1611.98000000","0.03750000","2023-07-14T02:56:24.541Z","buy","taker"
"1607.24000000","0.02580000","2023-07-14T02:56:24.541Z","sell","maker"
"1599.00000000","0.00520000","2023-07-14T02:56:23.880Z","buy","taker"
"1599.00000000","0.06240000","2023-07-14T02:56:23.880Z","buy","taker"
"1600.23000000","0.00090000","2023-07-14T02:56:23.880Z","buy","taker"
"1600.75000000","0.04460000","2023-07-14T02:56:23.880Z","buy","taker"
"1601.88000000","0.02610000","2023-07-14T02:56:23.880Z","buy","taker"
"1613.72000000","0.01920000","2023-07-14T02:56:23.880Z","buy","taker"
"1613.92000000","0.01990000","2023-07-14T02:56:23.880Z","buy","taker"
"1614.00000000","0.29420000","2023-07-14T02:56:23.880Z","buy","taker"
"1599.00000000","0.00100000","2023-07-14T02:56:23.564Z","buy","taker"
"1596.53000000","0.02620000","2023-07-14T02:56:21.961Z","buy","taker"
"1599.00000000","0.00010000","2023-07-14T02:56:21.961Z","buy","taker"
"1595.76000000","0.00090000","2023-07-14T02:56:21.751Z","sell","maker"
"1599.00000000","0.00630000","2023-07-14T02:56:21.536Z","buy","taker"
"1605.05000000","0.07080000","2023-07-14T02:56:21.536Z","buy","taker"
"1605.06000000","0.00090000","2023-07-14T02:56:21.536Z","buy","taker"
"1607.23000000","0.04460000","2023-07-14T02:56:21.536Z","buy","taker"
"1607.24000000","0.00070000","2023-07-14T02:56:21.536Z","buy","taker"
"1607.24000000","0.02600000","2023-07-14T02:56:21.536Z","buy","taker"
"1609.91000000","0.00090000","2023-07-14T02:56:21.536Z","buy","taker"
"1612.61000000","0.01340000","2023-07-14T02:56:21.536Z","buy","taker"
"1590.00000000","0.38010000","2023-07-14T02:56:20.956Z","sell","maker"
"1589.86000000","0.17870000","2023-07-14T02:56:20.956Z","sell","maker"
"1589.86000000","0.00950000","2023-07-14T02:56:20.956Z","sell","maker"
"1589.85000000","0.00950000","2023-07-14T02:56:20.956Z","sell","maker"
"1589.69000000","0.00870000","2023-07-14T02:56:20.956Z","sell","maker"
"1589.00000000","0.00930000","2023-07-14T02:56:20.956Z","sell","maker"
"1589.00000000","0.61080000","2023-07-14T02:56:20.956Z","sell","maker"
"1593.30000000","0.02380000","2023-07-14T02:56:20.947Z","sell","maker"
"1593.13000000","0.06240000","2023-07-14T02:56:20.947Z","sell","maker"
"1592.34000000","0.06290000","2023-07-14T02:56:20.947Z","sell","maker"
"1591.72000000","0.02100000","2023-07-14T02:56:20.947Z","sell","maker"
"1591.43000000","0.01930000","2023-07-14T02:56:20.947Z","sell","maker"
"1591.21000000","0.02620000","2023-07-14T02:56:20.947Z","sell","maker"
"1591.15000000","0.02050000","2023-07-14T02:56:20.947Z","sell","maker"
"1591.03000000","0.01940000","2023-07-14T02:56:20.947Z","sell","maker"
"1590.60000000","0.00090000","2023-07-14T02:56:20.947Z","sell","maker"
"1590.47000000","0.16120000","2023-07-14T02:56:20.947Z","sell","maker"
"1590.12000000","0.00950000","2023-07-14T02:56:20.947Z","sell","maker"
"1590.00000000","0.42250000","2023-07-14T02:56:20.947Z","sell","maker"
"1597.96000000","0.00430000","2023-07-14T02:56:20.944Z","sell","maker"
"1597.73000000","0.02090000","2023-07-14T02:56:20.944Z","sell","maker"
"1597.63000000","0.00510000","2023-07-14T02:56:20.944Z","sell","maker"
"1597.24000000","0.00930000","2023-07-14T02:56:20.944Z","sell","maker"
"1597.23000000","0.04750000","2023-07-14T02:56:20.944Z","sell","maker"
"1597.22000000","0.01560000","2023-07-14T02:56:20.944Z","sell","maker"
"1596.93000000","0.02290000","2023-07-14T02:56:20.944Z","sell","maker"
"1596.83000000","0.03740000","2023-07-14T02:56:20.944Z","sell","maker"
"1596.63000000","0.03110000","2023-07-14T02:56:20.944Z","sell","maker"
"1596.53000000","0.02610000","2023-07-14T02:56:20.944Z","sell","maker"
"1596.23000000","0.12660000","2023-07-14T02:56:20.944Z","sell","maker"
"1595.85000000","0.06270000","2023-07-14T02:56:20.944Z","sell","maker"
"1595.41000000","0.00090000","2023-07-14T02:56:20.944Z","sell","maker"
"1595.36000000","0.03840000","2023-07-14T02:56:20.944Z","sell","maker"
"1595.28000000","0.11510000","2023-07-14T02:56:20.944Z","sell","maker"
"1595.21000000","0.01960000","2023-07-14T02:56:20.944Z","sell","maker"
"1594.70000000","0.02000000","2023-07-14T02:56:20.944Z","sell","maker"
"1594.52000000","0.02250000","2023-07-14T02:56:20.944Z","sell","maker"
"1594.35000000","0.00630000","2023-07-14T02:56:20.944Z","sell","maker"
"1593.30000000","0.02770000","2023-07-14T02:56:20.944Z","sell","maker"
"1593.30000000","0.01080000","2023-07-14T02:56:20.944Z","sell","maker"
"1598.00000000","0.63360000","2023-07-14T02:56:20.933Z","sell","maker"
"1597.96000000","0.00920000","2023-07-14T02:56:20.933Z","sell","maker"
"1598.00000000","0.21600000","2023-07-14T02:56:20.932Z","sell","maker"
"1599.00000000","0.65440000","2023-07-14T02:56:20.926Z","sell","maker"
"1598.80000000","0.00630000","2023-07-14T02:56:20.926Z","sell","maker"
"1598.80000000","0.00630000","2023-07-14T02:56:20.926Z","sell","maker"
"1598.66000000","0.03110000","2023-07-14T02:56:20.926Z","sell","maker"
"1598.50000000","0.00320000","2023-07-14T02:56:20.926Z","sell","maker"
"1598.32000000","0.01400000","2023-07-14T02:56:20.926Z","sell","maker"
"1598.31000000","0.06260000","2023-07-14T02:56:20.926Z","sell","maker"
"1598.00000000","0.43390000","2023-07-14T02:56:20.926Z","sell","maker"
"1598.00000000","0.17650000","2023-07-14T02:56:20.926Z","sell","maker"
"1599.00000000","0.01640000","2023-07-14T02:56:12.874Z","sell","maker"
"1599.00000000","0.65690000","2023-07-14T02:56:11.576Z","sell","maker"
"1599.00000000","0.03000000","2023-07-14T02:56:10.576Z","sell","maker"
"1599.00000000","0.19980000","2023-07-14T02:56:04.592Z","sell","maker"
"1603.66000000","0.02450000","2023-07-14T02:55:44.223Z","buy","taker"
"1599.00000000","0.03720000","2023-07-14T02:55:41.790Z","sell","maker"
"1599.00000000","0.01950000","2023-07-14T02:55:41.790Z","sell","maker"
"1599.00000000","0.02880000","2023-07-14T02:55:40.344Z","sell","maker"
"1599.00000000","0.19980000","2023-07-14T02:55:37.846Z","sell","maker"
"1604.88000000","0.02210000","2023-07-14T02:55:37.440Z","buy","taker"
"1604.88000000","0.01500000","2023-07-14T02:55:37.352Z","buy","taker"
"1604.88000000","0.00360000","2023-07-14T02:55:37.293Z","buy","taker"
"1604.87000000","0.00100000","2023-07-14T02:55:37.233Z","buy","taker"
"1604.87000000","0.00020000","2023-07-14T02:55:35.622Z","buy","taker"
"1604.88000000","0.04100000","2023-07-14T02:55:35.622Z","buy","taker"
"1604.87000000","0.04440000","2023-07-14T02:55:35.481Z","buy","taker"
"1599.00000000","0.21430000","2023-07-14T02:55:24.854Z","sell","maker"
"1599.00000000","0.74000000","2023-07-14T02:55:24.179Z","sell","maker"
"1599.00000000","0.04080000","2023-07-14T02:55:10.369Z","sell","maker"
"1599.00000000","0.03780000","2023-07-14T02:55:08.033Z","sell","maker"
"1599.01000000","0.02190000","2023-07-14T02:55:02.125Z","sell","maker"
"1599.00000000","0.12910000","2023-07-14T02:54:57.024Z","sell","maker"
"1599.00000000","0.12910000","2023-07-14T02:54:56.024Z","sell","maker"
"1599.00000000","0.12920000","2023-07-14T02:54:54.024Z","sell","maker"
"1601.88000000","0.00020000","2023-07-14T02:54:51.218Z","sell","maker"
"1600.23000000","0.00090000","2023-07-14T02:54:51.218Z","sell","maker"
"1599.01000000","0.02190000","2023-07-14T02:54:51.218Z","sell","maker"
"1599.00000000","0.02040000","2023-07-14T02:54:51.218Z","sell","maker"
"1601.88000000","0.02580000","2023-07-14T02:54:16.274Z","sell","maker"
"1605.06000000","0.00090000","2023-07-14T02:54:15.409Z","sell","maker"
"1607.24000000","0.01000000","2023-07-14T02:53:56.977Z","buy","taker"
"1609.91000000","0.00090000","2023-07-14T02:53:56.977Z","buy","taker"
"1612.61000000","0.01250000","2023-07-14T02:53:56.977Z","buy","taker"
"1605.06000000","0.00090000","2023-07-14T02:53:56.951Z","buy","taker"
"1605.06000000","0.00630000","2023-07-14T02:53:56.951Z","buy","taker"
"1607.24000000","0.01600000","2023-07-14T02:53:56.951Z","buy","taker"
"1600.01000000","0.02330000","2023-07-14T02:53:56.946Z","buy","taker"
"1603.41000000","0.04460000","2023-07-14T02:53:56.946Z","buy","taker"
"1600.01000000","0.01920000","2023-07-14T02:53:55.813Z","buy","taker"
"1600.01000000","0.01990000","2023-07-14T02:53:51.432Z","buy","taker"
"1599.01000000","0.02190000","2023-07-14T02:53:49.879Z","sell","maker"
"1599.00000000","0.26690000","2023-07-14T02:53:49.879Z","sell","maker"
"1600.01000000","0.02190000","2023-07-14T02:53:48.879Z","sell","maker"
"1600.00000000","0.05560000","2023-07-14T02:53:48.879Z","sell","maker"
"1599.63000000","0.06210000","2023-07-14T02:53:48.879Z","sell","maker"
"1599.18000000","0.00320000","2023-07-14T02:53:48.879Z","sell","maker"
"1599.08000000","0.00630000","2023-07-14T02:53:48.879Z","sell","maker"
"1599.00000000","0.13970000","2023-07-14T02:53:48.879Z","sell","maker"
"1605.06000000","0.00090000","2023-07-14T02:53:46.879Z","sell","maker"
"1601.88000000","0.00080000","2023-07-14T02:53:46.879Z","sell","maker"
"1600.23000000","0.00090000","2023-07-14T02:53:46.879Z","sell","maker"
"1600.00000000","0.28630000","2023-07-14T02:53:46.879Z","sell","maker"
"1607.24000000","0.00050000","2023-07-14T02:53:45.502Z","sell","maker"
"1607.24000000","0.00010000","2023-07-14T02:53:45.351Z","sell","maker"
"1607.24000000","0.03020000","2023-07-14T02:53:45.351Z","sell","maker"
"1607.24000000","0.02580000","2023-07-14T02:53:41.734Z","sell","maker"
"1609.91000000","0.00090000","2023-07-14T02:53:34.954Z","buy","taker"
"1612.60000000","0.04460000","2023-07-14T02:53:34.954Z","buy","taker"
"1612.61000000","0.02590000","2023-07-14T02:53:34.954Z","buy","taker"
"1612.71000000","0.09790000","2023-07-14T02:53:34.954Z","buy","taker"
"1605.06000000","0.18320000","2023-07-14T02:53:34.000Z","sell","maker"
"1605.06000000","0.00090000","2023-07-14T02:53:33.969Z","sell","maker"
"1605.06000000","0.05520000","2023-07-14T02:53:33.969Z","sell","maker"
"1608.97000000","0.08430000","2023-07-14T02:53:33.954Z","buy","taker"
"1608.98000000","0.04460000","2023-07-14T02:53:33.954Z","buy","taker"
"1608.99000000","0.21600000","2023-07-14T02:53:33.954Z","buy","taker"
"1614.49000000","0.06280000","2023-07-14T02:53:33.954Z","buy","taker"
"1607.24000000","0.00010000","2023-07-14T02:53:32.800Z","sell","maker"
"1601.88000000","0.02520000","2023-07-14T02:53:32.800Z","sell","maker"
"1607.24000000","0.02580000","2023-07-14T02:53:32.796Z","sell","maker"
"1601.44000000","0.04460000","2023-07-14T02:53:31.954Z","buy","taker"
"1601.45000000","0.20710000","2023-07-14T02:53:31.954Z","buy","taker"
"1605.06000000","0.00090000","2023-07-14T02:53:31.954Z","buy","taker"
"1607.24000000","0.02600000","2023-07-14T02:53:31.954Z","buy","taker"
"1609.90000000","0.01040000","2023-07-14T02:53:31.954Z","buy","taker"
"1609.91000000","0.00090000","2023-07-14T02:53:31.954Z","buy","taker"
"1612.61000000","0.02590000","2023-07-14T02:53:31.954Z","buy","taker"
"1613.72000000","0.01920000","2023-07-14T02:53:31.954Z","buy","taker"
"1613.92000000","0.01990000","2023-07-14T02:53:31.954Z","buy","taker"
"1614.49000000","0.05280000","2023-07-14T02:53:31.954Z","buy","taker"
"1601.45000000","0.10180000","2023-07-14T02:53:25.354Z","buy","taker"
"1601.45000000","0.10180000","2023-07-14T02:53:24.354Z","buy","taker"
"1600.00000000","0.10040000","2023-07-14T02:53:23.554Z","sell","maker"
"1600.00000000","0.09940000","2023-07-14T02:53:22.612Z","sell","maker"
"1601.45000000","0.10180000","2023-07-14T02:53:22.354Z","buy","taker"
"1600.00000000","0.13720000","2023-07-14T02:53:20.054Z","sell","maker"
"1600.01000000","0.02190000","2023-07-14T02:53:15.358Z","sell","maker"
"1600.00000000","0.02130000","2023-07-14T02:53:15.358Z","sell","maker"
"1600.00000000","0.03680000","2023-07-14T02:53:05.495Z","sell","maker"
"1600.00000000","0.06420000","2023-07-14T02:53:01.654Z","sell","maker"
"1600.00000000","0.10000000","2023-07-14T02:53:01.654Z","sell","maker"
"1600.00000000","0.13170000","2023-07-14T02:53:01.654Z","sell","maker"
"1600.00000000","0.12230000","2023-07-14T02:53:00.817Z","sell","maker"
"1600.00000000","0.06080000","2023-07-14T02:53:00.817Z","sell","maker"
"1600.95000000","0.01920000","2023-07-14T02:52:59.817Z","sell","maker"
"1600.50000000","0.13400000","2023-07-14T02:52:59.817Z","sell","maker"
"1600.23000000","0.00090000","2023-07-14T02:52:59.817Z","sell","maker"
"1600.00000000","0.02900000","2023-07-14T02:52:59.817Z","sell","maker"
"1601.45000000","0.02390000","2023-07-14T02:52:58.639Z","buy","taker"
"1601.45000000","0.21620000","2023-07-14T02:52:58.624Z","buy","taker"
"1601.45000000","0.03280000","2023-07-14T02:52:58.624Z","buy","taker"
"1601.45000000","0.53120000","2023-07-14T02:52:58.620Z","buy","taker"
"1601.45000000","0.03500000","2023-07-14T02:52:58.590Z","buy","taker"
"1601.45000000","0.05210000","2023-07-14T02:52:58.580Z","buy","taker"
"1601.45000000","0.21620000","2023-07-14T02:52:58.575Z","buy","taker"
"1601.45000000","0.05570000","2023-07-14T02:52:58.567Z","buy","taker"
"1601.45000000","0.05950000","2023-07-14T02:52:58.560Z","buy","taker"
"1601.45000000","0.06350000","2023-07-14T02:52:58.553Z","buy","taker"
"1601.45000000","0.07380000","2023-07-14T02:52:58.544Z","buy","taker"
"1601.45000000","0.08760000","2023-07-14T02:52:58.535Z","buy","taker"
"1601.45000000","0.21620000","2023-07-14T02:52:58.523Z","buy","taker"
"1601.45000000","0.09360000","2023-07-14T02:52:58.522Z","buy","taker"
"1601.45000000","0.21620000","2023-07-14T02:52:58.456Z","buy","taker"
"1601.45000000","0.11470000","2023-07-14T02:52:58.456Z","buy","taker"
"1601.45000000","0.12250000","2023-07-14T02:52:58.439Z","buy","taker"
"1601.45000000","0.13090000","2023-07-14T02:52:58.425Z","buy","taker"
"1601.45000000","0.19070000","2023-07-14T02:52:58.409Z","buy","taker"
"1601.45000000","0.21620000","2023-07-14T02:52:58.404Z","buy","taker"
"1601.45000000","0.53030000","2023-07-14T02:52:58.397Z","buy","taker"
"1601.45000000","0.21840000","2023-07-14T02:52:58.351Z","buy","taker"
"1601.45000000","0.21620000","2023-07-14T02:52:58.347Z","buy","taker"
"1601.45000000","0.23330000","2023-07-14T02:52:58.339Z","buy","taker"
"1601.45000000","0.26400000","2023-07-14T02:52:58.296Z","buy","taker"
"1601.45000000","0.21620000","2023-07-14T02:52:58.296Z","buy","taker"
"1601.45000000","0.21610000","2023-07-14T02:52:58.293Z","buy","taker"
"1601.45000000","0.29670000","2023-07-14T02:52:58.286Z","buy","taker"
"1601.45000000","0.33160000","2023-07-14T02:52:58.279Z","buy","taker"
"1601.45000000","0.21620000","2023-07-14T02:52:58.279Z","buy","taker"
"1601.44000000","0.05570000","2023-07-14T02:52:58.121Z","sell","maker"
"1601.44000000","0.18320000","2023-07-14T02:52:57.818Z","sell","maker"
"1601.44000000","0.14410000","2023-07-14T02:52:57.400Z","sell","maker"
"1607.23000000","0.03830000","2023-07-14T02:52:49.224Z","buy","taker"
"1600.97000000","0.40290000","2023-07-14T02:52:37.664Z","buy","taker"
"1600.97000000","0.21620000","2023-07-14T02:52:37.660Z","buy","taker"
"1601.79000000","0.00240000","2023-07-14T02:52:37.654Z","sell","maker"
"1601.49000000","0.01000000","2023-07-14T02:52:37.654Z","sell","maker"
"1600.96000000","0.06540000","2023-07-14T02:52:37.654Z","sell","maker"
"1601.79000000","0.00710000","2023-07-14T02:52:37.224Z","sell","maker"
"1601.88000000","0.02600000","2023-07-14T02:52:35.155Z","sell","maker"
"1601.88000000","0.05550000","2023-07-14T02:52:35.155Z","sell","maker"
"1607.23000000","1.20900000","2023-07-14T02:52:20.306Z","buy","taker"
"1607.24000000","0.02600000","2023-07-14T02:52:20.306Z","buy","taker"
"1607.23000000","2.36430000","2023-07-14T02:52:20.301Z","buy","taker"
"1607.23000000","0.10240000","2023-07-14T02:52:20.296Z","buy","taker"
"1607.23000000","0.24010000","2023-07-14T02:52:19.077Z","buy","taker"
"1607.23000000","0.03540000","2023-07-14T02:52:18.394Z","buy","taker"
"1607.23000000","0.04530000","2023-07-14T02:52:18.326Z","buy","taker"
"1607.22000000","0.00010000","2023-07-14T02:52:18.303Z","buy","taker"
"1607.23000000","0.04510000","2023-07-14T02:52:18.303Z","buy","taker"
"1607.22000000","0.04450000","2023-07-14T02:52:18.290Z","buy","taker"
"1607.23000000","0.00340000","2023-07-14T02:52:08.931Z","buy","taker"
"1601.53000000","0.10160000","2023-07-14T02:52:06.379Z","sell","maker"
"1607.23000000","0.00100000","2023-07-14T02:52:05.932Z","buy","taker"
"1601.53000000","0.10160000","2023-07-14T02:52:05.380Z","sell","maker"
"1601.51000000","0.10150000","2023-07-14T02:52:03.380Z","sell","maker"
"1601.50000000","0.02190000","2023-07-14T02:51:58.424Z","sell","maker"
"1601.49000000","0.13660000","2023-07-14T02:51:58.424Z","sell","maker"
"1601.47000000","0.02190000","2023-07-14T02:51:57.424Z","sell","maker"
"1601.47000000","0.07290000","2023-07-14T02:51:57.424Z","sell","maker"
"1601.46000000","0.06370000","2023-07-14T02:51:57.424Z","sell","maker"
"1602.72000000","0.01020000","2023-07-14T02:51:55.424Z","sell","maker"
"1602.72000000","0.02190000","2023-07-14T02:51:55.424Z","sell","maker"
"1602.71000000","0.01990000","2023-07-14T02:51:55.424Z","sell","maker"
"1601.47000000","0.01020000","2023-07-14T02:51:55.424Z","sell","maker"
"1601.46000000","0.09640000","2023-07-14T02:51:55.424Z","sell","maker"
"1601.45000000","0.00160000","2023-07-14T02:51:45.923Z","sell","maker"
"1607.23000000","0.00160000","2023-07-14T02:51:43.109Z","buy","taker"
"1605.06000000","0.00090000","2023-07-14T02:51:43.013Z","buy","taker"
"1605.06000000","0.00760000","2023-07-14T02:51:43.013Z","buy","taker"
"1607.24000000","0.02590000","2023-07-14T02:51:36.879Z","sell","maker"
"1605.06000000","0.00090000","2023-07-14T02:51:36.879Z","sell","maker"
"1603.75000000","0.02180000","2023-07-14T02:51:36.879Z","sell","maker"
"1601.88000000","0.02600000","2023-07-14T02:51:36.879Z","sell","maker"
"1600.23000000","0.00090000","2023-07-14T02:51:36.879Z","sell","maker"
"1600.00000000","0.00940000","2023-07-14T02:51:36.879Z","sell","maker"
"1607.23000000","0.04460000","2023-07-14T02:51:26.417Z","buy","taker"
"1607.24000000","0.02600000","2023-07-14T02:51:26.417Z","buy","taker"
"1609.91000000","0.00090000","2023-07-14T02:51:26.417Z","buy","taker"
"1612.61000000","0.02590000","2023-07-14T02:51:26.417Z","buy","taker"
"1613.72000000","0.01920000","2023-07-14T02:51:26.417Z","buy","taker"
"1613.92000000","0.01990000","2023-07-14T02:51:26.417Z","buy","taker"
"1614.49000000","0.04320000","2023-07-14T02:51:26.417Z","buy","taker"
"1607.23000000","0.00960000","2023-07-14T02:51:11.359Z","buy","taker"
"1605.06000000","0.00070000","2023-07-14T02:51:11.095Z","buy","taker"
"1605.06000000","0.10620000","2023-07-14T02:51:11.095Z","buy","taker"
"1601.39000000","0.10650000","2023-07-14T02:51:10.354Z","sell","maker"
"1601.40000000","0.06370000","2023-07-14T02:51:08.354Z","sell","maker"
"1600.00000000","0.00360000","2023-07-14T02:51:08.354Z","sell","maker"
"1600.00000000","0.03930000","2023-07-14T02:51:08.354Z","sell","maker"
"1601.40000000","0.03050000","2023-07-14T02:51:06.224Z","sell","maker"
"1605.05000000","0.04460000","2023-07-14T02:51:03.334Z","buy","taker"
"1605.06000000","0.00020000","2023-07-14T02:51:03.334Z","buy","taker"
"1601.41000000","0.18970000","2023-07-14T02:51:01.918Z","sell","maker"
"1601.40000000","0.14110000","2023-07-14T02:50:56.418Z","sell","maker"
"1601.48000000","0.14110000","2023-07-14T02:50:55.417Z","sell","maker"
"1609.91000000","0.00090000","2023-07-14T02:50:53.418Z","sell","maker"
"1607.24000000","0.02590000","2023-07-14T02:50:53.418Z","sell","maker"
"1605.06000000","0.00090000","2023-07-14T02:50:53.418Z","sell","maker"
"1601.88000000","0.02600000","2023-07-14T02:50:53.418Z","sell","maker"
"1600.49000000","0.07630000","2023-07-14T02:50:53.418Z","sell","maker"
"1600.23000000","0.00090000","2023-07-14T02:50:53.418Z","sell","maker"
"1600.00000000","0.01020000","2023-07-14T02:50:53.418Z","sell","maker"
"1607.24000000","0.00010000","2023-07-14T02:50:45.279Z","buy","taker"
"1609.91000000","0.00090000","2023-07-14T02:50:45.279Z","buy","taker"
"1612.60000000","0.04460000","2023-07-14T02:50:45.279Z","buy","taker"
"1612.61000000","0.02590000","2023-07-14T02:50:45.279Z","buy","taker"
"1614.77000000","0.00090000","2023-07-14T02:50:45.279Z","buy","taker"
"1615.00000000","0.20460000","2023-07-14T02:50:45.279Z","buy","taker"
"1607.24000000","0.00250000","2023-07-14T02:50:34.614Z","buy","taker"
"1607.24000000","0.00100000","2023-07-14T02:50:34.010Z","buy","taker"
"1607.24000000","0.00100000","2023-07-14T02:50:33.971Z","buy","taker"
"1607.24000000","0.02140000","2023-07-14T02:50:31.017Z","buy","taker"
"1601.63000000","0.21600000","2023-07-14T02:50:29.879Z","sell","maker"
"1600.49000000","0.11670000","2023-07-14T02:50:29.879Z","sell","maker"
"1601.73000000","0.02190000","2023-07-14T02:50:29.724Z","sell","maker"
"1601.72000000","0.21600000","2023-07-14T02:50:29.724Z","sell","maker"
"1600.49000000","0.09750000","2023-07-14T02:50:29.724Z","sell","maker"
"1601.82000000","0.21600000","2023-07-14T02:50:28.880Z","sell","maker"
"1600.50000000","0.02190000","2023-07-14T02:50:28.880Z","sell","maker"
"1600.49000000","0.09480000","2023-07-14T02:50:28.880Z","sell","maker"
"1607.23000000","0.04460000","2023-07-14T02:50:28.819Z","buy","taker"
"1607.23000000","0.00020000","2023-07-14T02:50:28.819Z","buy","taker"
"1601.39000000","0.21580000","2023-07-14T02:50:28.724Z","sell","maker"
"1600.49000000","0.11980000","2023-07-14T02:50:28.724Z","sell","maker"
"1601.39000000","0.21590000","2023-07-14T02:50:26.879Z","sell","maker"
"1600.95000000","0.01920000","2023-07-14T02:50:26.879Z","sell","maker"
"1600.49000000","0.09750000","2023-07-14T02:50:26.879Z","sell","maker"
"1602.72000000","0.01390000","2023-07-14T02:50:26.724Z","sell","maker"
"1602.71000000","0.01990000","2023-07-14T02:50:26.724Z","sell","maker"
"1601.88000000","0.02600000","2023-07-14T02:50:26.724Z","sell","maker"
"1600.96000000","0.27570000","2023-07-14T02:50:26.724Z","sell","maker"
"1607.24000000","0.00610000","2023-07-14T02:50:25.054Z","sell","maker"
"1605.06000000","0.00090000","2023-07-14T02:50:25.054Z","sell","maker"
"1602.72000000","0.00800000","2023-07-14T02:50:25.054Z","sell","maker"
"1612.88000000","0.00610000","2023-07-14T02:50:21.658Z","buy","taker"
"1614.47000000","0.59140000","2023-07-14T02:50:03.104Z","sell","maker"
"1609.91000000","0.00090000","2023-07-14T02:50:03.104Z","sell","maker"
"1609.09000000","0.00950000","2023-07-14T02:50:03.104Z","sell","maker"
"1614.47000000","0.01340000","2023-07-14T02:50:02.219Z","sell","maker"
"1614.47000000","0.08130000","2023-07-14T02:50:01.804Z","sell","maker"
"1614.47000000","0.00600000","2023-07-14T02:50:01.524Z","sell","maker"