"price","volume","time","side"
"1.06860000","3.00000000","2024-06-13T22:47:43.798Z","sell"
"1.06840000","0.53000000","2024-06-13T22:47:43.798Z","sell"
"1.06840000","1.05000000","2024-06-13T22:47:43.798Z","sell"
"1.06830000","1.85000000","2024-06-13T22:42:47.366Z","sell"
"1.06830000","3.71000000","2024-06-13T22:42:47.366Z","sell"
"1.06790000","0.94000000","2024-06-13T22:26:30.944Z","buy"
"1.06790000","2.75000000","2024-06-13T22:21:04.556Z","buy"
"1.06800000","1.82000000","2024-06-13T22:21:04.556Z","buy"
"1.06790000","44.05000000","2024-06-13T22:15:50.838Z","buy"
"1.06800000","1.44000000","2024-06-13T22:15:50.838Z","buy"
"1.06860000","3.46000000","2024-06-13T22:14:11.826Z","sell"
"1.06880000","20.20000000","2024-06-13T22:10:57.217Z","sell"
"1.06880000","2.78000000","2024-06-13T22:10:57.217Z","sell"
"1.06870000","23.86000000","2024-06-13T22:10:57.217Z","sell"
"1.06860000","32.37000000","2024-06-13T22:10:57.217Z","sell"
"1.06860000","1.62000000","2024-06-13T22:10:57.217Z","sell"
"1.06830000","50.39000000","2024-06-13T22:06:48.688Z","buy"
"1.06840000","1.66000000","2024-06-13T22:06:48.688Z","buy"
"1.06860000","2.21000000","2024-06-13T22:05:49.156Z","sell"
"1.06860000","3.27000000","2024-06-13T22:05:49.156Z","sell"
"1.06860000","1.69000000","2024-06-13T22:03:26.077Z","sell"
"1.06850000","45.58000000","2024-06-13T22:03:26.077Z","sell"
"1.06840000","2.49000000","2024-06-13T22:03:26.077Z","sell"
"1.06840000","4.98000000","2024-06-13T22:03:26.077Z","sell"
"1.07110000","108.19000000","2024-06-13T21:38:41.286Z","sell"
"1.07110000","72.08000000","2024-06-13T21:38:41.286Z","sell"
"1.06910000","443.51000000","2024-06-13T21:38:41.286Z","sell"
"1.06900000","244.03000000","2024-06-13T21:38:41.286Z","sell"
"1.06900000","1.68000000","2024-06-13T21:38:41.286Z","sell"
"1.06870000","11.12000000","2024-06-13T21:38:41.286Z","sell"
"1.06870000","22.23000000","2024-06-13T21:38:41.286Z","sell"
"1.06860000","46.86000000","2024-06-13T21:38:41.286Z","sell"
"1.06850000","3.62000000","2024-06-13T21:38:41.286Z","sell"
"1.06850000","7.23000000","2024-06-13T21:38:41.286Z","sell"
"1.06800000","0.01000000","2024-06-13T21:38:24.967Z","buy"
"1.06880000","23.87000000","2024-06-13T21:37:55.187Z","sell"
"1.06880000","37.65000000","2024-06-13T21:37:55.187Z","sell"
"1.06870000","86.45000000","2024-06-13T21:37:55.187Z","sell"
"1.06860000","41.34000000","2024-06-13T21:37:55.187Z","sell"
"1.06850000","1.45000000","2024-06-13T21:37:55.187Z","sell"
"1.06840000","1.22000000","2024-06-13T21:37:55.187Z","sell"
"1.06830000","16.13000000","2024-06-13T21:37:55.187Z","sell"
"1.06810000","14.64000000","2024-06-13T21:37:55.187Z","sell"
"1.06810000","14.81000000","2024-06-13T21:37:55.187Z","sell"
"1.06810000","14.48000000","2024-06-13T21:37:55.187Z","sell"
"1.06810000","46.34000000","2024-06-13T21:36:09.887Z","sell"
"1.06810000","12.42000000","2024-06-13T21:33:58.226Z","sell"
"1.06760000","878.48000000","2024-06-13T21:32:06.821Z","buy"
"1.06770000","49.40000000","2024-06-13T21:32:06.821Z","buy"
"1.06770000","21.40000000","2024-06-13T21:32:06.821Z","buy"
"1.06780000","51.09000000","2024-06-13T21:32:06.821Z","buy"
"1.06790000","1.29000000","2024-06-13T21:32:06.821Z","buy"
"1.06790000","0.09000000","2024-06-13T21:32:06.821Z","buy"
"1.06790000","0.17000000","2024-06-13T21:32:06.821Z","buy"
"1.06810000","3.56000000","2024-06-13T21:28:51.567Z","sell"
"1.06810000","5.83000000","2024-06-13T21:26:16.085Z","sell"
"1.06770000","26.45000000","2024-06-13T21:20:51.554Z","buy"
"1.06780000","20.84000000","2024-06-13T21:20:51.554Z","buy"
"1.06790000","1.33000000","2024-06-13T21:20:51.554Z","buy"
"1.06790000","1.29000000","2024-06-13T21:20:51.554Z","buy"
"1.06800000","17.24000000","2024-06-13T21:15:37.627Z","sell"
"1.06800000","32.67000000","2024-06-13T21:15:37.627Z","sell"
"1.06750000","22.69000000","2024-06-13T21:14:52.151Z","buy"
"1.06760000","24.56000000","2024-06-13T21:14:52.151Z","buy"
"1.06770000","24.56000000","2024-06-13T21:14:52.151Z","buy"
"1.06780000","12.27000000","2024-06-13T21:14:52.151Z","buy"
"1.06790000","12.60000000","2024-06-13T21:14:52.151Z","buy"
"1.06800000","0.81000000","2024-06-13T21:14:52.151Z","buy"
"1.06800000","1.28000000","2024-06-13T21:14:52.151Z","buy"
"1.06820000","2.41000000","2024-06-13T21:14:26.652Z","sell"
"1.06810000","2.13000000","2024-06-13T21:14:26.652Z","sell"
"1.06800000","0.52000000","2024-06-13T21:08:41.570Z","buy"
"1.06810000","0.02000000","2024-06-13T21:08:41.570Z","buy"
"1.06780000","2.34000000","2024-06-13T21:07:30.252Z","buy"
"1.06790000","1.37000000","2024-06-13T21:07:30.252Z","buy"
"1.06790000","0.67000000","2024-06-13T21:07:30.252Z","buy"
"1.06810000","0.04000000","2024-06-13T21:07:30.252Z","buy"
"1.06810000","0.09000000","2024-06-13T21:07:30.252Z","buy"
"1.06840000","5.89000000","2024-06-13T21:07:00.989Z","sell"
"1.06780000","0.61000000","2024-06-13T21:03:48.325Z","buy"
"1.06790000","25.72000000","2024-06-13T21:03:48.325Z","buy"
"1.06800000","1.25000000","2024-06-13T21:03:48.325Z","buy"
"1.06800000","1.07000000","2024-06-13T21:03:48.325Z","buy"
"1.06800000","1.42000000","2024-06-13T21:03:48.325Z","buy"
"1.06840000","46.87000000","2024-06-13T21:01:59.169Z","sell"
"1.06840000","93.74000000","2024-06-13T21:01:59.169Z","sell"
"1.06810000","0.06000000","2024-06-13T20:45:13.875Z","buy"
"1.06840000","2.32000000","2024-06-13T20:44:31.823Z","sell"
"1.06810000","2.87000000","2024-06-13T20:38:59.559Z","buy"
"1.06820000","1.94000000","2024-06-13T20:38:59.559Z","buy"
"1.06840000","4.82000000","2024-06-13T20:38:03.942Z","sell"
"1.06810000","8.14000000","2024-06-13T20:35:31.359Z","buy"
"1.06820000","1.60000000","2024-06-13T20:35:31.359Z","buy"
"1.06800000","7.31000000","2024-06-13T20:34:07.386Z","buy"
"1.06810000","25.97000000","2024-06-13T20:34:07.386Z","buy"
"1.06830000","115.54000000","2024-06-13T20:34:07.386Z","buy"
"1.06840000","1.32000000","2024-06-13T20:34:07.386Z","buy"
"1.06820000","0.14000000","2024-06-13T20:31:35.150Z","buy"
"1.06810000","0.51000000","2024-06-13T20:30:40.287Z","buy"
"1.06820000","1.33000000","2024-06-13T20:30:40.287Z","buy"
"1.06870000","19.22000000","2024-06-13T20:29:06.850Z","sell"
"1.06870000","11.00000000","2024-06-13T20:28:39.140Z","sell"
"1.06820000","6.24000000","2024-06-13T20:28:10.776Z","buy"
"1.06830000","1.43000000","2024-06-13T20:28:10.776Z","buy"
"1.06840000","0.82000000","2024-06-13T20:28:10.776Z","buy"
"1.06830000","9.93000000","2024-06-13T20:22:47.784Z","buy"
"1.06840000","1.60000000","2024-06-13T20:22:47.784Z","buy"
"1.06840000","0.91000000","2024-06-13T20:22:47.784Z","buy"
"1.06850000","0.17000000","2024-06-13T20:22:47.784Z","buy"
"1.06860000","23.42000000","2024-06-13T20:22:47.784Z","buy"
"1.06870000","0.91000000","2024-06-13T20:22:47.784Z","buy"
"1.06880000","36.94000000","2024-06-13T20:20:24.781Z","sell"
"1.06910000","4.57000000","2024-06-13T20:17:58.946Z","sell"
"1.06800000","375.31000000","2024-06-13T20:16:49.636Z","buy"
"1.06820000","2.33000000","2024-06-13T20:16:49.636Z","buy"
"1.06820000","17.84000000","2024-06-13T20:16:49.636Z","buy"
"1.06830000","4.38000000","2024-06-13T20:16:49.636Z","buy"
"1.06830000","2.92000000","2024-06-13T20:16:49.636Z","buy"
"1.06830000","5.85000000","2024-06-13T20:16:49.636Z","buy"
"1.06840000","0.43000000","2024-06-13T20:16:49.636Z","buy"
"1.06840000","0.86000000","2024-06-13T20:16:49.636Z","buy"
"1.06850000","0.38000000","2024-06-13T20:16:49.636Z","buy"
"1.06850000","0.32000000","2024-06-13T20:16:49.636Z","buy"
"1.06850000","0.43000000","2024-06-13T20:16:49.636Z","buy"
"1.06860000","0.56000000","2024-06-13T20:16:49.636Z","buy"
"1.06860000","0.65000000","2024-06-13T20:16:49.636Z","buy"
"1.06860000","0.86000000","2024-06-13T20:16:49.636Z","buy"
"1.06870000","23.27000000","2024-06-13T20:16:49.636Z","buy"
"1.06870000","19.94000000","2024-06-13T20:16:49.636Z","buy"
"1.06870000","26.59000000","2024-06-13T20:16:49.636Z","buy"
"1.06880000","6.11000000","2024-06-13T20:16:49.636Z","buy"
"1.06880000","11.83000000","2024-06-13T20:16:49.636Z","buy"
"1.06880000","0.17000000","2024-06-13T20:16:49.636Z","buy"
"1.06880000","0.07000000","2024-06-13T20:16:49.636Z","buy"
"1.06880000","0.15000000","2024-06-13T20:16:49.636Z","buy"
"1.06890000","9.16000000","2024-06-13T20:16:49.636Z","buy"
"1.06890000","11.83000000","2024-06-13T20:16:49.636Z","buy"
"1.06890000","4.64000000","2024-06-13T20:16:49.636Z","buy"
"1.06910000","20.27000000","2024-06-13T20:16:49.636Z","buy"
"1.06910000","13.51000000","2024-06-13T20:16:49.636Z","buy"
"1.06910000","27.02000000","2024-06-13T20:16:49.636Z","buy"
"1.06920000","26.48000000","2024-06-13T20:16:49.636Z","buy"
"1.06920000","27.02000000","2024-06-13T20:16:49.636Z","buy"
"1.06920000","27.02000000","2024-06-13T20:16:49.636Z","buy"
"1.06920000","76.68000000","2024-06-13T20:16:49.636Z","buy"
"1.06930000","13.24000000","2024-06-13T20:16:49.636Z","buy"
"1.06940000","6637.86000000","2024-06-13T20:16:49.636Z","buy"
"1.06940000","138.28000000","2024-06-13T20:16:49.636Z","buy"
"1.06950000","467.38000000","2024-06-13T20:16:49.636Z","buy"
"1.06960000","138.22000000","2024-06-13T20:16:49.636Z","buy"
"1.06970000","1.81000000","2024-06-13T20:16:49.636Z","buy"
"1.06960000","0.19000000","2024-06-13T20:16:17.696Z","buy"
"1.06950000","1.85000000","2024-06-13T20:16:13.007Z","buy"
"1.06960000","1.72000000","2024-06-13T20:16:13.007Z","buy"
"1.07040000","118.87000000","2024-06-13T20:16:02.368Z","sell"
"1.07020000","233.28000000","2024-06-13T20:16:02.368Z","sell"
"1.06980000","528.64000000","2024-06-13T20:16:02.368Z","sell"
"1.07080000","6629.24000000","2024-06-13T20:15:25.415Z","sell"
"1.07040000","35.73000000","2024-06-13T20:15:25.415Z","sell"
"1.06960000","1.43000000","2024-06-13T20:15:25.415Z","sell"
"1.06960000","2.63000000","2024-06-13T20:15:25.415Z","sell"
"1.06960000","5.27000000","2024-06-13T20:15:25.415Z","sell"
"1.06950000","1.43000000","2024-06-13T20:15:25.415Z","sell"
"1.06940000","1.43000000","2024-06-13T20:15:25.415Z","sell"
"1.06940000","11.13000000","2024-06-13T20:15:25.415Z","sell"
"1.06940000","22.26000000","2024-06-13T20:15:25.415Z","sell"
"1.06930000","30.63000000","2024-06-13T20:15:25.415Z","sell"
"1.06930000","22.26000000","2024-06-13T20:15:25.415Z","sell"
"1.06930000","39.00000000","2024-06-13T20:15:25.415Z","sell"
"1.06920000","467.53000000","2024-06-13T20:15:25.415Z","sell"
"1.06920000","36.20000000","2024-06-13T20:15:25.415Z","sell"
"1.06910000","467.79000000","2024-06-13T20:15:25.415Z","sell"
"1.06910000","35.74000000","2024-06-13T20:15:25.415Z","sell"
"1.06900000","76.68000000","2024-06-13T20:15:25.415Z","sell"
"1.06900000","60.71000000","2024-06-13T20:15:25.415Z","sell"
"1.06890000","159.01000000","2024-06-13T20:15:25.415Z","sell"
"1.06890000","35.57000000","2024-06-13T20:15:25.415Z","sell"
"1.06890000","0.17000000","2024-06-13T20:11:57.748Z","sell"
"1.06880000","0.19000000","2024-06-13T20:10:37.340Z","buy"
"1.06830000","10.16000000","2024-06-13T20:07:08.699Z","buy"
"1.06840000","1.62000000","2024-06-13T20:07:08.699Z","buy"
"1.06840000","448.27000000","2024-06-13T20:06:19.666Z","buy"
"1.06850000","0.72000000","2024-06-13T20:06:19.666Z","buy"
"1.06860000","0.72000000","2024-06-13T20:06:19.666Z","buy"
"1.06870000","466.63000000","2024-06-13T20:06:19.666Z","buy"
"1.06870000","467.53000000","2024-06-13T20:06:19.666Z","buy"
"1.06880000","212.35000000","2024-06-13T20:06:19.666Z","buy"
"1.06890000","78.00000000","2024-06-13T20:06:19.666Z","buy"
"1.06910000","232.92000000","2024-06-13T20:06:19.666Z","buy"
"1.06920000","1.50000000","2024-06-13T20:06:19.666Z","buy"
"1.06970000","0.17000000","2024-06-13T20:05:28.636Z","sell"
"1.06880000","0.19000000","2024-06-13T20:05:08.273Z","buy"
"1.07050000","167.58000000","2024-06-13T20:02:36.319Z","sell"
"1.07050000","0.37000000","2024-06-13T20:02:36.319Z","sell"
"1.07040000","1.56000000","2024-06-13T20:02:36.319Z","sell"
"1.07040000","2.95000000","2024-06-13T20:02:36.319Z","sell"
"1.07040000","0.18000000","2024-06-13T20:02:36.319Z","sell"
"1.07030000","1.12000000","2024-06-13T20:02:36.319Z","sell"
"1.07030000","7.63000000","2024-06-13T20:02:36.319Z","sell"
"1.07030000","0.09000000","2024-06-13T20:02:36.319Z","sell"
"1.07020000","1.55000000","2024-06-13T20:02:36.319Z","sell"
"1.07020000","1.12000000","2024-06-13T20:02:36.319Z","sell"
"1.07020000","1.70000000","2024-06-13T20:02:36.319Z","sell"
"1.07020000","1.17000000","2024-06-13T20:02:36.319Z","sell"
"1.07010000","1.55000000","2024-06-13T20:02:36.319Z","sell"
"1.07010000","1.20000000","2024-06-13T20:02:36.319Z","sell"
"1.07010000","1.54000000","2024-06-13T20:02:36.319Z","sell"
"1.07010000","0.85000000","2024-06-13T20:02:36.319Z","sell"
"1.07000000","467.92000000","2024-06-13T20:02:36.319Z","sell"
"1.06920000","439.05000000","2024-06-13T20:02:36.319Z","sell"
"1.06890000","78.00000000","2024-06-13T20:02:36.319Z","sell"
"1.06890000","570.13000000","2024-06-13T20:02:36.319Z","sell"
"1.06880000","161.38000000","2024-06-13T20:02:36.319Z","sell"
"1.06920000","0.17000000","2024-06-13T19:56:35.465Z","sell"
"1.06930000","22.44000000","2024-06-13T19:56:24.900Z","sell"
"1.06830000","0.19000000","2024-06-13T19:55:20.946Z","buy"
"1.06910000","2.10000000","2024-06-13T19:50:49.720Z","sell"
"1.06940000","2.93000000","2024-06-13T19:50:30.574Z","sell"
"1.06970000","12.02000000","2024-06-13T19:50:13.306Z","sell"
"1.06930000","12.19000000","2024-06-13T19:49:47.882Z","sell"
"1.06850000","0.76000000","2024-06-13T19:47:29.109Z","buy"
"1.06890000","0.17000000","2024-06-13T19:34:42.880Z","sell"
"1.06880000","22.49000000","2024-06-13T19:33:49.662Z","sell"
"1.06810000","85.10000000","2024-06-13T19:33:23.813Z","buy"
"1.06820000","78.00000000","2024-06-13T19:33:23.813Z","buy"
"1.06830000","2.42000000","2024-06-13T19:33:23.813Z","buy"
"1.06910000","0.17000000","2024-06-13T19:29:46.123Z","sell"
"1.06870000","0.19000000","2024-06-13T19:28:51.708Z","buy"
"1.06860000","0.19000000","2024-06-13T19:28:17.996Z","buy"
"1.06920000","0.17000000","2024-06-13T19:24:23.997Z","sell"
"1.06930000","2.60000000","2024-06-13T19:24:21.282Z","sell"
"1.06860000","0.02000000","2024-06-13T19:22:23.239Z","buy"
"1.06920000","1.49000000","2024-06-13T19:21:52.661Z","sell"
"1.06910000","164.03000000","2024-06-13T19:21:52.661Z","sell"
"1.06860000","0.30000000","2024-06-13T19:09:52.451Z","buy"
"1.06840000","24.02000000","2024-06-13T19:09:37.417Z","buy"
"1.06850000","2.49000000","2024-06-13T19:09:37.417Z","buy"
"1.06900000","26.51000000","2024-06-13T19:07:57.536Z","sell"
"1.06830000","37.98000000","2024-06-13T19:01:43.099Z","buy"
"1.06840000","2.18000000","2024-06-13T19:01:43.099Z","buy"
"1.06840000","27.33000000","2024-06-13T18:59:02.184Z","buy"
"1.06850000","2.35000000","2024-06-13T18:59:02.184Z","buy"
"1.06860000","0.49000000","2024-06-13T18:58:58.948Z","buy"
"1.06870000","17.65000000","2024-06-13T18:58:13.209Z","buy"
"1.06880000","2.26000000","2024-06-13T18:58:13.209Z","buy"
"1.06970000","47.09000000","2024-06-13T18:57:57.377Z","sell"
"1.06970000","78.00000000","2024-06-13T18:57:57.377Z","sell"
"1.06950000","29.68000000","2024-06-13T18:56:00.131Z","sell"
"1.06940000","2.73000000","2024-06-13T18:50:57.087Z","sell"
"1.06930000","4.28000000","2024-06-13T18:43:31.026Z","sell"
"1.06830000","33.23000000","2024-06-13T18:41:11.547Z","buy"
"1.06840000","2.13000000","2024-06-13T18:41:11.547Z","buy"
"1.06930000","35.38000000","2024-06-13T18:34:30.948Z","sell"
"1.06850000","129.50000000","2024-06-13T18:30:24.398Z","buy"
"1.06860000","3.97000000","2024-06-13T18:30:24.398Z","buy"
"1.06880000","0.40000000","2024-06-13T18:27:29.929Z","buy"
"1.06870000","0.40000000","2024-06-13T18:23:26.431Z","buy"
"1.06850000","8.89000000","2024-06-13T18:22:41.291Z","buy"
"1.06860000","3.66000000","2024-06-13T18:22:41.291Z","buy"
"1.06840000","0.40000000","2024-06-13T18:22:34.196Z","buy"
"1.06840000","0.40000000","2024-06-13T18:21:46.367Z","buy"
"1.06850000","0.40000000","2024-06-13T18:21:08.552Z","buy"
"1.06900000","21.32000000","2024-06-13T18:21:04.900Z","buy"
"1.06910000","3.78000000","2024-06-13T18:21:04.900Z","buy"
"1.06870000","0.40000000","2024-06-13T18:20:02.435Z","buy"
"1.06830000","17.05000000","2024-06-13T18:19:51.610Z","buy"
"1.06840000","3.03000000","2024-06-13T18:19:51.610Z","buy"
"1.06870000","0.40000000","2024-06-13T18:18:14.943Z","buy"
"1.06880000","1.15000000","2024-06-13T18:17:57.268Z","buy"
"1.06870000","0.40000000","2024-06-13T18:17:42.653Z","buy"
"1.06920000","487.88000000","2024-06-13T18:17:20.942Z","sell"
"1.06860000","0.40000000","2024-06-13T18:16:44.150Z","buy"
"1.06850000","14.67000000","2024-06-13T18:16:43.462Z","buy"
"1.06860000","3.16000000","2024-06-13T18:16:43.462Z","buy"
"1.06830000","0.40000000","2024-06-13T18:14:10.730Z","buy"
"1.06860000","0.40000000","2024-06-13T18:13:38.685Z","buy"
"1.06860000","0.40000000","2024-06-13T18:13:07.013Z","buy"
"1.06840000","0.40000000","2024-06-13T18:12:28.725Z","buy"
"1.06870000","0.40000000","2024-06-13T18:09:12.850Z","buy"
"1.06840000","0.40000000","2024-06-13T18:08:45.120Z","buy"
"1.06930000","5.11000000","2024-06-13T18:08:44.880Z","sell"
"1.06870000","0.40000000","2024-06-13T18:08:01.017Z","buy"
"1.06840000","2.30000000","2024-06-13T18:07:27.525Z","buy"
"1.06950000","1.97000000","2024-06-13T18:03:17.401Z","sell"
"1.06940000","1.30000000","2024-06-13T18:02:11.519Z","sell"
"1.06820000","19.84000000","2024-06-13T18:01:52.135Z","buy"
"1.06830000","2.48000000","2024-06-13T18:01:52.135Z","buy"
"1.06880000","19.71000000","2024-06-13T18:00:35.510Z","buy"
"1.06890000","2.61000000","2024-06-13T18:00:35.510Z","buy"
"1.06830000","10.90000000","2024-06-13T17:57:08.706Z","buy"
"1.06830000","8.96000000","2024-06-13T17:57:08.706Z","buy"
"1.06840000","2.47000000","2024-06-13T17:57:08.706Z","buy"
"1.06870000","61.86000000","2024-06-13T17:56:58.236Z","buy"
"1.06880000","2.37000000","2024-06-13T17:56:58.236Z","buy"
"1.06980000","16.30000000","2024-06-13T17:52:33.981Z","sell"
"1.06850000","0.35000000","2024-06-13T17:47:10.218Z","buy"
"1.06980000","212.91000000","2024-06-13T17:38:47.431Z","sell"
"1.06970000","172.26000000","2024-06-13T17:38:47.431Z","sell"
"1.06970000","78.00000000","2024-06-13T17:38:47.431Z","sell"
"1.06900000","9.09000000","2024-06-13T17:34:10.102Z","sell"
"1.06830000","21.09000000","2024-06-13T17:32:06.406Z","buy"
"1.06840000","2.29000000","2024-06-13T17:32:06.406Z","buy"
"1.06820000","0.19000000","2024-06-13T17:31:47.324Z","buy"
"1.06800000","59.96000000","2024-06-13T17:30:46.405Z","buy"
"1.06810000","78.00000000","2024-06-13T17:30:46.405Z","buy"
"1.06820000","2.41000000","2024-06-13T17:30:46.405Z","buy"
"1.06910000","0.17000000","2024-06-13T17:30:23.201Z","sell"
"1.06810000","11.19000000","2024-06-13T17:29:26.406Z","buy"
"1.06910000","126.46000000","2024-06-13T17:29:26.406Z","buy"
"1.06920000","2.63000000","2024-06-13T17:29:26.406Z","buy"
"1.06920000","0.19000000","2024-06-13T17:28:37.295Z","buy"
"1.06910000","138.51000000","2024-06-13T17:28:06.405Z","buy"
"1.06920000","1.76000000","2024-06-13T17:28:06.405Z","buy"
"1.06910000","138.34000000","2024-06-13T17:26:46.404Z","buy"
"1.06920000","1.94000000","2024-06-13T17:26:46.404Z","buy"
"1.06910000","138.53000000","2024-06-13T17:25:26.403Z","buy"
"1.06920000","1.73000000","2024-06-13T17:25:26.403Z","buy"
"1.06910000","138.63000000","2024-06-13T17:24:06.402Z","buy"
"1.06920000","1.64000000","2024-06-13T17:24:06.402Z","buy"
"1.06910000","138.42000000","2024-06-13T17:22:46.401Z","buy"
"1.06920000","1.83000000","2024-06-13T17:22:46.401Z","buy"
"1.06910000","1220.13000000","2024-06-13T17:22:44.119Z","buy"
"1.06920000","78.00000000","2024-06-13T17:22:44.119Z","buy"
"1.06930000","1.83000000","2024-06-13T17:22:44.119Z","buy"
"1.06910000","68.25000000","2024-06-13T17:22:43.996Z","buy"
"1.06920000","78.00000000","2024-06-13T17:22:43.996Z","buy"
"1.06930000","1.83000000","2024-06-13T17:22:43.996Z","buy"
"1.07000000","221.49000000","2024-06-13T17:22:43.996Z","buy"
"1.07000000","148.08000000","2024-06-13T17:22:43.996Z","buy"
"1.07000000","604.57000000","2024-06-13T17:22:43.991Z","buy"
"1.07000000","33.32000000","2024-06-13T17:22:43.934Z","buy"
"1.07000000","33.32000000","2024-06-13T17:22:43.933Z","buy"
"1.07000000","33.32000000","2024-06-13T17:22:43.928Z","buy"
"1.07000000","33.32000000","2024-06-13T17:22:43.925Z","buy"
"1.07000000","33.32000000","2024-06-13T17:22:43.923Z","buy"
"1.07000000","33.32000000","2024-06-13T17:22:43.914Z","buy"
"1.07000000","7.04000000","2024-06-13T17:22:43.912Z","buy"
"1.07000000","33.32000000","2024-06-13T17:22:43.911Z","buy"
"1.07000000","17.49000000","2024-06-13T17:22:43.911Z","buy"
"1.07000000","7.50000000","2024-06-13T17:22:43.909Z","buy"
"1.07000000","2.40000000","2024-06-13T17:22:43.900Z","buy"
"1.07000000","18.17000000","2024-06-13T17:22:43.895Z","buy"
"1.07000000","31.37000000","2024-06-13T17:22:43.887Z","buy"
"1.07000000","1.95000000","2024-06-13T17:22:43.881Z","buy"
"1.07000000","1.14000000","2024-06-13T17:22:43.878Z","buy"
"1.07000000","1.16000000","2024-06-13T17:22:43.876Z","buy"
"1.07000000","1.14000000","2024-06-13T17:22:43.873Z","buy"
"1.07000000","2.13000000","2024-06-13T17:22:43.872Z","buy"
"1.07000000","2.12000000","2024-06-13T17:22:43.872Z","buy"
"1.06980000","78.00000000","2024-06-13T17:22:43.855Z","sell"
"1.06980000","8.01000000","2024-06-13T17:22:43.855Z","sell"
"1.06970000","118.75000000","2024-06-13T17:22:43.855Z","sell"
"1.06910000","1415.47000000","2024-06-13T17:21:44.165Z","buy"
"1.06920000","1.71000000","2024-06-13T17:21:44.165Z","buy"
"1.06910000","76.32000000","2024-06-13T17:21:15.720Z","buy"
"1.06920000","1.68000000","2024-06-13T17:21:15.720Z","buy"
"1.06910000","3712.33000000","2024-06-13T17:21:15.684Z","buy"
"1.06920000","78.00000000","2024-06-13T17:21:15.684Z","buy"
"1.06930000","1.67000000","2024-06-13T17:21:15.684Z","buy"
"1.06930000","1.67000000","2024-06-13T17:21:02.727Z","buy"
"1.06930000","1.67000000","2024-06-13T17:21:01.641Z","buy"
"1.06930000","1.58000000","2024-06-13T17:21:00.901Z","buy"
"1.06930000","1.67000000","2024-06-13T17:20:45.079Z","buy"
"1.06910000","106.59000000","2024-06-13T17:19:23.370Z","buy"
"1.06920000","70.75000000","2024-06-13T17:19:23.370Z","buy"
"1.06930000","1.68000000","2024-06-13T17:19:23.370Z","buy"
"1.06920000","7.25000000","2024-06-13T17:19:20.719Z","buy"
"1.06930000","1.58000000","2024-06-13T17:19:20.719Z","buy"
"1.06960000","8.83000000","2024-06-13T17:17:51.339Z","sell"
"1.06960000","2.45000000","2024-06-13T17:15:56.947Z","sell"
"1.06960000","29.69000000","2024-06-13T17:15:56.947Z","sell"
"1.06960000","54.79000000","2024-06-13T17:15:56.947Z","sell"
"1.06960000","4.59000000","2024-06-13T17:15:43.386Z","sell"
"1.06930000","1.83000000","2024-06-13T17:15:30.407Z","buy"
"1.06940000","13.00000000","2024-06-13T17:14:00.763Z","buy"
"1.06910000","67.94000000","2024-06-13T17:11:02.195Z","buy"
"1.06920000","1.57000000","2024-06-13T17:11:02.195Z","buy"
"1.06920000","1.57000000","2024-06-13T17:11:02.169Z","buy"
"1.06920000","1.57000000","2024-06-13T17:11:02.065Z","buy"
"1.06920000","1.57000000","2024-06-13T17:11:01.951Z","buy"
"1.06920000","1.57000000","2024-06-13T17:11:01.824Z","buy"
"1.06920000","1.57000000","2024-06-13T17:11:01.699Z","buy"
"1.06920000","1.57000000","2024-06-13T17:11:01.577Z","buy"
"1.06920000","1.57000000","2024-06-13T17:11:01.448Z","buy"
"1.06920000","1.57000000","2024-06-13T17:11:01.306Z","buy"
"1.06920000","1.57000000","2024-06-13T17:11:01.207Z","buy"
"1.06920000","1.57000000","2024-06-13T17:11:01.101Z","buy"
"1.06920000","1.57000000","2024-06-13T17:11:00.995Z","buy"
"1.06920000","1.57000000","2024-06-13T17:11:00.877Z","buy"
"1.06920000","1.57000000","2024-06-13T17:11:00.776Z","buy"
"1.06920000","1.57000000","2024-06-13T17:11:00.662Z","buy"
"1.06920000","1.57000000","2024-06-13T17:11:00.533Z","buy"
"1.06920000","1.57000000","2024-06-13T17:11:00.419Z","buy"
"1.06920000","1.57000000","2024-06-13T17:11:00.326Z","buy"
"1.06920000","1.57000000","2024-06-13T17:11:00.218Z","buy"
"1.06920000","1.57000000","2024-06-13T17:11:00.112Z","buy"
"1.06920000","1.57000000","2024-06-13T17:10:59.994Z","buy"
"1.06920000","1.57000000","2024-06-13T17:10:59.895Z","buy"
"1.06920000","1.57000000","2024-06-13T17:10:59.801Z","buy"
"1.06920000","78.00000000","2024-06-13T17:10:59.668Z","buy"
"1.06930000","1.57000000","2024-06-13T17:10:59.668Z","buy"
"1.06910000","182.23000000","2024-06-13T17:08:27.912Z","buy"
"1.06920000","1.98000000","2024-06-13T17:08:27.909Z","buy"
"1.06920000","1.98000000","2024-06-13T17:08:27.899Z","buy"
"1.06920000","1.98000000","2024-06-13T17:08:27.889Z","buy"
"1.06910000","165.12000000","2024-06-13T17:08:27.880Z","buy"
"1.06920000","1.98000000","2024-06-13T17:08:27.879Z","buy"
"1.06910000","33.32000000","2024-06-13T17:08:27.875Z","buy"
"1.06910000","33.32000000","2024-06-13T17:08:27.871Z","buy"
"1.06910000","204.55000000","2024-06-13T17:08:27.869Z","buy"
"1.06920000","1.98000000","2024-06-13T17:08:27.869Z","buy"
"1.06910000","33.32000000","2024-06-13T17:08:27.865Z","buy"
"1.06910000","33.32000000","2024-06-13T17:08:27.865Z","buy"
"1.06910000","1200.89000000","2024-06-13T17:08:27.863Z","buy"
"1.06910000","39.00000000","2024-06-13T17:08:27.863Z","buy"
"1.06910000","6.24000000","2024-06-13T17:08:27.846Z","buy"
"1.06910000","5.42000000","2024-06-13T17:08:27.846Z","buy"
"1.06910000","105.90000000","2024-06-13T17:08:27.846Z","buy"
"1.06910000","1.22000000","2024-06-13T17:08:27.846Z","buy"
"1.06910000","1.22000000","2024-06-13T17:08:27.845Z","buy"
"1.06910000","4.54000000","2024-06-13T17:08:27.845Z","buy"
"1.06910000","12.92000000","2024-06-13T17:08:27.844Z","buy"
"1.06910000","2.40000000","2024-06-13T17:08:27.844Z","buy"
"1.06910000","4.54000000","2024-06-13T17:08:27.843Z","buy"
"1.06910000","33.32000000","2024-06-13T17:08:27.841Z","buy"
"1.06910000","18.17000000","2024-06-13T17:08:27.831Z","buy"
"1.06910000","132.12000000","2024-06-13T17:08:27.817Z","sell"
"1.06910000","78.00000000","2024-06-13T17:08:27.817Z","sell"
"1.06900000","4.52000000","2024-06-13T17:06:17.101Z","sell"
"1.06900000","0.91000000","2024-06-13T17:05:44.712Z","sell"
"1.06900000","4.42000000","2024-06-13T17:04:39.671Z","sell"
"1.06810000","70.25000000","2024-06-13T17:04:32.244Z","buy"
"1.06820000","5.39000000","2024-06-13T17:04:32.244Z","buy"
"1.06910000","68.22000000","2024-06-13T17:03:37.032Z","sell"
"1.06890000","7.42000000","2024-06-13T17:03:37.032Z","sell"
"1.06870000","5.57000000","2024-06-13T17:02:54.817Z","buy"
"1.06870000","5.56000000","2024-06-13T17:02:54.718Z","buy"
"1.06870000","5.56000000","2024-06-13T17:02:54.673Z","buy"
"1.06870000","5.63000000","2024-06-13T17:02:54.610Z","buy"
"1.06870000","5.64000000","2024-06-13T17:02:54.456Z","buy"
"1.06870000","5.64000000","2024-06-13T17:02:54.264Z","buy"
"1.06840000","5.62000000","2024-06-13T17:02:51.339Z","buy"
"1.06830000","133.43000000","2024-06-13T17:02:51.336Z","buy"
"1.06840000","135.44000000","2024-06-13T17:02:35.122Z","buy"
"1.06850000","5.80000000","2024-06-13T17:02:35.122Z","buy"
"1.06920000","7.57000000","2024-06-13T17:02:31.254Z","sell"
"1.06810000","0.01000000","2024-06-13T17:01:58.797Z","buy"
"1.06820000","134.19000000","2024-06-13T17:01:58.797Z","buy"
"1.06830000","5.49000000","2024-06-13T17:01:58.797Z","buy"
"1.06820000","134.53000000","2024-06-13T17:01:58.308Z","buy"
"1.06830000","5.50000000","2024-06-13T17:01:58.308Z","buy"
"1.06830000","134.53000000","2024-06-13T17:01:58.030Z","buy"
"1.06840000","5.50000000","2024-06-13T17:01:58.030Z","buy"
"1.06830000","134.54000000","2024-06-13T17:01:57.798Z","buy"
"1.06830000","0.01000000","2024-06-13T17:01:57.798Z","buy"
"1.06840000","5.50000000","2024-06-13T17:01:57.798Z","buy"
"1.06830000","138.75000000","2024-06-13T17:01:57.371Z","buy"
"1.06840000","5.50000000","2024-06-13T17:01:57.371Z","buy"
"1.06830000","5.49000000","2024-06-13T17:01:57.302Z","buy"
"1.06840000","5.49000000","2024-06-13T17:01:57.274Z","buy"
"1.06840000","98.85000000","2024-06-13T17:01:57.271Z","buy"
"1.06840000","24.06000000","2024-06-13T17:01:57.271Z","buy"
"1.06850000","5.50000000","2024-06-13T17:01:57.271Z","buy"
"1.06830000","237.51000000","2024-06-13T17:01:53.326Z","buy"
"1.06840000","5.50000000","2024-06-13T17:01:53.326Z","buy"
"1.06830000","78.00000000","2024-06-13T17:01:52.912Z","buy"
"1.06840000","5.50000000","2024-06-13T17:01:52.912Z","buy"
"1.06950000","237.69000000","2024-06-13T17:01:52.870Z","sell"
"1.06940000","1.75000000","2024-06-13T17:01:52.870Z","sell"
"1.06940000","3.51000000","2024-06-13T17:01:52.870Z","sell"
"1.06930000","1.75000000","2024-06-13T17:01:52.870Z","sell"
"1.06920000","3.51000000","2024-06-13T17:01:52.870Z","sell"
"1.06910000","124.76000000","2024-06-13T17:01:52.870Z","sell"
"1.06910000","1.55000000","2024-06-13T17:01:52.870Z","sell"
"1.06900000","78.00000000","2024-06-13T17:01:52.870Z","sell"
"1.06810000","53.63000000","2024-06-13T17:01:31.600Z","buy"
"1.06820000","5.45000000","2024-06-13T17:01:31.600Z","buy"
"1.06820000","130.41000000","2024-06-13T17:01:11.049Z","buy"
"1.06830000","5.44000000","2024-06-13T17:01:11.049Z","buy"
"1.06810000","4.09000000","2024-06-13T16:59:25.460Z","buy"
"1.06810000","4.09000000","2024-06-13T16:59:25.352Z","buy"
"1.06810000","4.09000000","2024-06-13T16:59:25.117Z","buy"
"1.06810000","139.70000000","2024-06-13T16:58:29.331Z","buy"
"1.06820000","5.13000000","2024-06-13T16:58:29.331Z","buy"
"1.06800000","35.16000000","2024-06-13T16:53:16.147Z","buy"
"1.06810000","2.53000000","2024-06-13T16:53:16.147Z","buy"
"1.06890000","74.30000000","2024-06-13T16:52:15.047Z","sell"
"1.06860000","118.45000000","2024-06-13T16:52:15.047Z","sell"
"1.06860000","0.27000000","2024-06-13T16:50:36.064Z","sell"
"1.06860000","0.03000000","2024-06-13T16:50:27.442Z","sell"
"1.06810000","0.19000000","2024-06-13T16:50:20.341Z","buy"
"1.06810000","2.40000000","2024-06-13T16:50:14.328Z","buy"
"1.06810000","290.61000000","2024-06-13T16:50:14.328Z","buy"
"1.06810000","414.95000000","2024-06-13T16:50:14.204Z","buy"
"1.06810000","2.39000000","2024-06-13T16:50:14.204Z","buy"
"1.06820000","127.00000000","2024-06-13T16:50:14.204Z","buy"
"1.06820000","60.70000000","2024-06-13T16:50:14.204Z","buy"
"1.06810000","0.19000000","2024-06-13T16:48:40.347Z","buy"
"1.06810000","2.69000000","2024-06-13T16:48:02.157Z","buy"
"1.06810000","0.01000000","2024-06-13T16:48:02.157Z","buy"
"1.06810000","0.50000000","2024-06-13T16:48:02.114Z","buy"
"1.06810000","0.51000000","2024-06-13T16:48:02.114Z","buy"
"1.06810000","0.51000000","2024-06-13T16:48:02.114Z","buy"
"1.06810000","1.18000000","2024-06-13T16:48:02.114Z","buy"
"1.06810000","0.42000000","2024-06-13T16:48:02.113Z","buy"
"1.06810000","77.39000000","2024-06-13T16:48:02.113Z","buy"
"1.06820000","2.70000000","2024-06-13T16:48:02.113Z","buy"
"1.06820000","2.70000000","2024-06-13T16:48:02.082Z","buy"
"1.06820000","2.57000000","2024-06-13T16:48:02.046Z","buy"
"1.06810000","78.28000000","2024-06-13T16:44:30.670Z","buy"
"1.06840000","60.69000000","2024-06-13T16:44:30.670Z","buy"
"1.06850000","2.08000000","2024-06-13T16:44:30.670Z","buy"
"1.06860000","4.46000000","2024-06-13T16:42:38.228Z","sell"
"1.06830000","118.03000000","2024-06-13T16:42:06.988Z","buy"
"1.06840000","1.68000000","2024-06-13T16:42:06.988Z","buy"
"1.06830000","235.40000000","2024-06-13T16:41:50.951Z","buy"
"1.06840000","2.01000000","2024-06-13T16:41:50.951Z","buy"
"1.06900000","0.48000000","2024-06-13T16:35:34.446Z","sell"
"1.06840000","6.55000000","2024-06-13T16:34:19.637Z","buy"
"1.06850000","0.94000000","2024-06-13T16:34:19.637Z","buy"
"1.06900000","0.07000000","2024-06-13T16:32:27.473Z","sell"
"1.06870000","1.67000000","2024-06-13T16:27:59.910Z","sell"
"1.06810000","0.47000000","2024-06-13T16:26:51.837Z","buy"
"1.06870000","10.83000000","2024-06-13T16:24:25.484Z","sell"
"1.06900000","11.10000000","2024-06-13T16:21:24.896Z","sell"
"1.06900000","23.05000000","2024-06-13T16:20:06.852Z","sell"
"1.06900000","4.49000000","2024-06-13T16:16:37.299Z","sell"
"1.06810000","1.14000000","2024-06-13T16:15:49.938Z","buy"
"1.06820000","1.21000000","2024-06-13T16:15:49.938Z","buy"
"1.06830000","1.16000000","2024-06-13T16:15:49.938Z","buy"
"1.06840000","0.74000000","2024-06-13T16:15:49.938Z","buy"
"1.06910000","4.25000000","2024-06-13T16:12:24.466Z","sell"
"1.06830000","0.47000000","2024-06-13T16:10:56.734Z","buy"
"1.06800000","440.18000000","2024-06-13T16:10:47.940Z","buy"
"1.06850000","1126.96000000","2024-06-13T16:10:47.940Z","buy"
"1.06860000","1.52000000","2024-06-13T16:10:47.940Z","buy"
"1.06870000","4.93000000","2024-06-13T16:10:47.940Z","buy"
"1.06870000","0.76000000","2024-06-13T16:10:47.940Z","buy"
"1.06880000","0.76000000","2024-06-13T16:10:47.940Z","buy"
"1.06890000","0.38000000","2024-06-13T16:10:47.940Z","buy"
"1.06900000","1.39000000","2024-06-13T16:10:47.940Z","buy"
"1.06900000","416.40000000","2024-06-13T16:10:47.940Z","buy"
"1.06900000","204.54000000","2024-06-13T16:09:40.338Z","buy"
"1.06920000","78.00000000","2024-06-13T16:08:32.825Z","buy"
"1.06920000","1.39000000","2024-06-13T16:08:32.825Z","buy"
"1.06920000","423.30000000","2024-06-13T16:08:32.825Z","buy"
"1.06930000","78.00000000","2024-06-13T16:08:30.587Z","buy"
"1.06930000","78.00000000","2024-06-13T16:08:28.806Z","buy"
"1.06940000","113.43000000","2024-06-13T16:08:07.098Z","buy"
"1.06940000","170.58000000","2024-06-13T16:08:03.015Z","buy"
"1.06940000","46.49000000","2024-06-13T16:08:01.510Z","buy"
"1.06940000","250.39000000","2024-06-13T16:08:01.402Z","buy"
"1.06940000","179.35000000","2024-06-13T16:08:01.402Z","buy"
"1.06940000","47.51000000","2024-06-13T16:08:00.310Z","buy"
"1.07000000","207.18000000","2024-06-13T16:07:03.293Z","sell"
"1.07000000","6.94000000","2024-06-13T16:07:03.293Z","sell"
"1.07000000","0.97000000","2024-06-13T16:07:03.293Z","sell"
"1.07000000","1.95000000","2024-06-13T16:07:03.293Z","sell"
"1.06990000","215.57000000","2024-06-13T16:07:03.293Z","sell"
"1.06990000","2.23000000","2024-06-13T16:07:03.293Z","sell"
"1.06990000","0.27000000","2024-06-13T16:07:03.293Z","sell"
"1.06980000","1.13000000","2024-06-13T16:07:03.293Z","sell"
"1.06970000","146.86000000","2024-06-13T16:07:03.293Z","sell"
"1.06970000","2.23000000","2024-06-13T16:07:03.293Z","sell"
"1.06960000","78.00000000","2024-06-13T16:07:03.293Z","sell"
"1.06960000","2.23000000","2024-06-13T16:07:03.293Z","sell"
"1.06960000","0.27000000","2024-06-13T16:07:03.293Z","sell"
"1.06950000","0.14000000","2024-06-13T16:07:03.293Z","sell"
"1.06940000","2.23000000","2024-06-13T16:07:03.293Z","sell"
"1.06940000","1.13000000","2024-06-13T16:07:03.293Z","sell"
"1.06920000","0.94000000","2024-06-13T16:06:55.859Z","buy"
"1.06920000","7.16000000","2024-06-13T16:05:17.547Z","buy"
"1.06920000","4.82000000","2024-06-13T16:05:04.445Z","buy"
"1.06920000","7.65000000","2024-06-13T16:05:03.735Z","buy"
"1.06920000","5.51000000","2024-06-13T16:04:50.725Z","buy"
"1.06920000","5.35000000","2024-06-13T16:04:46.143Z","buy"
"1.06930000","7.49000000","2024-06-13T16:04:46.134Z","sell"
"1.06920000","4.57000000","2024-06-13T16:04:37.684Z","buy"
"1.06920000","4.33000000","2024-06-13T16:04:33.733Z","buy"
"1.06920000","3.18000000","2024-06-13T16:04:22.882Z","buy"
"1.06920000","0.98000000","2024-06-13T16:04:22.856Z","buy"
"1.06920000","3.90000000","2024-06-13T16:04:19.038Z","buy"
"1.06920000","2.70000000","2024-06-13T16:04:09.382Z","buy"
"1.06920000","8.73000000","2024-06-13T16:04:02.949Z","buy"
"1.06920000","5.30000000","2024-06-13T16:04:00.081Z","buy"
"1.06920000","914.18000000","2024-06-13T16:03:52.696Z","buy"
"1.06920000","897.67000000","2024-06-13T16:03:41.038Z","buy"
"1.06920000","5.12000000","2024-06-13T16:03:33.725Z","buy"
"1.06920000","4.83000000","2024-06-13T16:03:20.852Z","buy"
"1.06930000","4.82000000","2024-06-13T16:03:20.842Z","sell"
"1.06920000","8.10000000","2024-06-13T16:03:13.384Z","buy"
"1.06920000","7.50000000","2024-06-13T16:03:05.964Z","buy"
"1.06920000","2.28000000","2024-06-13T16:03:03.044Z","buy"
"1.06920000","8.87000000","2024-06-13T16:02:54.604Z","buy"
"1.06910000","0.98000000","2024-06-13T16:02:46.625Z","buy"
"1.06910000","0.99000000","2024-06-13T16:02:44.040Z","buy"
"1.06910000","0.99000000","2024-06-13T16:02:40.620Z","buy"
"1.06910000","1.12000000","2024-06-13T16:01:47.052Z","buy"
"1.06910000","1.03000000","2024-06-13T16:01:33.397Z","buy"
"1.06930000","1.36000000","2024-06-13T15:59:55.456Z","sell"
"1.06910000","1.30000000","2024-06-13T15:58:16.393Z","buy"
"1.06910000","1.35000000","2024-06-13T15:57:59.046Z","buy"
"1.06910000","1.35000000","2024-06-13T15:57:26.766Z","buy"
"1.06910000","1.39000000","2024-06-13T15:57:21.053Z","buy"
"1.06910000","1.46000000","2024-06-13T15:57:13.840Z","buy"
"1.06910000","1.41000000","2024-06-13T15:57:02.043Z","buy"
"1.06910000","1.40000000","2024-06-13T15:56:45.695Z","buy"
"1.06930000","64.19000000","2024-06-13T15:56:44.990Z","sell"
"1.06910000","1.34000000","2024-06-13T15:56:43.039Z","buy"
"1.06910000","1.25000000","2024-06-13T15:56:24.039Z","buy"
"1.06930000","0.03000000","2024-06-13T15:55:34.897Z","sell"
"1.06910000","1.32000000","2024-06-13T15:55:26.126Z","buy"
"1.06910000","1.38000000","2024-06-13T15:55:19.529Z","buy"
"1.06910000","1.24000000","2024-06-13T15:55:11.402Z","buy"
"1.06910000","1.29000000","2024-06-13T15:54:44.891Z","buy"
"1.06910000","1.31000000","2024-06-13T15:54:36.610Z","buy"
"1.06910000","1.35000000","2024-06-13T15:54:32.268Z","buy"
"1.06910000","1.36000000","2024-06-13T15:54:30.047Z","buy"
"1.06910000","1.35000000","2024-06-13T15:54:26.156Z","buy"
"1.06930000","6.61000000","2024-06-13T15:54:26.148Z","sell"
"1.06930000","1.13000000","2024-06-13T15:54:26.148Z","sell"
"1.06920000","1.13000000","2024-06-13T15:54:26.148Z","sell"
"1.06910000","1.35000000","2024-06-13T15:54:21.119Z","buy"
"1.06910000","1.37000000","2024-06-13T15:54:17.346Z","buy"
"1.06910000","1.47000000","2024-06-13T15:54:09.734Z","buy"
"1.06910000","1.45000000","2024-06-13T15:53:52.051Z","buy"
"1.06910000","1.45000000","2024-06-13T15:53:43.778Z","buy"
"1.06910000","1.29000000","2024-06-13T15:53:36.507Z","buy"
"1.06910000","1.27000000","2024-06-13T15:53:33.213Z","buy"
"1.06910000","1.27000000","2024-06-13T15:53:22.668Z","buy"
"1.06910000","1.32000000","2024-06-13T15:53:11.767Z","buy"
"1.06910000","1.34000000","2024-06-13T15:53:05.561Z","buy"
"1.06910000","1.42000000","2024-06-13T15:52:36.948Z","buy"
"1.06910000","1.48000000","2024-06-13T15:52:17.049Z","buy"
"1.06910000","1.55000000","2024-06-13T15:52:05.842Z","buy"
"1.06900000","29.06000000","2024-06-13T15:52:02.455Z","buy"
"1.06910000","1.55000000","2024-06-13T15:52:02.455Z","buy"
"1.06910000","1.55000000","2024-06-13T15:52:01.706Z","buy"
"1.06910000","2.43000000","2024-06-13T15:51:56.504Z","buy"
"1.06910000","1.62000000","2024-06-13T15:51:56.504Z","buy"
"1.06910000","1.73000000","2024-06-13T15:51:39.159Z","buy"
"1.06910000","1.73000000","2024-06-13T15:51:35.839Z","buy"
"1.06910000","1.65000000","2024-06-13T15:51:19.769Z","buy"
"1.06910000","1.54000000","2024-06-13T15:50:03.546Z","buy"
"1.06910000","1.49000000","2024-06-13T15:49:45.040Z","buy"
"1.06910000","6.96000000","2024-06-13T15:49:29.294Z","buy"
"1.06910000","1.51000000","2024-06-13T15:49:29.294Z","buy"
"1.06910000","1.49000000","2024-06-13T15:49:26.045Z","buy"
"1.06910000","1.49000000","2024-06-13T15:49:15.689Z","buy"
"1.06910000","1.51000000","2024-06-13T15:49:07.064Z","buy"
"1.06910000","1.55000000","2024-06-13T15:48:48.309Z","buy"
"1.06910000","1.55000000","2024-06-13T15:48:37.711Z","buy"
"1.06910000","1.27000000","2024-06-13T15:48:31.633Z","buy"
"1.06910000","1.27000000","2024-06-13T15:48:29.014Z","buy"
"1.06910000","1.31000000","2024-06-13T15:48:10.054Z","buy"
"1.06910000","1.31000000","2024-06-13T15:48:01.593Z","buy"
"1.06910000","1.39000000","2024-06-13T15:47:56.669Z","buy"
"1.06910000","1.52000000","2024-06-13T15:47:34.807Z","buy"
"1.06910000","1.42000000","2024-06-13T15:47:13.040Z","buy"
"1.06910000","1.42000000","2024-06-13T15:47:04.973Z","buy"
"1.06910000","1.74000000","2024-06-13T15:46:59.400Z","buy"
"1.06910000","1.67000000","2024-06-13T15:45:57.048Z","buy"
"1.06910000","1.66000000","2024-06-13T15:45:50.946Z","buy"
"1.06910000","1.63000000","2024-06-13T15:45:38.036Z","buy"
"1.06910000","1.63000000","2024-06-13T15:45:29.151Z","buy"
"1.06910000","1.66000000","2024-06-13T15:45:19.045Z","buy"
"1.06910000","1.66000000","2024-06-13T15:45:15.502Z","buy"
"1.06910000","1.44000000","2024-06-13T15:44:41.606Z","buy"
"1.06910000","5.88000000","2024-06-13T15:44:34.323Z","buy"
"1.06910000","1.44000000","2024-06-13T15:44:22.049Z","buy"
"1.06910000","1.40000000","2024-06-13T15:44:18.242Z","buy"
"1.06910000","1.09000000","2024-06-13T15:44:03.047Z","buy"
"1.06910000","1.34000000","2024-06-13T15:44:03.047Z","buy"
"1.06910000","1.34000000","2024-06-13T15:43:45.114Z","buy"
"1.06910000","1.29000000","2024-06-13T15:43:04.356Z","buy"
"1.06910000","1.29000000","2024-06-13T15:42:54.960Z","buy"
"1.06910000","1.37000000","2024-06-13T15:42:46.225Z","buy"
"1.06910000","1.40000000","2024-06-13T15:42:39.839Z","buy"
"1.06910000","1.45000000","2024-06-13T15:42:28.647Z","buy"
"1.06910000","1.07000000","2024-06-13T15:42:28.647Z","buy"
"1.06910000","1.03000000","2024-06-13T15:42:09.041Z","buy"
"1.06910000","1.03000000","2024-06-13T15:41:56.692Z","buy"
"1.06910000","1.05000000","2024-06-13T15:41:50.098Z","buy"
"1.06910000","1.05000000","2024-06-13T15:41:45.783Z","buy"
"1.06910000","1.13000000","2024-06-13T15:41:29.003Z","buy"
"1.06910000","1.17000000","2024-06-13T15:41:19.350Z","buy"
"1.06910000","1.19000000","2024-06-13T15:41:13.558Z","buy"
"1.06910000","6.40000000","2024-06-13T15:41:10.910Z","buy"
"1.06910000","1.27000000","2024-06-13T15:41:10.910Z","buy"
"1.06910000","1.27000000","2024-06-13T15:41:04.332Z","buy"
"1.06910000","1.26000000","2024-06-13T15:40:57.260Z","buy"
"1.06910000","1.26000000","2024-06-13T15:40:54.525Z","buy"
"1.06910000","1.26000000","2024-06-13T15:40:51.628Z","buy"
"1.06910000","1.26000000","2024-06-13T15:40:49.210Z","buy"
"1.06910000","1.38000000","2024-06-13T15:40:45.960Z","buy"
"1.06910000","1.29000000","2024-06-13T15:40:38.209Z","buy"
"1.06910000","1.28000000","2024-06-13T15:40:35.692Z","buy"
"1.06910000","1.41000000","2024-06-13T15:40:00.619Z","buy"
"1.06910000","1.13000000","2024-06-13T15:39:36.380Z","buy"
"1.06910000","3.30000000","2024-06-13T15:39:20.944Z","buy"
"1.06910000","1.15000000","2024-06-13T15:39:20.944Z","buy"
"1.06910000","1.21000000","2024-06-13T15:39:18.038Z","buy"
"1.06910000","1.21000000","2024-06-13T15:39:07.830Z","buy"
"1.06910000","1.25000000","2024-06-13T15:38:59.343Z","buy"
"1.06930000","1.19000000","2024-06-13T15:38:48.613Z","buy"
"1.06930000","2.30000000","2024-06-13T15:38:40.061Z","buy"
"1.06930000","9.16000000","2024-06-13T15:38:33.792Z","buy"
"1.06930000","0.69000000","2024-06-13T15:38:31.219Z","buy"
"1.06930000","1.17000000","2024-06-13T15:38:31.219Z","buy"
"1.06930000","659.80000000","2024-06-13T15:38:28.441Z","sell"
"1.06920000","2.43000000","2024-06-13T15:38:28.268Z","buy"
"1.06930000","538.61000000","2024-06-13T15:37:01.790Z","sell"
"1.06930000","16.49000000","2024-06-13T15:36:56.454Z","sell"
"1.06930000","16.49000000","2024-06-13T15:36:56.299Z","sell"
"1.06930000","12.42000000","2024-06-13T15:36:56.229Z","sell"
"1.06930000","4.07000000","2024-06-13T15:36:56.229Z","sell"
"1.06930000","22.80000000","2024-06-13T15:36:53.039Z","sell"
"1.06930000","31.55000000","2024-06-13T15:36:48.693Z","sell"
"1.06930000","31.55000000","2024-06-13T15:36:48.631Z","sell"
"1.06930000","31.55000000","2024-06-13T15:36:48.559Z","sell"
"1.06930000","32.41000000","2024-06-13T15:36:46.290Z","sell"
"1.06930000","26.24000000","2024-06-13T15:36:43.592Z","sell"
"1.06930000","23.95000000","2024-06-13T15:36:40.939Z","sell"
"1.06930000","47.90000000","2024-06-13T15:36:30.913Z","sell"
"1.06930000","47.90000000","2024-06-13T15:36:30.850Z","sell"
"1.06930000","47.90000000","2024-06-13T15:36:30.789Z","sell"
"1.06930000","47.90000000","2024-06-13T15:36:30.723Z","sell"
"1.06930000","47.90000000","2024-06-13T15:36:30.652Z","sell"
"1.06930000","47.90000000","2024-06-13T15:36:30.583Z","sell"
"1.06930000","47.90000000","2024-06-13T15:36:30.518Z","sell"
"1.06930000","47.90000000","2024-06-13T15:36:30.457Z","sell"
"1.06930000","47.90000000","2024-06-13T15:36:30.391Z","sell"
"1.06930000","47.90000000","2024-06-13T15:36:30.330Z","sell"
"1.06930000","27.95000000","2024-06-13T15:36:27.467Z","sell"
"1.06970000","0.93000000","2024-06-13T15:35:32.865Z","buy"
"1.06990000","15.34000000","2024-06-13T15:35:31.212Z","sell"
"1.06940000","0.59000000","2024-06-13T15:34:07.254Z","buy"
"1.06960000","0.67000000","2024-06-13T15:34:07.202Z","buy"
"1.06950000","0.66000000","2024-06-13T15:32:27.982Z","buy"
"1.06980000","0.53000000","2024-06-13T15:32:06.680Z","buy"
"1.06960000","0.56000000","2024-06-13T15:31:42.416Z","buy"
"1.06990000","14.99000000","2024-06-13T15:31:16.993Z","sell"
"1.06950000","1.86000000","2024-06-13T15:28:51.231Z","buy"
"1.06950000","2.16000000","2024-06-13T15:27:49.699Z","buy"
"1.06960000","1.68000000","2024-06-13T15:27:49.699Z","buy"
"1.07000000","41.86000000","2024-06-13T15:26:47.014Z","sell"
"1.06930000","8.24000000","2024-06-13T15:25:07.101Z","buy"
"1.06940000","1.73000000","2024-06-13T15:25:07.101Z","buy"
"1.07040000","9.97000000","2024-06-13T15:23:29.692Z","sell"
"1.07000000","0.17000000","2024-06-13T15:21:27.898Z","sell"
"1.06950000","6.62000000","2024-06-13T15:19:51.406Z","buy"
"1.06960000","1.56000000","2024-06-13T15:19:51.406Z","buy"
"1.06950000","3.98000000","2024-06-13T15:19:51.393Z","buy"
"1.06960000","1.56000000","2024-06-13T15:19:51.393Z","buy"
"1.06940000","6.64000000","2024-06-13T15:19:51.382Z","buy"
"1.06940000","1.56000000","2024-06-13T15:19:51.382Z","buy"
"1.06930000","0.79000000","2024-06-13T15:19:51.366Z","buy"
"1.06980000","2.03000000","2024-06-13T15:19:51.366Z","buy"
"1.06990000","1.51000000","2024-06-13T15:19:51.366Z","buy"
"1.06990000","1.01000000","2024-06-13T15:19:51.366Z","buy"
"1.07000000","0.51000000","2024-06-13T15:19:51.366Z","buy"
"1.07010000","0.26000000","2024-06-13T15:19:51.366Z","buy"
"1.07020000","0.13000000","2024-06-13T15:19:51.366Z","buy"
"1.07030000","0.06000000","2024-06-13T15:19:51.366Z","buy"
"1.07030000","0.04000000","2024-06-13T15:19:51.366Z","buy"
"1.07030000","0.07000000","2024-06-13T15:19:51.366Z","buy"
"1.07040000","0.02000000","2024-06-13T15:19:51.366Z","buy"
"1.07050000","3.30000000","2024-06-13T15:19:51.366Z","buy"
"1.07050000","1.62000000","2024-06-13T15:19:51.366Z","buy"
"1.07050000","1.72000000","2024-06-13T15:19:51.366Z","buy"
"1.07050000","1.52000000","2024-06-13T15:19:51.366Z","buy"
"1.07060000","3.19000000","2024-06-13T15:19:51.366Z","buy"
"1.07060000","2.46000000","2024-06-13T15:19:51.366Z","buy"
"1.07060000","1.06000000","2024-06-13T15:19:51.366Z","buy"
"1.07060000","1.36000000","2024-06-13T15:19:51.366Z","buy"
"1.07060000","0.76000000","2024-06-13T15:19:51.366Z","buy"
"1.07070000","0.22000000","2024-06-13T15:19:51.366Z","buy"
"1.07070000","4.63000000","2024-06-13T15:19:51.360Z","buy"
"1.07070000","1.32000000","2024-06-13T15:19:51.360Z","buy"
"1.07070000","2.93000000","2024-06-13T15:19:51.360Z","buy"
"1.07070000","1.06000000","2024-06-13T15:19:51.360Z","buy"
"1.07070000","0.38000000","2024-06-13T15:19:51.360Z","buy"
"1.07070000","0.38000000","2024-06-13T15:19:51.360Z","buy"
"1.07070000","2.30000000","2024-06-13T15:19:51.360Z","buy"
"1.07080000","1.32000000","2024-06-13T15:19:51.360Z","buy"
"1.07080000","1.20000000","2024-06-13T15:19:51.360Z","buy"
"1.07080000","1.71000000","2024-06-13T15:19:51.360Z","buy"
"1.07080000","1.32000000","2024-06-13T15:19:51.360Z","buy"
"1.07080000","1.31000000","2024-06-13T15:19:51.360Z","buy"
"1.07080000","1.34000000","2024-06-13T15:19:51.360Z","buy"
"1.07090000","1.14000000","2024-06-13T15:18:29.225Z","buy"
"1.07090000","1.49000000","2024-06-13T15:18:29.225Z","buy"
"1.07090000","1.32000000","2024-06-13T15:18:29.225Z","buy"
"1.07090000","1.75000000","2024-06-13T15:18:29.225Z","buy"
"1.07090000","1.93000000","2024-06-13T15:18:29.225Z","buy"
"1.07090000","5.07000000","2024-06-13T15:18:29.225Z","buy"
"1.07090000","1.71000000","2024-06-13T15:18:29.225Z","buy"
"1.07090000","1.99000000","2024-06-13T15:18:29.225Z","buy"
"1.07090000","0.49000000","2024-06-13T15:18:29.225Z","buy"
"1.07090000","0.87000000","2024-06-13T15:17:46.241Z","buy"
"1.07090000","2.28000000","2024-06-13T15:17:46.241Z","buy"
"1.07090000","1.01000000","2024-06-13T15:17:46.241Z","buy"
"1.07090000","2.03000000","2024-06-13T15:17:46.241Z","buy"
"1.07100000","4.85000000","2024-06-13T15:17:46.241Z","buy"
"1.07100000","48.24000000","2024-06-13T15:17:46.241Z","buy"
"1.07100000","5.61000000","2024-06-13T15:17:46.241Z","buy"
"1.07110000","2.05000000","2024-06-13T15:17:46.241Z","buy"
"1.07110000","2.02000000","2024-06-13T15:17:36.367Z","buy"
"1.07100000","12.78000000","2024-06-13T15:06:39.114Z","buy"
"1.07110000","2.03000000","2024-06-13T15:06:39.114Z","buy"
"1.07110000","2.01000000","2024-06-13T15:05:17.292Z","buy"
"1.07110000","0.09000000","2024-06-13T15:01:27.922Z","buy"
"1.07100000","313.49000000","2024-06-13T14:59:49.242Z","buy"
"1.07110000","2.32000000","2024-06-13T14:59:49.242Z","buy"
"1.07170000","0.17000000","2024-06-13T14:58:02.729Z","sell"
"1.07110000","0.19000000","2024-06-13T14:57:18.859Z","buy"
"1.07120000","0.49000000","2024-06-13T14:55:16.795Z","buy"
"1.07170000","10.71000000","2024-06-13T14:53:45.221Z","sell"
"1.07110000","0.19000000","2024-06-13T14:53:36.975Z","buy"
"1.07100000","114.50000000","2024-06-13T14:52:58.047Z","buy"
"1.07100000","2.77000000","2024-06-13T14:52:58.047Z","buy"
"1.07110000","2.38000000","2024-06-13T14:52:58.047Z","buy"
"1.07120000","0.54000000","2024-06-13T14:52:57.691Z","buy"
"1.07120000","1.14000000","2024-06-13T14:52:57.691Z","buy"
"1.07120000","0.24000000","2024-06-13T14:52:57.691Z","buy"
"1.07120000","0.48000000","2024-06-13T14:52:57.691Z","buy"
"1.07130000","113.62000000","2024-06-13T14:52:57.691Z","buy"
"1.07140000","2.39000000","2024-06-13T14:52:57.686Z","buy"
"1.07130000","2.41000000","2024-06-13T14:52:57.187Z","buy"
"1.07130000","1.14000000","2024-06-13T14:52:57.187Z","buy"
"1.07130000","0.36000000","2024-06-13T14:52:57.187Z","buy"
"1.07130000","1.49000000","2024-06-13T14:52:57.187Z","buy"
"1.07180000","0.17000000","2024-06-13T14:50:50.266Z","sell"
"1.07140000","2.72000000","2024-06-13T14:49:00.972Z","buy"
"1.07150000","1.36000000","2024-06-13T14:48:57.675Z","buy"
"1.07160000","1.14000000","2024-06-13T14:48:54.918Z","buy"
"1.07160000","1.49000000","2024-06-13T14:48:54.918Z","buy"
"1.07170000","2.70000000","2024-06-13T14:44:33.840Z","buy"
"1.07170000","42.25000000","2024-06-13T14:44:33.779Z","buy"
"1.07170000","454.02000000","2024-06-13T14:44:33.779Z","buy"
"1.07180000","2.70000000","2024-06-13T14:44:33.779Z","buy"
"1.07180000","2.70000000","2024-06-13T14:44:33.741Z","buy"
"1.07180000","2.70000000","2024-06-13T14:44:33.606Z","buy"
"1.07170000","12.35000000","2024-06-13T14:44:33.521Z","buy"
"1.07170000","44.95000000","2024-06-13T14:44:33.521Z","buy"
"1.07170000","1.21000000","2024-06-13T14:44:33.521Z","buy"
"1.07180000","2.70000000","2024-06-13T14:44:33.521Z","buy"
"1.07180000","2.69000000","2024-06-13T14:44:33.471Z","buy"
"1.07180000","0.80000000","2024-06-13T14:44:33.471Z","buy"
"1.07180000","1.60000000","2024-06-13T14:44:33.471Z","buy"
"1.07190000","0.80000000","2024-06-13T14:44:33.471Z","buy"
"1.07280000","5.13000000","2024-06-13T14:43:53.699Z","sell"
"1.07280000","0.52000000","2024-06-13T14:43:53.699Z","sell"
"1.07270000","1.62000000","2024-06-13T14:43:53.699Z","sell"
"1.07270000","1.04000000","2024-06-13T14:43:53.699Z","sell"
"1.07270000","10.38000000","2024-06-13T14:43:53.699Z","sell"
"1.07260000","1.62000000","2024-06-13T14:43:53.699Z","sell"
"1.07260000","1.17000000","2024-06-13T14:43:53.699Z","sell"
"1.07260000","1.04000000","2024-06-13T14:43:53.699Z","sell"
"1.07260000","1.78000000","2024-06-13T14:43:53.699Z","sell"
"1.07260000","1.78000000","2024-06-13T14:43:53.699Z","sell"
"1.07250000","49.96000000","2024-06-13T14:43:53.699Z","sell"
"1.07240000","1.98000000","2024-06-13T14:43:53.699Z","sell"
"1.07220000","118.75000000","2024-06-13T14:43:53.699Z","sell"
"1.07190000","3.19000000","2024-06-13T14:41:58.819Z","buy"
"1.07190000","3.19000000","2024-06-13T14:41:58.787Z","buy"
"1.07190000","3.19000000","2024-06-13T14:41:58.748Z","buy"
"1.07190000","3.19000000","2024-06-13T14:41:58.716Z","buy"
"1.07250000","219.20000000","2024-06-13T14:41:46.819Z","sell"
"1.07250000","1.62000000","2024-06-13T14:41:46.819Z","sell"
"1.07250000","1.17000000","2024-06-13T14:41:46.819Z","sell"
"1.07250000","1.04000000","2024-06-13T14:41:46.819Z","sell"
"1.07250000","1.78000000","2024-06-13T14:41:46.819Z","sell"
"1.07240000","1.04000000","2024-06-13T14:41:46.819Z","sell"
"1.07240000","0.89000000","2024-06-13T14:41:46.819Z","sell"
"1.07240000","1.78000000","2024-06-13T14:41:46.819Z","sell"
"1.07230000","1.04000000","2024-06-13T14:41:46.819Z","sell"
"1.07230000","1.33000000","2024-06-13T14:41:46.819Z","sell"
"1.07220000","466.45000000","2024-06-13T14:41:46.819Z","sell"
"1.07210000","145.16000000","2024-06-13T14:41:46.819Z","sell"
"1.07210000","1.62000000","2024-06-13T14:41:46.819Z","sell"
"1.07210000","1.17000000","2024-06-13T14:41:46.819Z","sell"
"1.07210000","7.45000000","2024-06-13T14:41:46.819Z","sell"
"1.07200000","1.62000000","2024-06-13T14:41:46.819Z","sell"
"1.07200000","49.96000000","2024-06-13T14:41:46.819Z","sell"
"1.07200000","0.92000000","2024-06-13T14:41:46.819Z","sell"
"1.07190000","1.83000000","2024-06-13T14:41:46.819Z","sell"
"1.07190000","1.43000000","2024-06-13T14:41:31.985Z","sell"
"1.07170000","3.09000000","2024-06-13T14:41:31.985Z","sell"
"1.07140000","98.31000000","2024-06-13T14:39:24.814Z","buy"
"1.07150000","2.67000000","2024-06-13T14:39:24.814Z","buy"
"1.07150000","2.67000000","2024-06-13T14:39:24.512Z","buy"
"1.07140000","0.02000000","2024-06-13T14:39:24.454Z","buy"
"1.07150000","98.31000000","2024-06-13T14:39:24.454Z","buy"
"1.07160000","2.67000000","2024-06-13T14:39:24.454Z","buy"
"1.07160000","2.67000000","2024-06-13T14:39:24.386Z","buy"
"1.07140000","46.83000000","2024-06-13T14:39:23.895Z","buy"
"1.07140000","460.22000000","2024-06-13T14:39:23.895Z","buy"
"1.07150000","98.78000000","2024-06-13T14:39:23.895Z","buy"
"1.07150000","2.68000000","2024-06-13T14:39:23.895Z","buy"
"1.07140000","0.57000000","2024-06-13T14:39:23.846Z","buy"
"1.07150000","2.69000000","2024-06-13T14:39:23.846Z","buy"
"1.07170000","0.17000000","2024-06-13T14:39:12.694Z","sell"
"1.07130000","0.19000000","2024-06-13T14:38:41.177Z","buy"
"1.07120000","0.19000000","2024-06-13T14:38:01.535Z","buy"
"1.07140000","2.85000000","2024-06-13T14:37:02.287Z","buy"
"1.07120000","2.85000000","2024-06-13T14:37:02.250Z","buy"
"1.07130000","47.11000000","2024-06-13T14:37:02.246Z","buy"
"1.07130000","2.49000000","2024-06-13T14:37:02.246Z","buy"
"1.07130000","1.21000000","2024-06-13T14:37:02.246Z","buy"
"1.07130000","1.75000000","2024-06-13T14:37:02.246Z","buy"
"1.07130000","2.02000000","2024-06-13T14:37:02.246Z","buy"
"1.07140000","2.85000000","2024-06-13T14:37:02.246Z","buy"
"1.07140000","2.85000000","2024-06-13T14:37:02.215Z","buy"
"1.07140000","2.84000000","2024-06-13T14:37:02.180Z","buy"
"1.07140000","2.90000000","2024-06-13T14:37:02.135Z","buy"
"1.07140000","2.90000000","2024-06-13T14:36:57.296Z","buy"
"1.07140000","2.90000000","2024-06-13T14:36:56.851Z","buy"
"1.07140000","47.05000000","2024-06-13T14:36:55.365Z","buy"
"1.07140000","1.68000000","2024-06-13T14:36:55.365Z","buy"
"1.07140000","1.87000000","2024-06-13T14:36:55.365Z","buy"
"1.07140000","1.25000000","2024-06-13T14:36:55.365Z","buy"
"1.07140000","2.49000000","2024-06-13T14:36:55.365Z","buy"
"1.07150000","2.91000000","2024-06-13T14:36:55.365Z","buy"
"1.07150000","2.91000000","2024-06-13T14:36:55.298Z","buy"
"1.07150000","2.64000000","2024-06-13T14:36:55.256Z","buy"
"1.07150000","0.80000000","2024-06-13T14:35:45.967Z","buy"
"1.07150000","1.68000000","2024-06-13T14:35:45.967Z","buy"
"1.07150000","1.25000000","2024-06-13T14:35:45.967Z","buy"
"1.07160000","466.45000000","2024-06-13T14:35:10.579Z","buy"
"1.07170000","2.54000000","2024-06-13T14:35:10.579Z","buy"
"1.07200000","4.30000000","2024-06-13T14:33:53.700Z","sell"
"1.07160000","1.23000000","2024-06-13T14:31:21.571Z","buy"
"1.07160000","3.14000000","2024-06-13T14:31:21.571Z","buy"
"1.07160000","24.68000000","2024-06-13T14:31:21.571Z","buy"
"1.07170000","1.19000000","2024-06-13T14:31:06.442Z","buy"
"1.07170000","1.84000000","2024-06-13T14:31:06.404Z","buy"
"1.07170000","1.85000000","2024-06-13T14:31:06.371Z","buy"
"1.07170000","1.85000000","2024-06-13T14:31:03.923Z","buy"
"1.07170000","1.85000000","2024-06-13T14:31:03.882Z","buy"
"1.07170000","1.85000000","2024-06-13T14:31:03.847Z","buy"
"1.07170000","1.85000000","2024-06-13T14:31:03.813Z","buy"
"1.07170000","1.85000000","2024-06-13T14:31:03.775Z","buy"
"1.07160000","0.32000000","2024-06-13T14:31:03.671Z","buy"
"1.07160000","1.53000000","2024-06-13T14:31:03.671Z","buy"
"1.07170000","1.85000000","2024-06-13T14:31:03.632Z","buy"
"1.07170000","1.85000000","2024-06-13T14:31:03.567Z","buy"
"1.07170000","1.74000000","2024-06-13T14:31:03.302Z","buy"
"1.07170000","1.64000000","2024-06-13T14:30:56.359Z","buy"
"1.07180000","1.58000000","2024-06-13T14:30:56.215Z","buy"
"1.07170000","55.53000000","2024-06-13T14:30:51.902Z","buy"
"1.07170000","0.01000000","2024-06-13T14:30:51.902Z","buy"
"1.07180000","1.58000000","2024-06-13T14:30:51.902Z","buy"
"1.07200000","259.03000000","2024-06-13T14:30:19.773Z","sell"
"1.07200000","5.60000000","2024-06-13T14:30:19.773Z","sell"
"1.07190000","1.61000000","2024-06-13T14:30:19.773Z","sell"
"1.07180000","1.61000000","2024-06-13T14:30:19.773Z","sell"
"1.07170000","3.84000000","2024-06-13T14:28:12.351Z","buy"
"1.07170000","2.37000000","2024-06-13T14:28:12.351Z","buy"
"1.07170000","1.03000000","2024-06-13T14:28:12.351Z","buy"
"1.07170000","0.77000000","2024-06-13T14:28:12.351Z","buy"
"1.07170000","6.14000000","2024-06-13T14:28:12.351Z","buy"
"1.07170000","1.61000000","2024-06-13T14:28:05.817Z","buy"
"1.07180000","1.61000000","2024-06-13T14:28:05.783Z","buy"
"1.07180000","1.61000000","2024-06-13T14:28:05.747Z","buy"
"1.07180000","1.61000000","2024-06-13T14:28:04.273Z","buy"
"1.07180000","1.61000000","2024-06-13T14:28:04.236Z","buy"
"1.07180000","1.61000000","2024-06-13T14:28:04.201Z","buy"
"1.07180000","1.61000000","2024-06-13T14:28:04.167Z","buy"
"1.07180000","1.61000000","2024-06-13T14:28:04.132Z","buy"
"1.07180000","1.61000000","2024-06-13T14:28:04.098Z","buy"
"1.07180000","1.61000000","2024-06-13T14:28:04.052Z","buy"
"1.07180000","1.61000000","2024-06-13T14:28:03.989Z","buy"
"1.07180000","1.61000000","2024-06-13T14:28:03.944Z","buy"
"1.07180000","1.61000000","2024-06-13T14:28:03.867Z","buy"
"1.07180000","1.61000000","2024-06-13T14:28:03.817Z","buy"
"1.07180000","1.62000000","2024-06-13T14:28:03.784Z","buy"
"1.07180000","1.61000000","2024-06-13T14:28:03.752Z","buy"
"1.07180000","1.61000000","2024-06-13T14:28:03.718Z","buy"
"1.07180000","1.62000000","2024-06-13T14:28:03.690Z","buy"
"1.07180000","1.61000000","2024-06-13T14:28:03.660Z","buy"
"1.07180000","1.62000000","2024-06-13T14:28:03.628Z","buy"
"1.07180000","1.62000000","2024-06-13T14:28:03.597Z","buy"
"1.07180000","1.62000000","2024-06-13T14:28:03.570Z","buy"
"1.07180000","1.62000000","2024-06-13T14:28:03.536Z","buy"
"1.07180000","1.62000000","2024-06-13T14:28:03.507Z","buy"
"1.07180000","1.62000000","2024-06-13T14:28:03.479Z","buy"
"1.07180000","1.62000000","2024-06-13T14:28:03.447Z","buy"
"1.07180000","1.62000000","2024-06-13T14:28:03.414Z","buy"
"1.07180000","1.62000000","2024-06-13T14:28:03.388Z","buy"
"1.07180000","1.62000000","2024-06-13T14:28:03.359Z","buy"
"1.07180000","1.62000000","2024-06-13T14:28:03.330Z","buy"
"1.07180000","1.62000000","2024-06-13T14:28:03.302Z","buy"
"1.07180000","1.62000000","2024-06-13T14:28:03.276Z","buy"
"1.07170000","6.49000000","2024-06-13T14:26:58.266Z","buy"
"1.07180000","1.82000000","2024-06-13T14:26:58.266Z","buy"
"1.07180000","2.37000000","2024-06-13T14:26:58.266Z","buy"
"1.07180000","3.14000000","2024-06-13T14:26:58.266Z","buy"
"1.07180000","0.91000000","2024-06-13T14:26:58.266Z","buy"
"1.07180000","0.60000000","2024-06-13T14:26:58.266Z","buy"