"price","volume","timestamp","type"
"1.0686","2.72","2024-06-13T22:49:12.737Z","ask"
"1.0688","1.16","2024-06-13T22:49:12.737Z","ask"
"1.0689","497.63","2024-06-13T22:49:12.737Z","ask"
"1.069","1.05","2024-06-13T22:49:12.737Z","ask"
"1.0691","0.53","2024-06-13T22:49:12.737Z","ask"
"1.0692","0.47","2024-06-13T22:49:12.737Z","ask"
"1.0694","1.81","2024-06-13T22:49:12.737Z","ask"
"1.0695","4.38","2024-06-13T22:49:12.737Z","ask"
"1.0702","980.83","2024-06-13T22:49:12.737Z","ask"
"1.0718","3708.55","2024-06-13T22:49:12.737Z","ask"
"1.0719","9333.96","2024-06-13T22:49:12.737Z","ask"
"1.072","442.58","2024-06-13T22:49:12.737Z","ask"
"1.0728","19.87","2024-06-13T22:49:12.737Z","ask"
"1.073","494.62","2024-06-13T22:49:12.737Z","ask"
"1.0745","4162.52","2024-06-13T22:49:12.737Z","ask"
"1.0746","25","2024-06-13T22:49:12.737Z","ask"
"1.0747","59.96","2024-06-13T22:49:12.737Z","ask"
"1.0749","25","2024-06-13T22:49:12.737Z","ask"
"1.075","513","2024-06-13T22:49:12.737Z","ask"
"1.0751","25","2024-06-13T22:49:12.737Z","ask"
"1.0752","25","2024-06-13T22:49:12.737Z","ask"
"1.0754","25","2024-06-13T22:49:12.737Z","ask"
"1.0755","25","2024-06-13T22:49:12.737Z","ask"
"1.0799","190.7","2024-06-13T22:49:12.737Z","ask"
"1.08","3773.54","2024-06-13T22:49:12.737Z","ask"
"1.081","555.07","2024-06-13T22:49:12.737Z","ask"
"1.0811","895.6","2024-06-13T22:49:12.737Z","ask"
"1.0866","200","2024-06-13T22:49:12.737Z","ask"
"1.0873","249.23","2024-06-13T22:49:12.737Z","ask"
"1.0876","209","2024-06-13T22:49:12.737Z","ask"
"1.0899","100","2024-06-13T22:49:12.737Z","ask"
"1.09","5335.98","2024-06-13T22:49:12.737Z","ask"
"1.0925","3720.89","2024-06-13T22:49:12.737Z","ask"
"1.1","10240.47","2024-06-13T22:49:12.737Z","ask"
"1.1031","0.1","2024-06-13T22:49:12.737Z","ask"
"1.1098","540.93","2024-06-13T22:49:12.737Z","ask"
"1.1119","1.04","2024-06-13T22:49:12.737Z","ask"
"1.1122","6259.52","2024-06-13T22:49:12.737Z","ask"
"1.1333","4000","2024-06-13T22:49:12.737Z","ask"
"1.1409","30.17","2024-06-13T22:49:12.737Z","ask"
"1.15","10013.76","2024-06-13T22:49:12.737Z","ask"
"1.165","24.57","2024-06-13T22:49:12.737Z","ask"
"1.1744","11.39","2024-06-13T22:49:12.737Z","ask"
"1.1746","100","2024-06-13T22:49:12.737Z","ask"
"1.1752","0.03","2024-06-13T22:49:12.737Z","ask"
"1.1787","8.94","2024-06-13T22:49:12.737Z","ask"
"1.1832","4.52","2024-06-13T22:49:12.737Z","ask"
"1.1848","0.94","2024-06-13T22:49:12.737Z","ask"
"1.19","1855.28","2024-06-13T22:49:12.737Z","ask"
"1.1933","3.39","2024-06-13T22:49:12.737Z","ask"
"1.2007","9.44","2024-06-13T22:49:12.737Z","ask"
"1.5","70.96","2024-06-13T22:49:12.737Z","ask"
"7.06","7.06","2024-06-13T22:49:12.737Z","ask"
"7525","0.69","2024-06-13T22:49:12.737Z","ask"
"1.0684","1.3","2024-06-13T22:49:12.737Z","bid"
"1.0683","24.22","2024-06-13T22:49:12.737Z","bid"
"1.0681","290.16","2024-06-13T22:49:12.737Z","bid"
"1.068","467.92","2024-06-13T22:49:12.737Z","bid"
"1.0679","3.36","2024-06-13T22:49:12.737Z","bid"
"1.0678","0.68","2024-06-13T22:49:12.737Z","bid"
"1.0677","1334","2024-06-13T22:49:12.737Z","bid"
"1.0676","27171.73","2024-06-13T22:49:12.737Z","bid"
"1.0675","2241.25","2024-06-13T22:49:12.737Z","bid"
"1.0654","2268.4","2024-06-13T22:49:12.737Z","bid"
"1.064","53.64","2024-06-13T22:49:12.737Z","bid"
"1.06","50","2024-06-13T22:49:12.737Z","bid"
"1.0597","56.62","2024-06-13T22:49:12.737Z","bid"
"1.057","14.2","2024-06-13T22:49:12.737Z","bid"
"1.052","4.75","2024-06-13T22:49:12.737Z","bid"
"1.05","11.44","2024-06-13T22:49:12.737Z","bid"
"1.048","0.94","2024-06-13T22:49:12.737Z","bid"
"1.0473","1.15","2024-06-13T22:49:12.737Z","bid"
"1.0458","0.94","2024-06-13T22:49:12.737Z","bid"
"1.045","3827.71","2024-06-13T22:49:12.737Z","bid"
"1.0443","6.7","2024-06-13T22:49:12.737Z","bid"
"1.0428","0.95","2024-06-13T22:49:12.737Z","bid"
"1.0427","47.96","2024-06-13T22:49:12.737Z","bid"
"1.0381","0.94","2024-06-13T22:49:12.737Z","bid"
"1.03","15","2024-06-13T22:49:12.737Z","bid"
"1.0289","9.71","2024-06-13T22:49:12.737Z","bid"
"1.02","4.9","2024-06-13T22:49:12.737Z","bid"
"1.01","4.95","2024-06-13T22:49:12.737Z","bid"
"1.0089","38.54","2024-06-13T22:49:12.737Z","bid"
"1.0041","1.36","2024-06-13T22:49:12.737Z","bid"
"1.0002","66.66","2024-06-13T22:49:12.737Z","bid"
"1.0001","100","2024-06-13T22:49:12.737Z","bid"
"1","1.99","2024-06-13T22:49:12.737Z","bid"
"0.9723","85.7","2024-06-13T22:49:12.737Z","bid"
"0.9722","102.85","2024-06-13T22:49:12.737Z","bid"
"0.9678","20.66","2024-06-13T22:49:12.737Z","bid"
"0.9532","26.22","2024-06-13T22:49:12.737Z","bid"
"0.9516","3.04","2024-06-13T22:49:12.737Z","bid"
"0.93","209.59","2024-06-13T22:49:12.737Z","bid"
"0.8655","57.78","2024-06-13T22:49:12.737Z","bid"
"0.1017","1.9","2024-06-13T22:49:12.737Z","bid"
"0.0109","1.83","2024-06-13T22:49:12.737Z","bid"
"0.001","1000","2024-06-13T22:49:12.737Z","bid"
"0.0001","10000","2024-06-13T22:49:12.737Z","bid"