"price","volume","time","side","orderType"
"0.02489000","66.00000000","2023-06-27T02:57:32.916Z","buy","taker"
"0.02493000","242.00000000","2023-06-27T02:53:32.518Z","buy","taker"
"0.02413000","59.00000000","2023-06-27T01:53:42.032Z","sell","maker"
"0.02486000","2857.00000000","2023-06-27T01:36:58.057Z","buy","taker"
"0.02439000","365.00000000","2023-06-27T01:34:40.491Z","sell","maker"
"0.02439000","365.00000000","2023-06-27T01:34:40.491Z","sell","maker"
"0.02439000","1123.00000000","2023-06-27T01:34:40.491Z","sell","maker"
"0.02456000","170.00000000","2023-06-27T01:04:57.484Z","sell","maker"
"0.02487000","123.00000000","2023-06-27T00:53:40.449Z","buy","taker"
"0.02456000","477.00000000","2023-06-27T00:40:07.913Z","sell","maker"
"0.02490000","2192.00000000","2023-06-27T00:22:02.547Z","buy","taker"
"0.02420000","206.00000000","2023-06-27T00:20:09.424Z","sell","maker"
"0.02422000","208.00000000","2023-06-26T23:53:41.276Z","sell","maker"
"0.02454000","2167.00000000","2023-06-26T23:25:23.523Z","sell","maker"
"0.02453000","1455.00000000","2023-06-26T23:25:23.523Z","sell","maker"
"0.02446000","2904.00000000","2023-06-26T23:25:23.523Z","sell","maker"
"0.02409000","784.00000000","2023-06-26T23:25:23.523Z","sell","maker"
"0.02465000","2982.00000000","2023-06-26T22:32:07.772Z","buy","taker"
"0.02454000","709.00000000","2023-06-26T22:22:30.571Z","buy","taker"
"0.02454000","2578.00000000","2023-06-26T22:22:30.565Z","sell","maker"
"0.02465000","346.00000000","2023-06-26T21:55:07.079Z","sell","maker"
"0.02465000","93.00000000","2023-06-26T21:55:05.936Z","sell","maker"
"0.02465000","93.00000000","2023-06-26T21:55:05.136Z","sell","maker"
"0.02465000","187.00000000","2023-06-26T21:55:04.621Z","sell","maker"
"0.02481000","87.00000000","2023-06-26T21:53:37.819Z","buy","taker"
"0.02486000","669.00000000","2023-06-26T21:47:46.729Z","buy","taker"
"0.02467000","328.00000000","2023-06-26T21:40:45.347Z","sell","maker"
"0.02465000","2991.00000000","2023-06-26T21:40:45.347Z","sell","maker"
"0.02465000","3528.00000000","2023-06-26T21:03:58.411Z","sell","maker"
"0.02459000","23928.00000000","2023-06-26T21:02:23.818Z","sell","maker"
"0.02459000","23928.00000000","2023-06-26T21:02:22.818Z","sell","maker"
"0.02473000","3240.00000000","2023-06-26T21:02:20.817Z","sell","maker"
"0.02471000","695.00000000","2023-06-26T21:02:20.817Z","sell","maker"
"0.02459000","82.00000000","2023-06-26T21:02:20.817Z","sell","maker"
"0.02459000","82.00000000","2023-06-26T21:02:20.817Z","sell","maker"
"0.02456000","432.00000000","2023-06-26T21:02:20.817Z","sell","maker"
"0.02456000","8920.00000000","2023-06-26T21:02:20.817Z","sell","maker"
"0.02453000","996.00000000","2023-06-26T21:02:20.817Z","sell","maker"
"0.02444000","323.00000000","2023-06-26T21:02:20.817Z","sell","maker"
"0.02443000","82.00000000","2023-06-26T21:02:20.817Z","sell","maker"
"0.02416000","16.00000000","2023-06-26T21:02:20.817Z","sell","maker"
"0.02412000","83.00000000","2023-06-26T21:02:20.817Z","sell","maker"
"0.02412000","83.00000000","2023-06-26T21:02:20.817Z","sell","maker"
"0.02408000","3531.00000000","2023-06-26T21:02:20.817Z","sell","maker"
"0.02400000","5363.00000000","2023-06-26T21:02:20.817Z","sell","maker"
"0.02491000","226.00000000","2023-06-26T20:53:33.732Z","buy","taker"
"0.02480000","10436.00000000","2023-06-26T20:45:34.591Z","sell","maker"
"0.02480000","25000.00000000","2023-06-26T20:45:34.591Z","sell","maker"
"0.02481000","3428.00000000","2023-06-26T20:36:28.975Z","sell","maker"
"0.02481000","4826.00000000","2023-06-26T20:36:28.975Z","sell","maker"
"0.02481000","3894.00000000","2023-06-26T20:36:28.975Z","sell","maker"
"0.02480000","13810.00000000","2023-06-26T20:36:28.975Z","sell","maker"
"0.02500000","12.00000000","2023-06-26T20:36:28.969Z","sell","maker"
"0.02493000","5461.00000000","2023-06-26T20:36:28.969Z","sell","maker"
"0.02493000","436.00000000","2023-06-26T20:36:28.969Z","sell","maker"
"0.02493000","180.00000000","2023-06-26T20:36:28.969Z","sell","maker"
"0.02493000","144.00000000","2023-06-26T20:36:28.969Z","sell","maker"
"0.02493000","137.00000000","2023-06-26T20:36:28.969Z","sell","maker"
"0.02492000","6593.00000000","2023-06-26T20:36:28.969Z","sell","maker"
"0.02491000","3624.00000000","2023-06-26T20:36:28.969Z","sell","maker"
"0.02490000","81.00000000","2023-06-26T20:36:28.969Z","sell","maker"
"0.02490000","6236.00000000","2023-06-26T20:36:28.969Z","sell","maker"
"0.02500000","2058.00000000","2023-06-26T20:35:02.270Z","sell","maker"
"0.02503000","889.00000000","2023-06-26T20:35:02.266Z","sell","maker"
"0.02505000","3.00000000","2023-06-26T20:33:38.443Z","sell","maker"
"0.02505000","3190.00000000","2023-06-26T20:31:53.608Z","sell","maker"
"0.02505000","2926.00000000","2023-06-26T20:31:53.608Z","sell","maker"
"0.02515000","2268.00000000","2023-06-26T20:26:19.934Z","buy","taker"
"0.02517000","9874.00000000","2023-06-26T20:26:05.633Z","buy","taker"
"0.02510000","341.00000000","2023-06-26T20:25:11.609Z","sell","maker"
"0.02510000","857.00000000","2023-06-26T20:25:10.162Z","sell","maker"
"0.02509000","254.00000000","2023-06-26T20:25:02.317Z","sell","maker"
"0.02509000","55743.00000000","2023-06-26T20:24:38.752Z","sell","maker"
"0.02510000","10210.00000000","2023-06-26T20:24:37.221Z","sell","maker"
"0.02508000","25000.00000000","2023-06-26T20:24:37.221Z","sell","maker"
"0.02508000","14711.00000000","2023-06-26T20:24:37.221Z","sell","maker"
"0.02509000","49921.00000000","2023-06-26T20:24:36.583Z","sell","maker"
"0.02509000","49921.00000000","2023-06-26T20:24:34.989Z","sell","maker"
"0.02510000","49921.00000000","2023-06-26T20:24:28.830Z","sell","maker"
"0.02513000","260.00000000","2023-06-26T20:20:02.899Z","sell","maker"
"0.02512000","26016.00000000","2023-06-26T20:19:57.624Z","sell","maker"
"0.02514000","50149.00000000","2023-06-26T20:19:56.825Z","sell","maker"
"0.02512000","41439.00000000","2023-06-26T20:19:51.693Z","sell","maker"
"0.02512000","112.00000000","2023-06-26T20:19:49.845Z","sell","maker"
"0.02515000","15809.00000000","2023-06-26T20:18:54.296Z","sell","maker"
"0.02515000","1340.00000000","2023-06-26T20:18:54.296Z","sell","maker"
"0.02515000","3798.00000000","2023-06-26T20:18:54.296Z","sell","maker"
"0.02515000","2264.00000000","2023-06-26T20:18:54.296Z","sell","maker"
"0.02513000","2161.00000000","2023-06-26T20:08:25.223Z","sell","maker"
"0.02510000","5810.00000000","2023-06-26T20:08:25.223Z","sell","maker"
"0.02509000","1530.00000000","2023-06-26T19:53:40.779Z","sell","maker"
"0.02510000","2065.00000000","2023-06-26T19:29:11.413Z","sell","maker"
"0.02533000","2009.00000000","2023-06-26T19:21:13.979Z","buy","taker"
"0.02508000","900.00000000","2023-06-26T19:11:28.246Z","sell","maker"
"0.02511000","165.00000000","2023-06-26T18:53:34.563Z","sell","maker"
"0.02527000","30668.00000000","2023-06-26T18:40:47.808Z","buy","taker"
"0.02529000","58366.00000000","2023-06-26T18:40:47.808Z","buy","taker"
"0.02503000","275.00000000","2023-06-26T18:30:07.165Z","sell","maker"
"0.02503000","433.00000000","2023-06-26T18:30:05.100Z","sell","maker"
"0.02503000","72.00000000","2023-06-26T18:28:06.136Z","sell","maker"
"0.02503000","29757.00000000","2023-06-26T18:27:37.370Z","sell","maker"
"0.02503000","99.00000000","2023-06-26T18:27:30.613Z","sell","maker"
"0.02503000","4923.00000000","2023-06-26T18:27:08.485Z","sell","maker"
"0.02509000","1837.00000000","2023-06-26T18:25:10.963Z","buy","taker"
"0.02510000","3293.00000000","2023-06-26T18:24:17.491Z","buy","taker"
"0.02508000","1832.00000000","2023-06-26T18:23:24.021Z","buy","taker"
"0.02493000","434.00000000","2023-06-26T18:20:04.956Z","sell","maker"
"0.02510000","441.00000000","2023-06-26T18:19:42.717Z","buy","taker"
"0.02508000","558.00000000","2023-06-26T18:18:24.666Z","buy","taker"
"0.02514000","1455.00000000","2023-06-26T18:14:05.125Z","buy","taker"
"0.02513000","1109.00000000","2023-06-26T18:13:27.293Z","buy","taker"
"0.02512000","945.00000000","2023-06-26T18:13:01.640Z","buy","taker"
"0.02512000","3535.00000000","2023-06-26T18:11:51.140Z","buy","taker"
"0.02514000","1065.00000000","2023-06-26T18:11:21.300Z","buy","taker"
"0.02493000","315.00000000","2023-06-26T18:10:02.526Z","sell","maker"
"0.02507000","3138.00000000","2023-06-26T18:05:50.961Z","buy","taker"
"0.02491000","35754.00000000","2023-06-26T18:05:15.504Z","sell","maker"
"0.02491000","21376.00000000","2023-06-26T18:05:15.504Z","sell","maker"
"0.02491000","51456.00000000","2023-06-26T18:05:14.984Z","sell","maker"
"0.02491000","103.00000000","2023-06-26T18:05:14.614Z","sell","maker"
"0.02491000","205.00000000","2023-06-26T18:05:11.095Z","sell","maker"
"0.02492000","68326.00000000","2023-06-26T17:58:35.448Z","sell","maker"
"0.02492000","14109.00000000","2023-06-26T17:58:35.448Z","sell","maker"
"0.02491000","374.00000000","2023-06-26T17:58:35.448Z","sell","maker"
"0.02491000","51528.00000000","2023-06-26T17:58:35.448Z","sell","maker"
"0.02491000","79.00000000","2023-06-26T17:51:10.951Z","sell","maker"
"0.02511000","25000.00000000","2023-06-26T17:05:27.453Z","sell","maker"
"0.02511000","197.00000000","2023-06-26T17:03:07.717Z","buy","taker"
"0.02492000","479.00000000","2023-06-26T17:00:27.080Z","sell","maker"
"0.02492000","116.00000000","2023-06-26T17:00:27.080Z","sell","maker"
"0.02515000","5528.00000000","2023-06-26T16:59:32.277Z","buy","taker"
"0.02516000","30668.00000000","2023-06-26T16:59:32.277Z","buy","taker"
"0.02517000","8804.00000000","2023-06-26T16:59:32.277Z","buy","taker"
"0.02520000","370.00000000","2023-06-26T16:53:31.688Z","buy","taker"
"0.02527000","941.00000000","2023-06-26T16:46:10.103Z","sell","maker"
"0.02527000","937.00000000","2023-06-26T16:46:10.103Z","sell","maker"
"0.02527000","694.00000000","2023-06-26T16:46:10.103Z","sell","maker"
"0.02518000","3377.00000000","2023-06-26T16:46:10.103Z","sell","maker"
"0.02500000","1780.00000000","2023-06-26T16:46:10.103Z","sell","maker"
"0.02499000","1332.00000000","2023-06-26T16:46:10.103Z","sell","maker"
"0.02491000","528.00000000","2023-06-26T16:46:10.103Z","sell","maker"
"0.02537000","932.00000000","2023-06-26T16:29:33.524Z","sell","maker"
"0.02537000","426.00000000","2023-06-26T16:29:33.524Z","sell","maker"
"0.02537000","160.00000000","2023-06-26T16:29:33.524Z","sell","maker"
"0.02537000","417.00000000","2023-06-26T16:29:33.524Z","sell","maker"
"0.02536000","784.00000000","2023-06-26T16:29:33.524Z","sell","maker"
"0.02536000","160.00000000","2023-06-26T16:29:33.524Z","sell","maker"
"0.02536000","3731.00000000","2023-06-26T16:29:33.524Z","sell","maker"
"0.02519000","10104.00000000","2023-06-26T16:29:33.524Z","sell","maker"
"0.02559000","762.00000000","2023-06-26T16:17:02.234Z","buy","taker"
"0.02559000","1486.00000000","2023-06-26T16:17:01.894Z","buy","taker"
"0.02565000","683.00000000","2023-06-26T16:12:54.305Z","buy","taker"
"0.02566000","798.00000000","2023-06-26T16:02:17.079Z","buy","taker"
"0.02569000","125.00000000","2023-06-26T15:53:29.897Z","buy","taker"
"0.02569000","399.00000000","2023-06-26T15:16:43.408Z","sell","maker"
"0.02569000","616.00000000","2023-06-26T15:16:43.408Z","sell","maker"
"0.02569000","186.00000000","2023-06-26T15:16:39.458Z","sell","maker"
"0.02569000","129.00000000","2023-06-26T14:53:35.949Z","sell","maker"
"0.02575000","3753.00000000","2023-06-26T14:20:15.932Z","sell","maker"
"0.02575000","1756.00000000","2023-06-26T14:20:15.932Z","sell","maker"
"0.02575000","188.00000000","2023-06-26T14:20:10.976Z","sell","maker"
"0.02575000","120.00000000","2023-06-26T14:19:04.297Z","sell","maker"
"0.02575000","189.00000000","2023-06-26T14:19:03.063Z","sell","maker"
"0.02596000","197.00000000","2023-06-26T13:57:28.822Z","buy","taker"
"0.02586000","2960.00000000","2023-06-26T13:56:13.417Z","buy","taker"
"0.02586000","147.00000000","2023-06-26T13:54:12.789Z","buy","taker"
"0.02586000","1150.00000000","2023-06-26T13:52:33.691Z","buy","taker"
"0.02595000","156.00000000","2023-06-26T13:50:36.209Z","buy","taker"
"0.02595000","460.00000000","2023-06-26T13:49:51.659Z","buy","taker"
"0.02595000","3603.00000000","2023-06-26T13:49:51.502Z","buy","taker"
"0.02575000","38.00000000","2023-06-26T13:42:23.707Z","buy","taker"
"0.02578000","1300.00000000","2023-06-26T13:42:23.707Z","buy","taker"
"0.02575000","1005.00000000","2023-06-26T13:41:52.632Z","buy","taker"
"0.02551000","20838.00000000","2023-06-26T13:35:23.579Z","sell","maker"
"0.02541000","20838.00000000","2023-06-26T13:35:22.579Z","sell","maker"
"0.02516000","20837.00000000","2023-06-26T13:35:20.579Z","sell","maker"
"0.02571000","193.00000000","2023-06-26T13:14:46.054Z","buy","taker"
"0.02557000","70.00000000","2023-06-26T12:53:35.470Z","buy","taker"
"0.02564000","628.00000000","2023-06-26T12:44:07.347Z","buy","taker"
"0.02519000","1196.00000000","2023-06-26T12:42:31.123Z","sell","maker"
"0.02566000","7794.00000000","2023-06-26T11:58:17.982Z","buy","taker"
"0.02512000","79.00000000","2023-06-26T11:53:39.550Z","sell","maker"
"0.02569000","600.00000000","2023-06-26T11:29:07.976Z","buy","taker"
"0.02546000","46.00000000","2023-06-26T10:53:29.950Z","buy","taker"
"0.02546000","206.00000000","2023-06-26T10:25:06.895Z","buy","taker"
"0.02555000","77.00000000","2023-06-26T09:53:37.948Z","buy","taker"
"0.02557000","486.00000000","2023-06-26T09:46:33.832Z","buy","taker"
"0.02566000","40.00000000","2023-06-26T08:53:35.030Z","buy","taker"
"0.02559000","97.00000000","2023-06-26T08:25:12.924Z","buy","taker"
"0.02536000","150.00000000","2023-06-26T08:19:56.924Z","sell","maker"
"0.02556000","92.00000000","2023-06-26T08:08:08.136Z","buy","taker"
"0.02549000","48.00000000","2023-06-26T07:50:46.104Z","buy","taker"
"0.02544000","619.00000000","2023-06-26T07:43:34.164Z","buy","taker"
"0.02575000","926.00000000","2023-06-26T07:04:13.555Z","buy","taker"
"0.02575000","98.00000000","2023-06-26T07:03:54.900Z","buy","taker"
"0.02575000","1307.00000000","2023-06-26T07:00:09.448Z","buy","taker"
"0.02546000","237.00000000","2023-06-26T06:53:37.401Z","sell","maker"
"0.02548000","500.00000000","2023-06-26T05:59:28.275Z","buy","taker"
"0.02548000","137.00000000","2023-06-26T05:53:33.897Z","buy","taker"
"0.02525000","796.00000000","2023-06-26T05:50:26.054Z","sell","maker"
"0.02512000","1304.00000000","2023-06-26T05:45:10.379Z","sell","maker"
"0.02506000","17956.00000000","2023-06-26T05:38:26.917Z","sell","maker"
"0.02506000","17956.00000000","2023-06-26T05:38:25.917Z","sell","maker"
"0.02516000","6879.00000000","2023-06-26T05:38:23.917Z","sell","maker"
"0.02501000","7513.00000000","2023-06-26T05:38:23.917Z","sell","maker"
"0.02499000","3564.00000000","2023-06-26T05:38:23.917Z","sell","maker"
"0.02535000","4.00000000","2023-06-26T05:35:34.099Z","sell","maker"
"0.02535000","64.00000000","2023-06-26T05:35:33.543Z","sell","maker"
"0.02535000","69.00000000","2023-06-26T05:35:33.368Z","sell","maker"
"0.02535000","619.00000000","2023-06-26T05:35:32.971Z","sell","maker"
"0.02535000","14509.00000000","2023-06-26T05:24:14.039Z","sell","maker"
"0.02535000","22507.00000000","2023-06-26T05:24:13.524Z","sell","maker"
"0.02535000","75596.00000000","2023-06-26T05:21:38.095Z","sell","maker"
"0.02535000","755.00000000","2023-06-26T05:21:35.207Z","sell","maker"
"0.02535000","7550.00000000","2023-06-26T05:21:30.058Z","sell","maker"
"0.02535000","14998.00000000","2023-06-26T05:21:27.297Z","sell","maker"
"0.02535000","75505.00000000","2023-06-26T05:21:25.768Z","sell","maker"
"0.02535000","323.00000000","2023-06-26T05:21:24.347Z","sell","maker"
"0.02535000","73440.00000000","2023-06-26T05:18:26.750Z","sell","maker"
"0.02535000","390.00000000","2023-06-26T05:18:23.970Z","sell","maker"
"0.02533000","124.00000000","2023-06-26T04:53:24.475Z","sell","maker"
"0.02533000","25000.00000000","2023-06-26T04:51:48.658Z","sell","maker"
"0.02532000","24668.00000000","2023-06-26T04:51:48.658Z","sell","maker"
"0.02539000","50000.00000000","2023-06-26T04:48:45.105Z","sell","maker"
"0.02548000","69.00000000","2023-06-26T04:43:12.350Z","buy","taker"
"0.02550000","123.00000000","2023-06-26T04:43:12.350Z","buy","taker"
"0.02548000","259.00000000","2023-06-26T04:37:47.583Z","buy","taker"
"0.02531000","6969.00000000","2023-06-26T04:10:30.578Z","buy","taker"
"0.02531000","9.00000000","2023-06-26T04:10:30.578Z","buy","taker"
"0.02531000","7548.00000000","2023-06-26T04:10:30.400Z","buy","taker"
"0.02531000","54.00000000","2023-06-26T04:04:56.352Z","buy","taker"
"0.02531000","26800.00000000","2023-06-26T04:02:33.151Z","buy","taker"
"0.02531000","66074.00000000","2023-06-26T04:02:30.253Z","buy","taker"
"0.02531000","34956.00000000","2023-06-26T03:54:25.568Z","buy","taker"
"0.02531000","34956.00000000","2023-06-26T03:54:05.411Z","buy","taker"
"0.02531000","7069.00000000","2023-06-26T03:53:45.341Z","buy","taker"
"0.02531000","34956.00000000","2023-06-26T03:53:42.974Z","buy","taker"
"0.02531000","811.00000000","2023-06-26T03:46:05.171Z","buy","taker"
"0.02531000","2742.00000000","2023-06-26T03:29:27.144Z","buy","taker"
"0.02531000","3576.00000000","2023-06-26T03:27:55.086Z","buy","taker"
"0.02531000","47.00000000","2023-06-26T03:25:27.606Z","buy","taker"
"0.02520000","53570.00000000","2023-06-26T03:15:50.358Z","sell","maker"
"0.02520000","299.00000000","2023-06-26T03:15:39.831Z","sell","maker"
"0.02531000","1535.00000000","2023-06-26T03:09:34.599Z","buy","taker"
"0.02531000","383.00000000","2023-06-26T03:09:05.777Z","buy","taker"
"0.02531000","4467.00000000","2023-06-26T03:08:59.379Z","buy","taker"
"0.02521000","177.00000000","2023-06-26T03:08:45.296Z","sell","maker"
"0.02531000","781.00000000","2023-06-26T03:03:31.954Z","buy","taker"
"0.02516000","92.00000000","2023-06-26T02:53:30.009Z","sell","maker"
"0.02532000","4000.00000000","2023-06-26T02:43:48.801Z","buy","taker"
"0.02531000","836.00000000","2023-06-26T02:41:55.094Z","buy","taker"
"0.02535000","1883.00000000","2023-06-26T02:37:53.929Z","buy","taker"
"0.02516000","8091.00000000","2023-06-26T02:36:18.512Z","buy","taker"
"0.02516000","1010.00000000","2023-06-26T02:35:55.564Z","buy","taker"
"0.02516000","398.00000000","2023-06-26T02:34:16.778Z","buy","taker"
"0.02516000","804.00000000","2023-06-26T02:34:05.891Z","buy","taker"
"0.02516000","2375.00000000","2023-06-26T02:33:58.922Z","buy","taker"
"0.02516000","2684.00000000","2023-06-26T02:31:30.167Z","buy","taker"
"0.02511000","236.00000000","2023-06-26T02:29:53.671Z","buy","taker"
"0.02510000","3368.00000000","2023-06-26T02:29:31.033Z","sell","maker"
"0.02515000","4357.00000000","2023-06-26T02:27:59.579Z","buy","taker"
"0.02518000","3284.00000000","2023-06-26T02:25:35.723Z","buy","taker"
"0.02500000","3217.00000000","2023-06-26T02:22:01.754Z","sell","maker"
"0.02539000","155.00000000","2023-06-26T02:07:50.916Z","buy","taker"
"0.02534000","797.00000000","2023-06-26T02:03:59.854Z","buy","taker"
"0.02533000","756.00000000","2023-06-26T02:02:41.365Z","sell","maker"
"0.02531000","1021.00000000","2023-06-26T02:02:02.389Z","buy","taker"
"0.02531000","1272.00000000","2023-06-26T02:01:53.536Z","buy","taker"
"0.02532000","197.00000000","2023-06-26T02:01:23.346Z","buy","taker"
"0.02535000","974.00000000","2023-06-26T02:01:05.245Z","buy","taker"
"0.02535000","1269.00000000","2023-06-26T02:01:05.092Z","buy","taker"
"0.02535000","2560.00000000","2023-06-26T02:01:04.948Z","buy","taker"
"0.02531000","1225.00000000","2023-06-26T01:59:16.764Z","buy","taker"
"0.02531000","3717.00000000","2023-06-26T01:59:16.371Z","buy","taker"
"0.02541000","106.00000000","2023-06-26T01:53:57.273Z","buy","taker"
"0.02541000","99.00000000","2023-06-26T01:53:29.704Z","buy","taker"
"0.02548000","195.00000000","2023-06-26T01:19:25.717Z","buy","taker"
"0.02521000","1096.00000000","2023-06-26T01:04:21.945Z","buy","taker"
"0.02518000","40.00000000","2023-06-26T01:03:23.710Z","sell","maker"
"0.02506000","80.00000000","2023-06-26T01:03:23.710Z","sell","maker"
"0.02506000","80.00000000","2023-06-26T01:03:23.710Z","sell","maker"
"0.02500000","4359.00000000","2023-06-26T01:03:23.710Z","sell","maker"
"0.02520000","209.00000000","2023-06-26T01:03:23.709Z","sell","maker"
"0.02519000","409.00000000","2023-06-26T01:03:23.709Z","sell","maker"
"0.02518000","3337.00000000","2023-06-26T01:03:23.709Z","sell","maker"
"0.02529000","577.00000000","2023-06-26T00:58:58.181Z","sell","maker"
"0.02529000","80.00000000","2023-06-26T00:58:58.181Z","sell","maker"
"0.02531000","661.00000000","2023-06-26T00:58:46.019Z","sell","maker"
"0.02546000","528.00000000","2023-06-26T00:53:26.958Z","buy","taker"
"0.02536000","79.00000000","2023-06-26T00:50:03.105Z","sell","maker"
"0.02538000","269.00000000","2023-06-26T00:50:02.062Z","sell","maker"
"0.02538000","453.00000000","2023-06-26T00:50:02.062Z","sell","maker"
"0.02537000","446.00000000","2023-06-26T00:40:05.725Z","sell","maker"
"0.02553000","18.00000000","2023-06-26T00:36:20.513Z","sell","maker"
"0.02553000","79.00000000","2023-06-26T00:36:20.513Z","sell","maker"
"0.02553000","61.00000000","2023-06-26T00:36:05.791Z","sell","maker"
"0.02556000","4422.00000000","2023-06-26T00:35:29.893Z","sell","maker"
"0.02556000","3255.00000000","2023-06-26T00:35:07.328Z","sell","maker"
"0.02556000","32545.00000000","2023-06-26T00:35:04.507Z","sell","maker"
"0.02556000","1778.00000000","2023-06-26T00:35:02.907Z","sell","maker"
"0.02556000","2848.00000000","2023-06-26T00:34:51.100Z","sell","maker"
"0.02556000","101.00000000","2023-06-26T00:34:39.967Z","sell","maker"
"0.02568000","951.00000000","2023-06-26T00:26:49.412Z","sell","maker"
"0.02557000","2123.00000000","2023-06-26T00:26:49.412Z","sell","maker"
"0.02556000","378.00000000","2023-06-26T00:26:49.412Z","sell","maker"
"0.02570000","5303.00000000","2023-06-26T00:26:49.395Z","sell","maker"
"0.02570000","2636.00000000","2023-06-26T00:26:46.824Z","sell","maker"
"0.02570000","55.00000000","2023-06-26T00:26:46.654Z","sell","maker"
"0.02570000","55.00000000","2023-06-26T00:26:37.593Z","sell","maker"
"0.02570000","21096.00000000","2023-06-26T00:26:30.285Z","sell","maker"
"0.02570000","6247.00000000","2023-06-26T00:26:30.285Z","sell","maker"
"0.02570000","134.00000000","2023-06-26T00:26:28.519Z","sell","maker"
"0.02570000","318.00000000","2023-06-26T00:20:05.150Z","sell","maker"
"0.02570000","64.00000000","2023-06-26T00:19:37.027Z","sell","maker"
"0.02575000","1930.00000000","2023-06-26T00:18:31.397Z","sell","maker"
"0.02575000","184.00000000","2023-06-26T00:18:31.397Z","sell","maker"
"0.02575000","150.00000000","2023-06-26T00:18:31.397Z","sell","maker"
"0.02570000","3388.00000000","2023-06-26T00:18:31.397Z","sell","maker"
"0.02575000","23168.00000000","2023-06-26T00:18:30.370Z","sell","maker"
"0.02575000","23667.00000000","2023-06-26T00:18:29.838Z","sell","maker"
"0.02575000","23631.00000000","2023-06-26T00:18:29.424Z","sell","maker"
"0.02575000","23805.00000000","2023-06-26T00:18:27.625Z","sell","maker"
"0.02575000","23144.00000000","2023-06-26T00:18:27.387Z","sell","maker"
"0.02575000","2290.00000000","2023-06-26T00:18:27.333Z","sell","maker"
"0.02575000","9445.00000000","2023-06-26T00:18:27.061Z","sell","maker"
"0.02575000","12520.00000000","2023-06-26T00:18:27.061Z","sell","maker"
"0.02575000","24082.00000000","2023-06-26T00:18:26.363Z","sell","maker"
"0.02575000","23869.00000000","2023-06-26T00:18:24.137Z","sell","maker"
"0.02575000","24040.00000000","2023-06-26T00:18:23.477Z","sell","maker"
"0.02575000","23483.00000000","2023-06-26T00:18:23.172Z","sell","maker"
"0.02575000","139.00000000","2023-06-26T00:18:14.664Z","sell","maker"
"0.02575000","1385.00000000","2023-06-26T00:18:14.346Z","sell","maker"
"0.02575000","13852.00000000","2023-06-26T00:18:14.065Z","sell","maker"
"0.02575000","24033.00000000","2023-06-26T00:18:13.915Z","sell","maker"
"0.02575000","28475.00000000","2023-06-26T00:18:13.541Z","sell","maker"
"0.02575000","28475.00000000","2023-06-26T00:18:12.954Z","sell","maker"
"0.02575000","2290.00000000","2023-06-26T00:18:11.963Z","sell","maker"
"0.02575000","933.00000000","2023-06-26T00:18:11.796Z","sell","maker"
"0.02575000","9331.00000000","2023-06-26T00:18:11.790Z","sell","maker"
"0.02575000","487.00000000","2023-06-26T00:16:25.321Z","sell","maker"
"0.02575000","9298.00000000","2023-06-26T00:16:25.110Z","sell","maker"
"0.02575000","13754.00000000","2023-06-26T00:16:24.394Z","sell","maker"
"0.02575000","9606.00000000","2023-06-26T00:16:24.326Z","sell","maker"
"0.02575000","58905.00000000","2023-06-26T00:16:23.401Z","sell","maker"
"0.02575000","111467.00000000","2023-06-26T00:16:23.391Z","sell","maker"
"0.02575000","58905.00000000","2023-06-26T00:16:20.674Z","sell","maker"
"0.02575000","37778.00000000","2023-06-26T00:15:09.190Z","sell","maker"
"0.02575000","23908.00000000","2023-06-26T00:13:30.020Z","sell","maker"
"0.02575000","23895.00000000","2023-06-26T00:13:27.964Z","sell","maker"
"0.02575000","23459.00000000","2023-06-26T00:13:27.600Z","sell","maker"
"0.02575000","23964.00000000","2023-06-26T00:13:21.997Z","sell","maker"
"0.02575000","23825.00000000","2023-06-26T00:11:14.363Z","sell","maker"
"0.02575000","259.00000000","2023-06-26T00:11:12.517Z","sell","maker"
"0.02575000","2591.00000000","2023-06-26T00:11:09.923Z","sell","maker"
"0.02575000","25902.00000000","2023-06-26T00:11:06.164Z","sell","maker"
"0.02575000","15425.00000000","2023-06-26T00:11:05.957Z","sell","maker"
"0.02575000","15425.00000000","2023-06-26T00:11:05.383Z","sell","maker"
"0.02575000","58872.00000000","2023-06-26T00:11:05.379Z","sell","maker"
"0.02575000","15425.00000000","2023-06-26T00:11:03.851Z","sell","maker"
"0.02575000","22650.00000000","2023-06-26T00:11:03.847Z","sell","maker"
"0.02575000","16897.00000000","2023-06-26T00:11:03.734Z","sell","maker"
"0.02575000","23343.00000000","2023-06-26T00:11:03.537Z","sell","maker"
"0.02575000","24073.00000000","2023-06-26T00:11:02.301Z","sell","maker"
"0.02575000","15425.00000000","2023-06-26T00:11:02.198Z","sell","maker"
"0.02575000","22650.00000000","2023-06-26T00:11:02.193Z","sell","maker"
"0.02575000","15425.00000000","2023-06-26T00:10:55.772Z","sell","maker"
"0.02575000","23321.00000000","2023-06-26T00:10:54.174Z","sell","maker"
"0.02575000","23003.00000000","2023-06-26T00:10:53.874Z","sell","maker"
"0.02575000","1080.00000000","2023-06-26T00:10:53.874Z","sell","maker"
"0.02579000","129.00000000","2023-06-26T00:04:16.984Z","sell","maker"
"0.02575000","1033.00000000","2023-06-26T00:04:16.984Z","sell","maker"
"0.02579000","12738.00000000","2023-06-26T00:04:16.274Z","sell","maker"
"0.02579000","12133.00000000","2023-06-26T00:04:00.936Z","sell","maker"
"0.02582000","7285.00000000","2023-06-26T00:03:53.273Z","sell","maker"
"0.02582000","31795.00000000","2023-06-26T00:03:38.404Z","sell","maker"
"0.02582000","31795.00000000","2023-06-26T00:03:29.118Z","sell","maker"
"0.02582000","24905.00000000","2023-06-26T00:03:25.468Z","sell","maker"
"0.02601000","88.00000000","2023-06-25T23:53:30.533Z","buy","taker"
"0.02587000","186.00000000","2023-06-25T22:53:32.384Z","sell","maker"
"0.02584000","2828.00000000","2023-06-25T22:49:46.103Z","sell","maker"
"0.02583000","30052.00000000","2023-06-25T22:49:46.103Z","sell","maker"
"0.02602000","24856.00000000","2023-06-25T22:12:31.202Z","buy","taker"
"0.02577000","2552.00000000","2023-06-25T22:11:29.784Z","sell","maker"
"0.02576000","14648.00000000","2023-06-25T22:11:29.784Z","sell","maker"
"0.02602000","144.00000000","2023-06-25T22:07:20.723Z","buy","taker"
"0.02586000","80.00000000","2023-06-25T21:53:25.464Z","sell","maker"
"0.02601000","1977.00000000","2023-06-25T21:28:57.433Z","buy","taker"
"0.02601000","642.00000000","2023-06-25T21:28:34.072Z","buy","taker"
"0.02575000","964.00000000","2023-06-25T21:16:09.379Z","sell","maker"
"0.02595000","327.00000000","2023-06-25T21:08:36.601Z","buy","taker"
"0.02575000","24750.00000000","2023-06-25T20:54:30.147Z","sell","maker"
"0.02590000","117.00000000","2023-06-25T20:53:30.069Z","buy","taker"
"0.02591000","909.00000000","2023-06-25T20:51:13.046Z","buy","taker"
"0.02580000","2793.00000000","2023-06-25T20:50:16.174Z","buy","taker"
"0.02594000","1126.00000000","2023-06-25T20:50:08.761Z","buy","taker"
"0.02580000","33064.00000000","2023-06-25T20:49:19.678Z","sell","maker"
"0.02599000","559.00000000","2023-06-25T20:48:13.668Z","buy","taker"
"0.02580000","1936.00000000","2023-06-25T20:39:00.754Z","sell","maker"
"0.02582000","25000.00000000","2023-06-25T20:18:34.052Z","sell","maker"
"0.02581000","1852.00000000","2023-06-25T19:55:13.217Z","sell","maker"
"0.02610000","166.00000000","2023-06-25T19:53:27.457Z","buy","taker"
"0.02600000","25000.00000000","2023-06-25T19:25:40.852Z","sell","maker"
"0.02601000","257.00000000","2023-06-25T18:53:21.709Z","sell","maker"
"0.02600000","9314.00000000","2023-06-25T18:51:24.110Z","buy","taker"
"0.02600000","45000.00000000","2023-06-25T18:50:49.388Z","buy","taker"
"0.02600000","15686.00000000","2023-06-25T18:50:49.388Z","buy","taker"
"0.02570000","417.00000000","2023-06-25T18:30:04.369Z","sell","maker"
"0.02572000","5864.00000000","2023-06-25T18:23:51.420Z","sell","maker"
"0.02572000","25000.00000000","2023-06-25T18:23:51.420Z","sell","maker"
"0.02573000","9991.00000000","2023-06-25T18:22:10.151Z","sell","maker"
"0.02573000","32.00000000","2023-06-25T18:22:04.980Z","sell","maker"
"0.02573000","399.00000000","2023-06-25T18:22:04.980Z","sell","maker"
"0.02573000","35009.00000000","2023-06-25T18:22:04.980Z","sell","maker"
"0.02573000","240.00000000","2023-06-25T18:20:04.454Z","sell","maker"
"0.02575000","78.00000000","2023-06-25T18:11:36.372Z","sell","maker"
"0.02580000","24901.00000000","2023-06-25T18:04:26.632Z","sell","maker"
"0.02580000","369.00000000","2023-06-25T18:04:26.632Z","sell","maker"
"0.02580000","99.00000000","2023-06-25T18:04:26.107Z","sell","maker"
"0.02591000","25000.00000000","2023-06-25T17:58:53.728Z","buy","taker"
"0.02593000","133.00000000","2023-06-25T17:53:23.673Z","buy","taker"
"0.02595000","24856.00000000","2023-06-25T17:43:31.114Z","sell","maker"
"0.02595000","144.00000000","2023-06-25T17:43:27.178Z","sell","maker"
"0.02603000","74.00000000","2023-06-25T17:42:28.914Z","sell","maker"
"0.02603000","72.00000000","2023-06-25T17:42:20.600Z","sell","maker"
"0.02603000","72.00000000","2023-06-25T17:42:17.946Z","sell","maker"
"0.02603000","145.00000000","2023-06-25T17:42:17.399Z","sell","maker"
"0.02618000","1902.00000000","2023-06-25T17:37:09.624Z","buy","taker"
"0.02619000","39.00000000","2023-06-25T17:25:38.105Z","buy","taker"
"0.02615000","6922.00000000","2023-06-25T17:18:17.595Z","buy","taker"
"0.02615000","2236.00000000","2023-06-25T17:18:17.595Z","buy","taker"
"0.02615000","3721.00000000","2023-06-25T17:17:58.105Z","buy","taker"
"0.02615000","6809.00000000","2023-06-25T17:17:56.660Z","buy","taker"
"0.02615000","1655.00000000","2023-06-25T17:17:47.081Z","buy","taker"
"0.02613000","190.00000000","2023-06-25T17:03:03.417Z","buy","taker"
"0.02606000","1646.00000000","2023-06-25T16:56:20.056Z","buy","taker"
"0.02606000","8273.00000000","2023-06-25T16:56:20.056Z","buy","taker"
"0.02601000","1141.00000000","2023-06-25T16:38:21.875Z","buy","taker"
"0.02601000","1000.00000000","2023-06-25T16:38:21.875Z","buy","taker"
"0.02601000","88.00000000","2023-06-25T16:32:10.323Z","buy","taker"
"0.02601000","351.00000000","2023-06-25T15:53:35.919Z","buy","taker"
"0.02590000","363.00000000","2023-06-25T15:52:43.872Z","sell","maker"
"0.02590000","650.00000000","2023-06-25T15:52:43.872Z","sell","maker"
"0.02590000","658.00000000","2023-06-25T15:52:43.872Z","sell","maker"
"0.02594000","25000.00000000","2023-06-25T15:45:33.334Z","sell","maker"
"0.02594000","91.00000000","2023-06-25T15:33:09.718Z","sell","maker"
"0.02598000","39.00000000","2023-06-25T15:23:12.324Z","sell","maker"
"0.02617000","5727.00000000","2023-06-25T15:10:00.474Z","buy","taker"
"0.02582000","17674.00000000","2023-06-25T15:01:35.117Z","sell","maker"
"0.02581000","14894.00000000","2023-06-25T15:01:35.117Z","sell","maker"
"0.02580000","3331.00000000","2023-06-25T15:01:35.117Z","sell","maker"
"0.02572000","1944.00000000","2023-06-25T15:01:35.117Z","sell","maker"
"0.02572000","19136.00000000","2023-06-25T15:01:35.117Z","sell","maker"
"0.02572000","195.00000000","2023-06-25T14:53:33.723Z","sell","maker"
"0.02611000","948.00000000","2023-06-25T14:38:47.778Z","buy","taker"
"0.02598000","39.00000000","2023-06-25T14:21:12.181Z","buy","taker"
"0.02598000","93.00000000","2023-06-25T14:18:57.269Z","buy","taker"
"0.02568000","1307.00000000","2023-06-25T14:00:03.198Z","sell","maker"
"0.02604000","223.00000000","2023-06-25T13:53:36.576Z","buy","taker"
"0.02558000","466.00000000","2023-06-25T13:48:31.454Z","sell","maker"
"0.02575000","523.00000000","2023-06-25T13:30:14.322Z","buy","taker"
"0.02568000","951.00000000","2023-06-25T13:26:33.195Z","sell","maker"
"0.02569000","132.00000000","2023-06-25T13:26:29.618Z","sell","maker"
"0.02569000","96.00000000","2023-06-25T13:26:29.618Z","sell","maker"
"0.02583000","78.00000000","2023-06-25T13:25:11.046Z","sell","maker"
"0.02585000","235.00000000","2023-06-25T13:25:10.097Z","sell","maker"
"0.02585000","756.00000000","2023-06-25T13:25:10.097Z","sell","maker"
"0.02585000","152.00000000","2023-06-25T13:25:08.291Z","sell","maker"
"0.02594000","2892.00000000","2023-06-25T13:15:51.779Z","sell","maker"
"0.02594000","386.00000000","2023-06-25T13:15:26.123Z","sell","maker"
"0.02603000","469.00000000","2023-06-25T13:15:24.792Z","sell","maker"
"0.02603000","71.00000000","2023-06-25T13:15:01.566Z","sell","maker"
"0.02603000","126.00000000","2023-06-25T13:14:59.974Z","sell","maker"
"0.02618000","150.00000000","2023-06-25T12:53:33.375Z","sell","maker"
"0.02626000","96.00000000","2023-06-25T12:27:15.208Z","sell","maker"
"0.02618000","61.00000000","2023-06-25T12:20:57.445Z","sell","maker"
"0.02618000","100.00000000","2023-06-25T12:20:04.818Z","sell","maker"
"0.02618000","104.00000000","2023-06-25T12:20:04.818Z","sell","maker"
"0.02655000","116.00000000","2023-06-25T12:09:14.368Z","buy","taker"
"0.02650000","3773.00000000","2023-06-25T11:56:36.923Z","buy","taker"
"0.02626000","62.00000000","2023-06-25T11:08:21.774Z","buy","taker"
"0.02638000","116.00000000","2023-06-25T10:53:36.923Z","buy","taker"
"0.02613000","451.00000000","2023-06-25T10:33:24.069Z","sell","maker"
"0.02618000","58.00000000","2023-06-25T10:16:12.324Z","sell","maker"
"0.02652000","78.00000000","2023-06-25T09:53:30.965Z","buy","taker"
"0.02618000","318.00000000","2023-06-25T08:53:30.832Z","sell","maker"
"0.02618000","103.00000000","2023-06-25T08:53:30.832Z","sell","maker"
"0.02625000","757.00000000","2023-06-25T07:53:40.860Z","buy","taker"
"0.02601000","71.00000000","2023-06-25T07:32:20.265Z","sell","maker"
"0.02601000","143.00000000","2023-06-25T07:32:16.546Z","sell","maker"
"0.02600000","3964.00000000","2023-06-25T07:09:08.739Z","buy","taker"
"0.02600000","64.00000000","2023-06-25T07:09:08.739Z","buy","taker"
"0.02600000","64.00000000","2023-06-25T07:09:08.739Z","buy","taker"
"0.02600000","8985.00000000","2023-06-25T07:09:08.739Z","buy","taker"
"0.02615000","36617.00000000","2023-06-25T07:09:08.734Z","sell","maker"
"0.02608000","77.00000000","2023-06-25T07:09:08.734Z","sell","maker"
"0.02600000","77.00000000","2023-06-25T07:09:08.734Z","sell","maker"
"0.02600000","77.00000000","2023-06-25T07:09:08.734Z","sell","maker"
"0.02630000","11789.00000000","2023-06-25T07:07:33.823Z","sell","maker"
"0.02630000","1198.00000000","2023-06-25T07:06:21.996Z","sell","maker"
"0.02630000","12013.00000000","2023-06-25T07:06:14.669Z","sell","maker"