"price","volume","time","side","orderType"
"1.68400000","1.92000000","2024-06-14T23:08:12.154Z","sell","maker"
"1.67770000","3.52000000","2024-06-14T23:08:12.154Z","sell","maker"
"1.72560000","1.25000000","2024-06-14T22:58:53.695Z","buy","taker"
"1.72270000","1.92000000","2024-06-14T22:08:29.092Z","buy","taker"
"1.72560000","1.04000000","2024-06-14T22:08:29.092Z","buy","taker"
"1.70430000","9.78000000","2024-06-14T21:36:14.091Z","buy","taker"
"1.70100000","33.99000000","2024-06-14T21:35:49.698Z","buy","taker"
"1.69900000","47.62000000","2024-06-14T21:19:18.203Z","sell","maker"
"1.68280000","25.95000000","2024-06-14T21:19:18.184Z","buy","taker"
"1.69980000","1.21000000","2024-06-14T21:08:10.042Z","buy","taker"
"1.70070000","3.75000000","2024-06-14T20:08:11.986Z","buy","taker"
"1.70080000","9.74000000","2024-06-14T19:08:16.913Z","buy","taker"
"1.70030000","8.07000000","2024-06-14T18:58:55.549Z","buy","taker"
"1.67530000","33.99000000","2024-06-14T18:31:53.269Z","buy","taker"
"1.67870000","9.78000000","2024-06-14T18:31:53.269Z","buy","taker"
"1.67870000","5.57000000","2024-06-14T18:31:53.269Z","buy","taker"
"1.66280000","34.77000000","2024-06-14T18:23:09.135Z","sell","maker"
"1.66600000","10.00000000","2024-06-14T18:22:29.939Z","sell","maker"
"1.72180000","3.14000000","2024-06-14T18:08:19.646Z","buy","taker"
"1.71960000","0.93000000","2024-06-14T17:59:21.474Z","buy","taker"
"1.70100000","3.63000000","2024-06-14T17:12:43.702Z","buy","taker"
"1.70100000","21.81000000","2024-06-14T17:12:19.934Z","buy","taker"
"1.70100000","8.55000000","2024-06-14T17:08:31.742Z","buy","taker"
"1.66720000","2.97000000","2024-06-14T17:06:53.490Z","sell","maker"
"1.70500000","50.00000000","2024-06-14T17:02:56.042Z","sell","maker"
"1.70430000","9.78000000","2024-06-14T16:36:56.867Z","buy","taker"
"1.68400000","1.92000000","2024-06-14T16:35:36.452Z","sell","maker"
"1.67850000","7.31000000","2024-06-14T16:35:36.452Z","sell","maker"
"1.72300000","58.03000000","2024-06-14T16:16:19.181Z","buy","taker"
"1.72200000","20.42000000","2024-06-14T16:13:31.759Z","buy","taker"
"1.72270000","1.92000000","2024-06-14T16:11:41.618Z","buy","taker"
"1.72290000","31.84000000","2024-06-14T16:11:41.618Z","buy","taker"
"1.65920000","182.96000000","2024-06-14T16:10:07.957Z","sell","maker"
"1.68400000","1.92000000","2024-06-14T16:08:43.960Z","sell","maker"
"1.68400000","57.59000000","2024-06-14T16:08:43.960Z","sell","maker"
"1.69210000","41.37000000","2024-06-14T16:08:40.082Z","sell","maker"
"1.69210000","10.22000000","2024-06-14T16:08:33.501Z","sell","maker"
"1.70940000","1.89000000","2024-06-14T16:08:30.032Z","sell","maker"
"1.70000000","14.70000000","2024-06-14T16:08:30.032Z","sell","maker"
"1.73620000","9.35000000","2024-06-14T16:08:21.629Z","buy","taker"
"1.71000000","60.21000000","2024-06-14T16:08:15.137Z","sell","maker"
"1.72000000","1.00000000","2024-06-14T16:08:09.302Z","sell","maker"
"1.71280000","22.33000000","2024-06-14T16:08:09.302Z","sell","maker"
"1.71280000","56.81000000","2024-06-14T16:08:09.302Z","sell","maker"
"1.72370000","159.34000000","2024-06-14T16:07:57.606Z","sell","maker"
"1.74000000","1.00000000","2024-06-14T16:07:50.802Z","sell","maker"
"1.73520000","1.87000000","2024-06-14T16:07:50.802Z","sell","maker"
"1.72570000","10.02000000","2024-06-14T16:07:50.802Z","sell","maker"
"1.74660000","58.51000000","2024-06-14T15:46:01.287Z","sell","maker"
"1.75000000","209.88000000","2024-06-14T15:44:56.931Z","sell","maker"
"1.75000000","18.76000000","2024-06-14T15:44:56.931Z","sell","maker"
"1.75000000","366.79000000","2024-06-14T15:44:56.871Z","sell","maker"
"1.75000000","303.49000000","2024-06-14T15:44:56.817Z","sell","maker"
"1.75000000","10.00000000","2024-06-14T15:44:56.817Z","sell","maker"
"1.75050000","150.18000000","2024-06-14T15:44:50.235Z","sell","maker"
"1.75030000","1.00000000","2024-06-14T15:44:50.235Z","sell","maker"
"1.76330000","155.77000000","2024-06-14T15:32:25.954Z","buy","taker"
"1.75050000","9.16000000","2024-06-14T15:08:14.558Z","sell","maker"
"1.75790000","55.12000000","2024-06-14T14:32:48.590Z","sell","maker"
"1.76140000","1.84000000","2024-06-14T14:32:46.022Z","sell","maker"
"1.76010000","9.82000000","2024-06-14T14:32:46.022Z","sell","maker"
"1.76000000","1.00000000","2024-06-14T14:32:46.022Z","sell","maker"
"1.76260000","42.72000000","2024-06-14T14:32:32.360Z","sell","maker"
"1.76420000","22.88000000","2024-06-14T14:31:57.907Z","sell","maker"
"1.78040000","1.36000000","2024-06-14T14:28:23.191Z","buy","taker"
"1.76720000","34.77000000","2024-06-14T14:27:42.823Z","sell","maker"
"1.77000000","15.00000000","2024-06-14T14:27:26.138Z","sell","maker"
"1.77000000","10.00000000","2024-06-14T14:27:26.138Z","sell","maker"
"1.77000000","1.00000000","2024-06-14T14:27:26.138Z","sell","maker"
"1.81360000","22.44000000","2024-06-14T14:08:31.344Z","buy","taker"
"1.77280000","7.66000000","2024-06-14T13:08:17.420Z","sell","maker"
"1.81680000","1.29000000","2024-06-14T12:08:16.356Z","buy","taker"
"1.81310000","4.28000000","2024-06-14T11:08:09.297Z","buy","taker"
"1.78120000","9.08000000","2024-06-14T10:21:41.783Z","sell","maker"
"1.77110000","16.22000000","2024-06-14T10:08:18.193Z","sell","maker"
"1.81000000","13.81000000","2024-06-14T09:56:16.261Z","buy","taker"
"1.81000000","1.00000000","2024-06-14T09:08:18.101Z","buy","taker"
"1.81450000","7.21000000","2024-06-14T09:08:18.101Z","buy","taker"
"1.77670000","6.50000000","2024-06-14T08:19:34.631Z","sell","maker"
"1.77660000","0.65000000","2024-06-14T08:19:34.631Z","sell","maker"
"1.80980000","3.24000000","2024-06-14T08:08:33.019Z","buy","taker"
"1.80470000","5.54000000","2024-06-14T07:33:58.149Z","buy","taker"
"1.77010000","17.79000000","2024-06-14T07:08:23.931Z","sell","maker"
"1.80980000","2.73000000","2024-06-14T06:59:02.433Z","buy","taker"
"1.80030000","7.01000000","2024-06-14T06:08:23.880Z","buy","taker"
"1.80030000","6.23000000","2024-06-14T06:08:23.880Z","buy","taker"
"1.80030000","78.16000000","2024-06-14T06:07:17.601Z","buy","taker"
"1.77010000","7.01000000","2024-06-14T05:08:11.794Z","sell","maker"
"1.79870000","27.76000000","2024-06-14T05:01:58.170Z","buy","taker"
"1.79870000","114.93000000","2024-06-14T04:29:00.038Z","buy","taker"
"1.79870000","35.07000000","2024-06-14T04:29:00.038Z","buy","taker"
"1.79870000","15.46000000","2024-06-14T04:08:14.681Z","buy","taker"
"1.77090000","10.05000000","2024-06-14T03:50:22.348Z","sell","maker"
"1.77090000","0.80000000","2024-06-14T03:50:22.348Z","sell","maker"
"1.78000000","1.00000000","2024-06-14T03:08:14.622Z","sell","maker"
"1.77210000","10.77000000","2024-06-14T03:08:14.622Z","sell","maker"
"1.80980000","2.70000000","2024-06-14T02:59:31.296Z","buy","taker"
"1.80980000","33.16000000","2024-06-14T02:08:20.381Z","buy","taker"
"1.77840000","5.35000000","2024-06-14T01:08:17.430Z","sell","maker"
"1.77270000","5.15000000","2024-06-14T01:08:17.430Z","sell","maker"
"1.77270000","4.27000000","2024-06-14T01:08:17.430Z","sell","maker"
"1.77270000","13.70000000","2024-06-14T01:08:17.430Z","sell","maker"
"1.81600000","5.50000000","2024-06-14T00:42:50.215Z","buy","taker"
"1.81570000","4.00000000","2024-06-14T00:32:58.972Z","buy","taker"
"1.81560000","13.76000000","2024-06-14T00:28:26.930Z","buy","taker"
"1.81470000","3.50000000","2024-06-14T00:26:04.676Z","buy","taker"
"1.81580000","9.00000000","2024-06-14T00:21:27.003Z","buy","taker"
"1.81590000","22.94000000","2024-06-14T00:08:22.366Z","buy","taker"
"1.81560000","1.00000000","2024-06-13T23:25:37.108Z","buy","taker"
"1.77280000","28.36000000","2024-06-13T23:08:17.278Z","sell","maker"
"1.81600000","16.64000000","2024-06-13T22:08:29.195Z","buy","taker"
"1.77280000","13.27000000","2024-06-13T21:16:03.775Z","sell","maker"
"1.81530000","14.01000000","2024-06-13T21:12:01.867Z","buy","taker"
"1.77280000","6.84000000","2024-06-13T21:08:14.974Z","sell","maker"
"1.81100000","5.29000000","2024-06-13T20:08:13.067Z","buy","taker"
"1.80500000","143.72000000","2024-06-13T19:33:09.581Z","sell","maker"
"1.80500000","4.76000000","2024-06-13T19:08:07.985Z","sell","maker"
"1.80500000","0.96000000","2024-06-13T18:58:54.672Z","sell","maker"
"1.81110000","100.00000000","2024-06-13T17:41:51.625Z","buy","taker"
"1.81000000","0.68000000","2024-06-13T17:40:51.952Z","sell","maker"
"1.79070000","155.77000000","2024-06-13T16:14:30.669Z","buy","taker"
"1.79070000","134.30000000","2024-06-13T16:14:30.669Z","buy","taker"
"1.79060000","8.57000000","2024-06-13T16:08:24.731Z","buy","taker"
"1.79060000","0.68000000","2024-06-13T16:05:27.689Z","buy","taker"
"1.77510000","8.65000000","2024-06-13T16:03:52.520Z","sell","maker"
"1.78260000","5.60000000","2024-06-13T16:03:42.388Z","sell","maker"
"1.77790000","20.62000000","2024-06-13T16:03:42.388Z","sell","maker"
"1.80000000","154.79000000","2024-06-13T15:54:07.684Z","sell","maker"
"1.78800000","1.81000000","2024-06-13T15:54:07.684Z","sell","maker"
"1.80000000","325.24000000","2024-06-13T15:54:07.584Z","sell","maker"
"1.81430000","0.68000000","2024-06-13T15:52:51.219Z","buy","taker"
"1.79510000","9.63000000","2024-06-13T15:39:50.129Z","sell","maker"
"1.83080000","0.16000000","2024-06-13T15:08:19.674Z","buy","taker"
"1.83530000","16.85000000","2024-06-13T15:08:19.674Z","buy","taker"
"1.83080000","0.61000000","2024-06-13T14:59:22.343Z","buy","taker"
"1.83080000","8.86000000","2024-06-13T14:59:05.198Z","buy","taker"
"1.81070000","9.10000000","2024-06-13T14:33:05.981Z","buy","taker"
"1.81070000","0.68000000","2024-06-13T14:33:02.435Z","buy","taker"
"1.79070000","259.04000000","2024-06-13T14:32:05.315Z","sell","maker"
"1.79060000","11.14000000","2024-06-13T14:32:05.315Z","sell","maker"
"1.79040000","16.45000000","2024-06-13T14:32:05.315Z","sell","maker"
"1.78970000","92.38000000","2024-06-13T14:32:05.315Z","sell","maker"
"1.79460000","228.65000000","2024-06-13T14:31:50.260Z","sell","maker"
"1.79450000","11.70000000","2024-06-13T14:31:50.260Z","sell","maker"
"1.79430000","34.77000000","2024-06-13T14:31:50.260Z","sell","maker"
"1.79060000","103.89000000","2024-06-13T14:31:50.260Z","sell","maker"
"1.79460000","252.67000000","2024-06-13T14:31:46.432Z","sell","maker"
"1.79460000","270.22000000","2024-06-13T14:31:42.693Z","sell","maker"
"1.79450000","39.01000000","2024-06-13T14:31:42.693Z","sell","maker"
"1.79440000","27.67000000","2024-06-13T14:31:42.693Z","sell","maker"
"1.80010000","282.14000000","2024-06-13T14:31:38.802Z","sell","maker"
"1.80000000","13.88000000","2024-06-13T14:31:38.802Z","sell","maker"
"1.79700000","10.00000000","2024-06-13T14:31:38.802Z","sell","maker"
"1.79510000","9.63000000","2024-06-13T14:31:38.802Z","sell","maker"
"1.79440000","133.55000000","2024-06-13T14:31:38.802Z","sell","maker"
"1.80010000","140.59000000","2024-06-13T14:31:32.783Z","sell","maker"
"1.80010000","142.02000000","2024-06-13T14:31:29.453Z","sell","maker"
"1.80210000","84.77000000","2024-06-13T14:31:25.164Z","sell","maker"
"1.80200000","49.11000000","2024-06-13T14:31:25.164Z","sell","maker"
"1.80010000","150.15000000","2024-06-13T14:31:25.164Z","sell","maker"
"1.80210000","189.36000000","2024-06-13T14:31:21.348Z","sell","maker"
"1.80560000","220.52000000","2024-06-13T14:31:17.758Z","sell","maker"
"1.80550000","20.03000000","2024-06-13T14:31:17.758Z","sell","maker"
"1.80550000","9.04000000","2024-06-13T14:31:17.758Z","sell","maker"
"1.80200000","2.89000000","2024-06-13T14:31:17.758Z","sell","maker"
"1.80550000","251.35000000","2024-06-13T14:31:09.647Z","sell","maker"
"1.80540000","26.15000000","2024-06-13T14:31:09.647Z","sell","maker"
"1.80210000","59.13000000","2024-06-13T14:31:09.647Z","sell","maker"
"1.81960000","5.38000000","2024-06-13T14:31:05.822Z","sell","maker"
"1.81960000","53.65000000","2024-06-13T14:31:05.822Z","sell","maker"
"1.81950000","3.75000000","2024-06-13T14:31:05.822Z","sell","maker"
"1.81500000","1.78000000","2024-06-13T14:31:05.822Z","sell","maker"
"1.80550000","251.08000000","2024-06-13T14:31:05.822Z","sell","maker"
"1.80540000","133.20000000","2024-06-13T14:31:05.822Z","sell","maker"
"1.81980000","3.36000000","2024-06-13T14:08:21.567Z","sell","maker"
"1.86360000","5.36000000","2024-06-13T13:16:29.032Z","buy","taker"
"1.86230000","16.64000000","2024-06-13T13:08:22.516Z","buy","taker"
"1.82440000","10.00000000","2024-06-13T12:59:13.821Z","sell","maker"
"1.82440000","53.55000000","2024-06-13T12:59:13.821Z","sell","maker"
"1.82440000","15.01000000","2024-06-13T12:59:13.821Z","sell","maker"
"1.82180000","34.69000000","2024-06-13T12:59:13.821Z","sell","maker"
"1.82180000","9.17000000","2024-06-13T12:59:13.821Z","sell","maker"
"1.83080000","9.44000000","2024-06-13T12:53:54.569Z","sell","maker"
"1.83350000","5.97000000","2024-06-13T12:53:05.320Z","sell","maker"
"1.83350000","153.37000000","2024-06-13T12:52:47.187Z","sell","maker"
"1.84240000","1.76000000","2024-06-13T12:08:14.416Z","sell","maker"
"1.83790000","4.52000000","2024-06-13T12:08:14.416Z","sell","maker"
"1.83790000","12.67000000","2024-06-13T12:08:14.416Z","sell","maker"
"1.88470000","1.76000000","2024-06-13T10:08:25.301Z","buy","taker"
"1.89180000","13.60000000","2024-06-13T10:08:25.301Z","buy","taker"
"1.87540000","4.47000000","2024-06-13T10:08:19.306Z","buy","taker"
"1.83360000","16.33000000","2024-06-13T09:21:47.245Z","sell","maker"
"1.83360000","7.98000000","2024-06-13T09:08:23.114Z","sell","maker"
"1.83360000","21.57000000","2024-06-13T09:08:23.114Z","sell","maker"
"1.84240000","1.76000000","2024-06-13T08:26:52.146Z","sell","maker"
"1.83390000","5.38000000","2024-06-13T08:26:52.146Z","sell","maker"
"1.89200000","28.97000000","2024-06-13T08:08:22.180Z","buy","taker"
"1.88470000","1.76000000","2024-06-13T08:08:21.167Z","buy","taker"
"1.84240000","0.37000000","2024-06-13T07:19:47.083Z","sell","maker"
"1.83440000","34.06000000","2024-06-13T07:19:47.083Z","sell","maker"
"1.84240000","1.39000000","2024-06-13T07:08:21.086Z","sell","maker"
"1.84960000","2.79000000","2024-06-13T06:08:21.989Z","sell","maker"
"1.84260000","13.50000000","2024-06-13T06:08:21.989Z","sell","maker"
"1.88870000","2.76000000","2024-06-13T05:08:42.911Z","buy","taker"
"1.89170000","22.21000000","2024-06-13T05:08:42.911Z","buy","taker"
"1.89200000","5.28000000","2024-06-13T04:23:59.275Z","buy","taker"
"1.84980000","35.31000000","2024-06-13T03:18:47.640Z","sell","maker"
"1.85220000","10.30000000","2024-06-13T03:18:39.910Z","sell","maker"
"1.85220000","21.33000000","2024-06-13T03:18:39.910Z","sell","maker"
"1.89610000","15.53000000","2024-06-13T03:08:42.769Z","buy","taker"
"1.87020000","1.73000000","2024-06-13T03:01:38.193Z","sell","maker"
"1.86720000","9.26000000","2024-06-13T03:01:38.193Z","sell","maker"
"1.86720000","19.45000000","2024-06-13T03:01:38.193Z","sell","maker"
"1.87820000","34.78000000","2024-06-13T02:49:46.435Z","sell","maker"
"1.88040000","10.03000000","2024-06-13T02:49:21.506Z","sell","maker"
"1.88760000","4.43000000","2024-06-13T02:08:17.681Z","sell","maker"
"1.88750000","0.78000000","2024-06-13T02:08:17.681Z","sell","maker"
"1.88750000","29.95000000","2024-06-13T02:08:17.681Z","sell","maker"
"1.92680000","4.38000000","2024-06-13T01:08:33.481Z","buy","taker"
"1.93410000","15.42000000","2024-06-13T01:08:33.481Z","buy","taker"
"1.92480000","0.77000000","2024-06-12T23:48:00.539Z","buy","taker"
"1.88090000","3.30000000","2024-06-12T22:08:20.397Z","sell","maker"
"1.93430000","23.98000000","2024-06-12T21:08:20.132Z","buy","taker"
"1.88090000","7.33000000","2024-06-12T20:08:24.214Z","sell","maker"
"1.93340000","0.77000000","2024-06-12T19:52:34.253Z","buy","taker"
"1.89840000","1.70000000","2024-06-12T19:51:28.049Z","sell","maker"
"1.89100000","159.34000000","2024-06-12T19:51:28.049Z","sell","maker"
"1.90440000","9.08000000","2024-06-12T19:47:18.629Z","sell","maker"
"1.90910000","0.73000000","2024-06-12T19:46:07.544Z","sell","maker"
"1.90700000","34.69000000","2024-06-12T19:46:07.544Z","sell","maker"
"1.96050000","0.76000000","2024-06-12T18:57:28.695Z","buy","taker"
"1.90910000","9.27000000","2024-06-12T18:56:30.786Z","sell","maker"
"1.95990000","2.32000000","2024-06-12T18:08:45.099Z","buy","taker"
"1.96600000","0.76000000","2024-06-12T18:07:43.908Z","buy","taker"
"1.92650000","3.26000000","2024-06-12T18:00:40.292Z","sell","maker"
"1.92650000","8.96000000","2024-06-12T18:00:40.292Z","sell","maker"
"1.92630000","10.91000000","2024-06-12T18:00:40.292Z","sell","maker"
"1.92610000","36.34000000","2024-06-12T18:00:40.292Z","sell","maker"
"1.92580000","0.77000000","2024-06-12T18:00:40.292Z","sell","maker"
"1.95000000","189.11000000","2024-06-12T18:00:18.096Z","sell","maker"
"1.95000000","272.47000000","2024-06-12T18:00:18.038Z","sell","maker"
"1.96510000","0.76000000","2024-06-12T17:09:38.470Z","buy","taker"
"1.92580000","0.77000000","2024-06-12T17:08:20.968Z","sell","maker"
"1.91730000","2.50000000","2024-06-12T17:08:20.968Z","sell","maker"
"1.96510000","0.76000000","2024-06-12T16:53:22.952Z","buy","taker"
"1.91310000","50.29000000","2024-06-12T16:52:43.184Z","sell","maker"
"1.96800000","2.47000000","2024-06-12T16:08:16.890Z","buy","taker"
"1.96800000","0.76000000","2024-06-12T15:40:23.645Z","buy","taker"
"1.95300000","9.78000000","2024-06-12T15:34:19.999Z","buy","taker"
"1.95090000","1.73000000","2024-06-12T15:34:15.673Z","sell","maker"
"1.95090000","9.78000000","2024-06-12T15:34:15.593Z","sell","maker"
"1.95080000","4.98000000","2024-06-12T15:34:14.683Z","buy","taker"
"1.92960000","33.99000000","2024-06-12T15:34:14.435Z","sell","maker"
"1.95080000","4.25000000","2024-06-12T15:34:13.101Z","buy","taker"
"1.94200000","1.70000000","2024-06-12T15:34:11.492Z","buy","taker"
"1.95080000","5.23000000","2024-06-12T15:34:11.492Z","buy","taker"
"1.92960000","33.99000000","2024-06-12T15:34:10.616Z","sell","maker"
"1.92960000","9.78000000","2024-06-12T15:34:10.560Z","sell","maker"
"1.95080000","15.69000000","2024-06-12T15:34:07.838Z","buy","taker"
"1.93440000","155.77000000","2024-06-12T15:34:07.103Z","buy","taker"
"1.95080000","3.84000000","2024-06-12T15:34:06.721Z","buy","taker"
"1.92960000","44.84000000","2024-06-12T15:34:05.771Z","sell","maker"
"1.92920000","9.26000000","2024-06-12T15:33:53.079Z","sell","maker"
"1.94230000","9.08000000","2024-06-12T15:33:52.733Z","buy","taker"
"1.94870000","154.72000000","2024-06-12T15:33:50.611Z","buy","taker"
"1.98070000","913.71000000","2024-06-12T15:33:50.359Z","sell","maker"
"1.93900000","332.44000000","2024-06-12T15:33:50.359Z","sell","maker"
"1.93900000","50.48000000","2024-06-12T15:33:50.359Z","sell","maker"
"1.93890000","267.82000000","2024-06-12T15:33:50.359Z","sell","maker"
"1.93840000","154.72000000","2024-06-12T15:33:50.359Z","sell","maker"
"1.93720000","19.42000000","2024-06-12T15:33:50.359Z","sell","maker"
"1.92710000","1.68000000","2024-06-12T15:33:50.359Z","sell","maker"
"1.90910000","10.00000000","2024-06-12T15:33:50.359Z","sell","maker"
"1.90700000","34.69000000","2024-06-12T15:33:50.359Z","sell","maker"
"1.90440000","9.08000000","2024-06-12T15:33:50.359Z","sell","maker"
"1.89840000","1.70000000","2024-06-12T15:33:50.359Z","sell","maker"
"1.89100000","159.34000000","2024-06-12T15:33:50.359Z","sell","maker"
"1.88040000","10.00000000","2024-06-12T15:33:50.359Z","sell","maker"
"1.88000000","20.91000000","2024-06-12T15:33:50.359Z","sell","maker"
"1.87820000","34.68000000","2024-06-12T15:33:50.359Z","sell","maker"
"1.87020000","1.73000000","2024-06-12T15:33:50.359Z","sell","maker"
"1.86720000","9.26000000","2024-06-12T15:33:50.359Z","sell","maker"
"1.85220000","10.00000000","2024-06-12T15:33:50.359Z","sell","maker"
"1.85010000","32.39000000","2024-06-12T15:33:50.359Z","sell","maker"
"1.85000000","540.54000000","2024-06-12T15:33:50.359Z","sell","maker"
"1.84980000","34.68000000","2024-06-12T15:33:50.359Z","sell","maker"
"1.98070000","12.22000000","2024-06-12T15:33:42.188Z","sell","maker"
"1.98070000","7.28000000","2024-06-12T15:33:28.138Z","sell","maker"
"1.98070000","12.73000000","2024-06-12T15:33:22.561Z","sell","maker"
"1.98070000","2443.29000000","2024-06-12T15:33:16.833Z","sell","maker"
"1.98070000","31.82000000","2024-06-12T15:33:15.168Z","sell","maker"
"1.98070000","31.82000000","2024-06-12T15:33:12.413Z","sell","maker"
"1.98070000","29.78000000","2024-06-12T15:33:02.152Z","buy","taker"
"1.98070000","111.83000000","2024-06-12T15:33:02.152Z","buy","taker"
"1.98070000","6.40000000","2024-06-12T15:08:54.843Z","buy","taker"
"1.98070000","18.92000000","2024-06-12T15:08:43.487Z","buy","taker"
"1.97140000","1.68000000","2024-06-12T15:08:34.831Z","buy","taker"
"1.94650000","2.38000000","2024-06-12T14:59:02.509Z","sell","maker"
"1.93770000","11.24000000","2024-06-12T14:08:18.713Z","sell","maker"
"1.93790000","19.75000000","2024-06-12T13:52:02.649Z","sell","maker"
"1.93730000","7.52000000","2024-06-12T13:14:55.757Z","sell","maker"
"1.97010000","15.24000000","2024-06-12T13:14:47.104Z","sell","maker"
"1.97010000","3.84000000","2024-06-12T13:10:05.718Z","sell","maker"
"1.96810000","19.38000000","2024-06-12T13:09:50.599Z","buy","taker"
"1.93660000","3.35000000","2024-06-12T13:08:17.513Z","sell","maker"
"1.93650000","7.41000000","2024-06-12T13:08:17.513Z","sell","maker"
"1.95360000","1.02000000","2024-06-12T13:08:11.657Z","sell","maker"
"1.95360000","3.73000000","2024-06-12T13:08:08.643Z","sell","maker"
"1.95360000","0.66000000","2024-06-12T13:05:24.573Z","sell","maker"
"1.95360000","1.36000000","2024-06-12T13:02:18.455Z","sell","maker"
"1.95080000","2.70000000","2024-06-12T13:02:11.344Z","buy","taker"
"1.95300000","9.78000000","2024-06-12T13:02:11.344Z","buy","taker"
"1.94200000","1.70000000","2024-06-12T13:01:58.380Z","buy","taker"
"1.94230000","9.08000000","2024-06-12T13:01:58.380Z","buy","taker"
"1.93520000","5.61000000","2024-06-12T13:00:08.536Z","buy","taker"
"1.90840000","17.62000000","2024-06-12T12:57:14.266Z","sell","maker"
"1.90770000","0.80000000","2024-06-12T12:46:31.020Z","sell","maker"
"1.93520000","14.14000000","2024-06-12T12:46:30.623Z","buy","taker"
"1.90770000","0.80000000","2024-06-12T12:46:30.405Z","sell","maker"
"1.90770000","0.80000000","2024-06-12T12:46:29.900Z","sell","maker"
"1.90770000","0.80000000","2024-06-12T12:46:29.402Z","sell","maker"
"1.90770000","0.79000000","2024-06-12T12:46:28.304Z","sell","maker"
"1.90780000","0.80000000","2024-06-12T12:46:27.771Z","sell","maker"
"1.90780000","0.80000000","2024-06-12T12:46:27.253Z","sell","maker"
"1.90780000","0.80000000","2024-06-12T12:46:26.981Z","sell","maker"
"1.90750000","0.80000000","2024-06-12T12:46:26.241Z","sell","maker"
"1.93440000","3.84000000","2024-06-12T12:46:05.735Z","sell","maker"
"1.93440000","7.45000000","2024-06-12T12:45:57.720Z","buy","taker"
"1.93440000","25.47000000","2024-06-12T12:45:41.752Z","buy","taker"
"1.93440000","25.46000000","2024-06-12T12:45:31.890Z","buy","taker"
"1.93440000","53.18000000","2024-06-12T12:45:28.698Z","buy","taker"
"1.93440000","25.46000000","2024-06-12T12:43:39.863Z","buy","taker"
"1.90490000","1.70000000","2024-06-12T12:43:05.769Z","sell","maker"
"1.92360000","0.66000000","2024-06-12T12:37:56.668Z","buy","taker"
"1.93440000","18.75000000","2024-06-12T12:37:56.668Z","buy","taker"
"1.92130000","33.99000000","2024-06-12T12:37:46.006Z","buy","taker"
"1.91320000","1.73000000","2024-06-12T12:37:41.246Z","buy","taker"
"1.91900000","19.91000000","2024-06-12T12:37:41.246Z","buy","taker"
"1.89050000","0.68000000","2024-06-12T12:36:29.534Z","sell","maker"
"1.91310000","9.28000000","2024-06-12T12:34:54.145Z","buy","taker"
"1.91310000","11.40000000","2024-06-12T12:34:51.019Z","buy","taker"
"1.90440000","9.26000000","2024-06-12T12:34:05.814Z","buy","taker"
"1.87960000","2.48000000","2024-06-12T12:34:05.450Z","sell","maker"
"1.90280000","20.06000000","2024-06-12T12:34:00.011Z","buy","taker"
"1.89480000","9.78000000","2024-06-12T12:31:12.993Z","buy","taker"
"1.88470000","1.76000000","2024-06-12T12:31:10.021Z","buy","taker"
"1.88690000","20.30000000","2024-06-12T12:31:10.021Z","buy","taker"
"1.89230000","4.36000000","2024-06-12T12:31:10.021Z","buy","taker"
"1.87560000","147.91000000","2024-06-12T12:30:25.579Z","buy","taker"
"1.87170000","7.89000000","2024-06-12T12:30:24.651Z","buy","taker"
"1.87560000","0.79000000","2024-06-12T11:55:48.121Z","buy","taker"
"1.87100000","22.37000000","2024-06-12T11:53:46.073Z","sell","maker"
"1.87560000","2.66000000","2024-06-12T11:28:54.370Z","buy","taker"
"1.87100000","20.50000000","2024-06-12T11:21:40.978Z","sell","maker"
"1.87100000","1.28000000","2024-06-12T11:08:08.268Z","sell","maker"
"1.87100000","22.13000000","2024-06-12T11:08:08.268Z","sell","maker"
"1.87100000","18.72000000","2024-06-12T10:45:29.177Z","buy","taker"
"1.87100000","0.80000000","2024-06-12T10:43:54.810Z","buy","taker"
"1.87090000","9.67000000","2024-06-12T10:43:49.185Z","sell","maker"
"1.87090000","6.87000000","2024-06-12T10:43:31.610Z","buy","taker"
"1.87090000","0.80000000","2024-06-12T10:41:58.039Z","buy","taker"
"1.87090000","0.80000000","2024-06-12T10:39:56.588Z","buy","taker"
"1.87090000","0.80000000","2024-06-12T10:37:53.780Z","buy","taker"
"1.87090000","0.80000000","2024-06-12T10:35:51.552Z","buy","taker"
"1.87090000","0.80000000","2024-06-12T10:33:53.754Z","buy","taker"
"1.87090000","0.80000000","2024-06-12T10:31:50.867Z","buy","taker"
"1.87090000","0.80000000","2024-06-12T10:29:52.062Z","buy","taker"
"1.87090000","3.76000000","2024-06-12T10:27:49.134Z","buy","taker"
"1.83190000","12.03000000","2024-06-12T10:23:53.605Z","sell","maker"
"1.86720000","7.48000000","2024-06-12T10:08:52.346Z","buy","taker"
"1.87100000","1.01000000","2024-06-12T10:08:52.346Z","buy","taker"
"1.86630000","2.29000000","2024-06-12T10:08:21.339Z","buy","taker"
"1.86370000","0.82000000","2024-06-12T10:08:18.366Z","buy","taker"
"1.86630000","7.49000000","2024-06-12T10:08:18.366Z","buy","taker"
"1.85930000","5.31000000","2024-06-12T09:14:40.693Z","buy","taker"
"1.86370000","2.75000000","2024-06-12T09:14:40.693Z","buy","taker"
"1.86370000","1.53000000","2024-06-12T08:10:58.259Z","buy","taker"
"1.86370000","28.89000000","2024-06-12T08:10:55.153Z","buy","taker"
"1.82630000","4.43000000","2024-06-12T08:08:52.226Z","sell","maker"
"1.81960000","14.84000000","2024-06-12T08:08:52.226Z","sell","maker"
"1.82660000","0.98000000","2024-06-12T08:08:24.193Z","sell","maker"
"1.82660000","5.57000000","2024-06-12T08:08:20.179Z","sell","maker"
"1.85670000","0.98000000","2024-06-12T07:39:19.848Z","buy","taker"
"1.86360000","4.38000000","2024-06-12T07:39:19.848Z","buy","taker"
"1.84690000","12.43000000","2024-06-12T07:08:19.095Z","buy","taker"
"1.85660000","3.70000000","2024-06-12T07:08:19.095Z","buy","taker"
"1.80660000","4.13000000","2024-06-12T06:59:12.763Z","sell","maker"
"1.84690000","0.56000000","2024-06-12T06:35:24.947Z","buy","taker"
"1.84690000","3.96000000","2024-06-12T06:35:20.786Z","buy","taker"
"1.84690000","10.40000000","2024-06-12T06:35:19.931Z","buy","taker"
"1.84690000","5.20000000","2024-06-12T06:35:18.932Z","buy","taker"
"1.84690000","80.60000000","2024-06-12T06:35:17.948Z","buy","taker"
"1.84690000","3.01000000","2024-06-12T06:35:16.970Z","buy","taker"
"1.84690000","3.03000000","2024-06-12T05:08:08.896Z","buy","taker"
"1.84690000","3.71000000","2024-06-12T04:08:10.826Z","buy","taker"
"1.84690000","10.38000000","2024-06-12T03:41:26.301Z","buy","taker"
"1.84690000","15.48000000","2024-06-12T03:08:24.763Z","buy","taker"
"1.84690000","7.01000000","2024-06-12T02:59:06.440Z","buy","taker"
"1.80210000","10.30000000","2024-06-12T02:08:20.572Z","sell","maker"
"1.80540000","172.21000000","2024-06-12T01:42:44.030Z","sell","maker"
"1.81000000","0.61000000","2024-06-12T01:41:09.898Z","sell","maker"
"1.81010000","5.52000000","2024-06-12T01:40:39.857Z","sell","maker"
"1.85670000","0.80000000","2024-06-12T01:26:15.490Z","buy","taker"
"1.81500000","1.78000000","2024-06-12T01:22:26.951Z","sell","maker"
"1.82180000","34.77000000","2024-06-12T01:17:01.726Z","sell","maker"
"1.82440000","10.00000000","2024-06-12T01:12:19.113Z","sell","maker"
"1.86720000","1.96000000","2024-06-12T01:08:49.665Z","buy","taker"
"1.86630000","2.94000000","2024-06-12T01:08:29.641Z","buy","taker"
"1.83830000","1.47000000","2024-06-12T01:08:25.504Z","buy","taker"
"1.86630000","6.84000000","2024-06-12T01:08:25.504Z","buy","taker"
"1.83830000","2.90000000","2024-06-12T01:08:19.650Z","buy","taker"
"1.83830000","0.92000000","2024-06-12T00:59:24.314Z","buy","taker"
"1.83830000","0.65000000","2024-06-12T00:55:25.176Z","buy","taker"
"1.83830000","3.84000000","2024-06-12T00:55:02.027Z","buy","taker"
"1.82440000","10.00000000","2024-06-12T00:52:58.137Z","sell","maker"
"1.83080000","9.44000000","2024-06-12T00:32:06.148Z","sell","maker"
"1.86720000","1.42000000","2024-06-12T00:08:16.551Z","buy","taker"
"1.87560000","4.41000000","2024-06-12T00:08:16.551Z","buy","taker"
"1.86720000","7.34000000","2024-06-12T00:08:12.554Z","buy","taker"
"1.86720000","0.68000000","2024-06-11T23:42:25.685Z","buy","taker"
"1.83080000","9.44000000","2024-06-11T23:41:54.634Z","sell","maker"
"1.83350000","81.81000000","2024-06-11T23:39:42.343Z","sell","maker"
"1.83350000","159.34000000","2024-06-11T23:21:51.211Z","sell","maker"
"1.83590000","47.74000000","2024-06-11T23:16:45.981Z","sell","maker"
"1.84240000","1.76000000","2024-06-11T23:15:14.495Z","sell","maker"
"1.89230000","15.85000000","2024-06-11T23:09:01.732Z","buy","taker"
"1.88470000","1.17000000","2024-06-11T23:08:09.532Z","buy","taker"
"1.89230000","13.78000000","2024-06-11T23:08:09.532Z","buy","taker"
"1.88470000","0.59000000","2024-06-11T22:59:13.204Z","buy","taker"
"1.86630000","1.47000000","2024-06-11T22:59:05.235Z","buy","taker"
"1.86630000","5.70000000","2024-06-11T22:58:59.212Z","buy","taker"
"1.84240000","1.76000000","2024-06-11T22:42:01.248Z","sell","maker"
"1.84290000","19.07000000","2024-06-11T22:41:14.551Z","sell","maker"
"1.84980000","34.77000000","2024-06-11T22:27:09.898Z","sell","maker"
"1.86630000","2.61000000","2024-06-11T22:23:48.986Z","buy","taker"
"1.85220000","10.00000000","2024-06-11T22:21:23.391Z","sell","maker"
"1.86000000","20.00000000","2024-06-11T22:03:11.853Z","sell","maker"
"1.86200000","85.73000000","2024-06-11T21:50:49.520Z","sell","maker"
"1.86720000","9.26000000","2024-06-11T21:50:44.055Z","sell","maker"
"1.87020000","1.73000000","2024-06-11T21:50:38.460Z","sell","maker"
"1.87290000","20.08000000","2024-06-11T21:50:33.014Z","sell","maker"
"1.87820000","25.22000000","2024-06-11T21:50:27.644Z","sell","maker"
"1.91000000","2068.12000000","2024-06-11T21:50:21.082Z","sell","maker"
"1.91000000","3234.22000000","2024-06-11T21:48:21.430Z","sell","maker"
"1.90280000","19.51000000","2024-06-11T21:44:47.231Z","buy","taker"
"1.90280000","0.68000000","2024-06-11T21:31:36.162Z","buy","taker"
"1.87820000","9.46000000","2024-06-11T21:13:58.539Z","sell","maker"
"1.92360000","9.03000000","2024-06-11T21:08:29.210Z","buy","taker"
"1.92130000","2.03000000","2024-06-11T21:08:22.354Z","buy","taker"
"1.92360000","0.09000000","2024-06-11T21:08:22.354Z","buy","taker"
"1.92130000","5.48000000","2024-06-11T19:49:25.568Z","buy","taker"
"1.92130000","0.71000000","2024-06-11T19:08:13.128Z","buy","taker"
"1.92130000","8.20000000","2024-06-11T19:08:09.998Z","buy","taker"
"1.92130000","3.53000000","2024-06-11T18:59:04.688Z","buy","taker"
"1.92130000","0.72000000","2024-06-11T18:25:44.679Z","buy","taker"
"1.90440000","1.39000000","2024-06-11T17:09:09.009Z","buy","taker"
"1.91320000","1.73000000","2024-06-11T17:09:09.009Z","buy","taker"
"1.92130000","13.32000000","2024-06-11T17:09:09.009Z","buy","taker"
"1.90440000","7.87000000","2024-06-11T17:09:05.027Z","buy","taker"
"1.86200000","24.56000000","2024-06-11T16:53:35.353Z","sell","maker"
"1.90440000","1.36000000","2024-06-11T16:25:19.027Z","sell","maker"
"1.89840000","1.70000000","2024-06-11T16:25:19.027Z","sell","maker"
"1.89100000","37.12000000","2024-06-11T16:25:19.027Z","sell","maker"
"1.88040000","10.00000000","2024-06-11T16:25:19.027Z","sell","maker"
"1.87820000","34.76000000","2024-06-11T16:25:19.027Z","sell","maker"
"1.87020000","1.73000000","2024-06-11T16:25:19.027Z","sell","maker"
"1.86720000","9.26000000","2024-06-11T16:25:19.027Z","sell","maker"
"1.86200000","49.06000000","2024-06-11T16:25:19.027Z","sell","maker"
"1.90440000","7.72000000","2024-06-11T16:08:21.931Z","sell","maker"
"1.95080000","5.46000000","2024-06-11T15:08:12.699Z","buy","taker"
"1.95080000","13.68000000","2024-06-11T15:08:08.836Z","buy","taker"
"1.95080000","0.59000000","2024-06-11T15:00:25.535Z","buy","taker"
"1.95080000","0.68000000","2024-06-11T14:59:22.534Z","buy","taker"
"1.95080000","7.55000000","2024-06-11T14:59:13.552Z","buy","taker"
"1.94200000","1.70000000","2024-06-11T14:11:45.750Z","buy","taker"
"1.94230000","1.36000000","2024-06-11T14:11:45.750Z","buy","taker"
"1.95080000","3.33000000","2024-06-11T14:11:45.750Z","buy","taker"
"1.94230000","7.72000000","2024-06-11T14:11:09.871Z","buy","taker"
"1.95620000","1.65000000","2024-06-11T14:10:56.382Z","sell","maker"
"1.94230000","8.90000000","2024-06-11T14:10:56.382Z","sell","maker"
"1.93820000","10.00000000","2024-06-11T14:10:56.382Z","sell","maker"
"1.93630000","34.69000000","2024-06-11T14:10:56.382Z","sell","maker"
"1.92710000","1.68000000","2024-06-11T14:10:56.382Z","sell","maker"
"1.90910000","10.00000000","2024-06-11T14:10:56.382Z","sell","maker"
"1.90800000","17.66000000","2024-06-11T14:10:56.382Z","sell","maker"
"1.90700000","34.77000000","2024-06-11T14:10:56.382Z","sell","maker"
"1.90440000","9.08000000","2024-06-11T14:10:56.382Z","sell","maker"
"1.89840000","1.70000000","2024-06-11T14:10:56.382Z","sell","maker"
"1.89100000","110.52000000","2024-06-11T14:10:56.382Z","sell","maker"
"2.01120000","11.87000000","2024-06-11T14:08:31.781Z","buy","taker"
"1.98090000","3.98000000","2024-06-11T12:50:54.439Z","buy","taker"
"1.98270000","9.78000000","2024-06-11T12:50:54.439Z","buy","taker"
"2.00110000","1.65000000","2024-06-11T12:50:54.439Z","buy","taker"
"2.01120000","3.20000000","2024-06-11T12:50:54.439Z","buy","taker"
"1.98080000","9.65000000","2024-06-11T12:08:45.625Z","buy","taker"
"1.98090000","4.92000000","2024-06-11T12:08:45.625Z","buy","taker"
"1.95000000","4.27000000","2024-06-11T12:08:16.604Z","buy","taker"
"1.95300000","1.47000000","2024-06-11T12:08:16.604Z","buy","taker"
"1.97140000","1.68000000","2024-06-11T12:08:16.604Z","buy","taker"
"1.98080000","21.61000000","2024-06-11T12:08:16.604Z","buy","taker"