"price","volume","time","side","orderType"
"0.65450","1592.83020757","2024-05-16T05:23:28.720Z","s","l"
"0.65640","1348.00000000","2024-05-16T05:28:33.244Z","b","l"
"0.65640","240.64059040","2024-05-16T05:28:33.252Z","b","l"
"0.65710","300.00000000","2024-05-16T05:46:54.907Z","b","l"
"0.65740","1290.00000000","2024-05-16T05:46:55.126Z","b","l"
"0.65740","868.18843156","2024-05-16T05:46:55.168Z","b","l"
"0.65890","300.00000000","2024-05-16T05:56:58.756Z","b","l"
"0.65990","89.45978200","2024-05-16T05:57:04.562Z","b","l"
"0.65800","906.32939331","2024-05-16T06:09:41.951Z","s","l"
"0.65960","49.06989800","2024-05-16T06:19:10.360Z","b","l"
"0.65990","390.00000000","2024-05-16T06:32:12.463Z","b","l"
"0.66110","137.05973429","2024-05-16T07:12:14.711Z","b","l"
"0.66110","323.18319416","2024-05-16T07:12:15.565Z","b","l"
"0.66120","16.74717133","2024-05-16T07:12:25.589Z","b","l"
"0.66120","12.12192121","2024-05-16T07:12:35.604Z","b","l"
"0.66120","8.85603421","2024-05-16T07:12:45.661Z","b","l"
"0.66120","7.00000000","2024-05-16T07:12:55.676Z","b","l"
"0.66120","7.00000000","2024-05-16T07:13:05.708Z","b","l"
"0.66120","7.00000000","2024-05-16T07:13:14.573Z","b","l"
"0.66120","4.41519252","2024-05-16T07:13:24.603Z","b","l"
"0.66240","28.74411111","2024-05-16T07:15:50.535Z","b","l"
"0.66260","271.25588889","2024-05-16T07:15:50.535Z","b","l"
"0.66270","1002.75531900","2024-05-16T07:23:56.026Z","s","l"
"0.66360","300.00000000","2024-05-16T07:31:58.034Z","b","l"
"0.66120","300.48313672","2024-05-16T07:41:49.187Z","b","l"
"0.66050","542.00000000","2024-05-16T07:45:17.953Z","s","l"
"0.66050","416.00000000","2024-05-16T07:45:17.954Z","s","l"
"0.66050","621.00000000","2024-05-16T07:45:17.965Z","s","l"
"0.66080","149.76910273","2024-05-16T07:51:30.073Z","b","l"
"0.66000","100.00000000","2024-05-16T07:56:59.244Z","s","l"
"0.66010","20.61272700","2024-05-16T07:57:59.612Z","s","l"
"0.66050","2027.09462979","2024-05-16T08:01:33.341Z","s","l"
"0.65940","898.00000000","2024-05-16T08:06:45.504Z","b","l"
"0.65940","686.16330035","2024-05-16T08:06:45.505Z","b","l"
"0.66070","763.00930871","2024-05-16T08:30:30.109Z","s","l"
"0.66300","300.00000000","2024-05-16T08:57:25.907Z","b","l"
"0.66300","439.00000000","2024-05-16T08:57:25.984Z","b","l"
"0.66230","78.80152724","2024-05-16T09:29:07.392Z","b","l"
"0.66230","221.19847276","2024-05-16T09:29:07.392Z","b","l"
"0.66230","5897.79000000","2024-05-16T09:29:07.393Z","b","l"
"0.66280","1123.31000000","2024-05-16T09:29:07.394Z","b","l"
"0.66300","2418.57000000","2024-05-16T09:29:07.394Z","b","l"
"0.66310","2056.35000000","2024-05-16T09:29:07.394Z","b","l"
"0.66300","6353.28000000","2024-05-16T09:29:07.394Z","b","l"
"0.66320","1600.00000000","2024-05-16T09:29:07.648Z","b","l"
"0.66320","530.00000000","2024-05-16T09:29:07.648Z","b","l"
"0.66320","900.00000000","2024-05-16T09:29:07.649Z","b","l"
"0.66320","300.00000000","2024-05-16T09:29:12.039Z","b","l"
"0.66400","140.07128221","2024-05-16T09:29:12.049Z","b","l"
"0.66410","2013.59871779","2024-05-16T09:29:12.049Z","b","l"
"0.66410","966.67000000","2024-05-16T09:29:12.049Z","b","l"
"0.66410","31.74280945","2024-05-16T09:29:12.050Z","b","l"
"0.66410","154.58339774","2024-05-16T09:29:12.050Z","b","l"
"0.66410","3826.80379281","2024-05-16T09:29:12.050Z","b","l"
"0.66410","670.00000000","2024-05-16T09:29:12.099Z","b","l"
"0.66060","28.67589679","2024-05-16T09:34:36.475Z","s","l"
"0.66060","2257.50620814","2024-05-16T09:34:36.475Z","s","l"
"0.66060","1092.29929001","2024-05-16T09:34:36.475Z","s","l"
"0.66060","5603.30388971","2024-05-16T09:34:36.475Z","s","l"
"0.66120","1092.29929001","2024-05-16T09:35:01.806Z","s","l"
"0.66120","2257.50620814","2024-05-16T09:35:01.806Z","s","l"
"0.66340","3.10521600","2024-05-16T10:00:04.702Z","s","l"
"0.66140","16.91052622","2024-05-16T10:22:39.560Z","s","m"
"0.66130","122.17306394","2024-05-16T10:22:39.560Z","s","m"
"0.65850","753.66597275","2024-05-16T10:31:05.672Z","s","l"
"0.65950","15.88597528","2024-05-16T10:42:15.625Z","s","m"
"0.65940","237.56976566","2024-05-16T10:42:15.625Z","s","m"
"0.66030","7.00000000","2024-05-16T11:21:48.351Z","b","l"
"0.65860","156.39234700","2024-05-16T11:38:33.618Z","s","l"
"0.65850","300.00000000","2024-05-16T11:52:27.769Z","b","l"
"0.65850","1973.58684671","2024-05-16T11:52:27.824Z","b","l"
"0.65850","506.41315329","2024-05-16T11:52:27.824Z","b","l"
"0.66000","300.00000000","2024-05-16T11:59:21.224Z","b","l"
"0.66000","5316.35000000","2024-05-16T11:59:21.231Z","b","l"
"0.66000","1048.94000000","2024-05-16T11:59:21.239Z","b","l"
"0.66000","1171.00000000","2024-05-16T11:59:21.240Z","b","l"
"0.66000","2172.98948810","2024-05-16T11:59:21.299Z","b","l"
"0.66150","2490.00000000","2024-05-16T11:59:21.862Z","b","l"
"0.65930","1168.84000000","2024-05-16T12:04:29.681Z","s","l"
"0.65820","289.73527285","2024-05-16T12:15:07.398Z","s","l"
"0.65810","97.50103015","2024-05-16T12:15:07.398Z","s","l"
"0.65950","1208.00000000","2024-05-16T12:20:11.095Z","b","l"
"0.65960","152.00000000","2024-05-16T12:20:11.095Z","b","l"
"0.65800","1171.00000000","2024-05-16T12:21:09.149Z","s","l"
"0.65800","1171.00000000","2024-05-16T12:21:15.621Z","s","l"
"0.65610","300.00000000","2024-05-16T12:29:31.427Z","b","l"
"0.65800","1524.00000000","2024-05-16T12:30:37.962Z","b","l"
"0.65690","4039.08656093","2024-05-16T12:30:43.330Z","s","l"
"0.65910","1860.00000000","2024-05-16T12:33:25.565Z","b","l"
"0.65720","111.07729762","2024-05-16T12:36:57.051Z","s","l"
"0.65660","2172.98948810","2024-05-16T12:36:57.637Z","s","l"
"0.65500","6.69255221","2024-05-16T12:39:17.202Z","s","m"
"0.65560","41.09955300","2024-05-16T12:40:07.384Z","s","l"
"0.65610","1092.29929001","2024-05-16T12:46:39.963Z","s","l"
"0.65610","240.02486657","2024-05-16T12:46:39.963Z","s","l"
"0.65610","471.36544402","2024-05-16T12:46:39.963Z","s","l"
"0.65610","136.54160440","2024-05-16T12:46:39.963Z","s","l"
"0.65620","112.77049679","2024-05-16T12:47:01.618Z","b","l"
"0.65880","1787.61840546","2024-05-16T12:51:41.063Z","b","m"
"0.65880","1032.11057858","2024-05-16T12:51:45.209Z","b","m"
"0.65870","955.77057876","2024-05-16T12:51:50.642Z","b","m"
"0.65870","460.52450858","2024-05-16T12:51:56.679Z","b","m"
"0.65870","143.92343201","2024-05-16T12:52:04.014Z","b","m"
"0.65870","68.59290400","2024-05-16T12:52:04.014Z","b","m"
"0.65870","244.78410590","2024-05-16T12:52:12.187Z","b","m"
"0.65880","1411.74287975","2024-05-16T12:52:21.522Z","b","m"
"0.65920","219.42844885","2024-05-16T12:52:31.506Z","b","m"
"0.65920","1047.97487136","2024-05-16T12:52:43.024Z","b","m"
"0.65930","300.00000000","2024-05-16T12:55:23.054Z","b","l"
"0.65930","2580.22507196","2024-05-16T12:55:23.056Z","b","l"
"0.65930","3409.90492804","2024-05-16T12:55:23.056Z","b","l"
"0.65930","1888.29127915","2024-05-16T12:55:23.056Z","b","l"
"0.65930","3678.06872085","2024-05-16T12:55:23.056Z","b","l"
"0.65930","124.73507196","2024-05-16T12:55:23.056Z","b","l"
"0.65960","2880.09387440","2024-05-16T12:55:23.056Z","b","l"
"0.65700","2282.61227967","2024-05-16T13:05:40.075Z","s","l"
"0.65680","8600.59772033","2024-05-16T13:05:40.075Z","s","l"
"0.65660","48.18550100","2024-05-16T13:10:28.335Z","s","l"
"0.65580","15.42253924","2024-05-16T13:11:26.430Z","s","l"
"0.65670","171.70228900","2024-05-16T13:16:41.401Z","s","l"
"0.66020","300.00000000","2024-05-16T13:47:02.780Z","b","l"
"0.66020","1971.95691119","2024-05-16T13:47:02.781Z","b","l"
"0.66020","2271.95735312","2024-05-16T13:47:02.781Z","b","l"
"0.65060","28.80172833","2024-05-16T14:31:41.116Z","s","l"
"0.65060","64.89516921","2024-05-16T14:31:41.116Z","s","l"
"0.64990","788.10931173","2024-05-16T14:31:41.121Z","s","l"
"0.64980","2341.32402601","2024-05-16T14:31:41.121Z","s","l"
"0.64980","158.67597399","2024-05-16T14:31:41.121Z","s","l"
"0.64970","757.00000000","2024-05-16T14:31:41.121Z","s","l"
"0.64950","1602.10318423","2024-05-16T14:31:41.121Z","s","l"
"0.64940","64.13335248","2024-05-16T14:31:41.121Z","s","l"
"0.64940","547.52082704","2024-05-16T14:31:41.121Z","s","l"
"0.64940","750.79726978","2024-05-16T14:31:41.122Z","s","l"
"0.64930","1147.29000000","2024-05-16T14:31:41.122Z","s","l"
"0.64860","1231.34606796","2024-05-16T14:31:41.122Z","s","l"
"0.65000","782.35833443","2024-05-16T14:31:41.125Z","s","l"
"0.65000","391.17916721","2024-05-16T14:31:41.125Z","s","l"
"0.65000","62.96419182","2024-05-16T14:31:41.125Z","s","l"
"0.64950","719.39414261","2024-05-16T14:31:41.125Z","s","l"
"0.64950","391.17916721","2024-05-16T14:31:41.125Z","s","l"
"0.64950","391.17916721","2024-05-16T14:31:41.125Z","s","l"
"0.64950","391.17916721","2024-05-16T14:31:41.126Z","s","l"
"0.64550","48.02478699","2024-05-16T14:55:25.338Z","s","l"
"0.64730","300.00000000","2024-05-16T14:55:58.180Z","b","l"
"0.64640","300.00000000","2024-05-16T14:57:30.726Z","b","l"
"0.64680","1171.00000000","2024-05-16T14:57:30.737Z","b","l"
"0.64800","1608.20000000","2024-05-16T14:57:30.779Z","b","l"
"0.64620","555.61982269","2024-05-16T14:57:30.787Z","s","l"
"0.64790","1092.29929001","2024-05-16T14:59:55.850Z","s","l"
"0.64790","1937.08829010","2024-05-16T14:59:55.850Z","s","l"
"0.64800","1092.29929001","2024-05-16T15:00:44.323Z","s","l"
"0.64790","476.91128434","2024-05-16T15:00:44.323Z","s","l"
"0.65070","4289.30552771","2024-05-16T15:10:09.427Z","s","l"
"0.65070","4289.29566722","2024-05-16T15:10:09.427Z","s","l"
"0.65040","333.25045499","2024-05-16T15:10:09.427Z","s","l"
"0.65510","73.61396737","2024-05-16T15:28:47.145Z","s","m"
"0.65680","23.21781000","2024-05-16T15:46:18.725Z","s","l"
"0.65750","30.70255200","2024-05-16T15:48:47.134Z","s","l"
"0.65840","23.57494899","2024-05-16T16:04:03.036Z","s","l"
"0.65840","23.06823701","2024-05-16T16:04:03.036Z","s","l"
"0.65860","337.05808011","2024-05-16T16:05:09.245Z","s","l"
"0.65930","300.00000000","2024-05-16T16:30:08.730Z","b","l"
"0.65860","151.67492194","2024-05-16T16:30:33.161Z","s","l"
"0.65670","133.26159800","2024-05-16T16:38:11.147Z","s","l"
"0.65680","53.58195100","2024-05-16T16:38:44.295Z","s","l"
"0.65680","508.13151276","2024-05-16T16:42:46.794Z","s","l"
"0.65590","1589.23486144","2024-05-16T16:42:46.794Z","s","l"
"0.65590","759.40000000","2024-05-16T16:42:46.794Z","s","l"
"0.65570","780.24383313","2024-05-16T16:42:46.794Z","s","l"
"0.65560","2500.00000000","2024-05-16T16:42:46.795Z","s","l"
"0.65530","3961.00000000","2024-05-16T16:42:46.795Z","s","l"
"0.65440","74.18045400","2024-05-16T17:04:21.469Z","b","l"
"0.65330","668.94638800","2024-05-16T17:43:51.740Z","s","l"
"0.65370","52.49604886","2024-05-16T17:46:09.891Z","b","l"
"0.65370","35.18258900","2024-05-16T17:56:28.879Z","b","l"
"0.65330","97.64491100","2024-05-16T17:59:50.435Z","s","m"
"0.65400","1375.72607765","2024-05-16T18:05:14.307Z","b","m"
"0.65200","149.69634400","2024-05-16T18:21:33.459Z","s","l"
"0.65190","1171.00000000","2024-05-16T18:39:58.121Z","b","l"
"0.65190","1115.94100920","2024-05-16T18:39:58.122Z","b","l"
"0.65220","485.74412006","2024-05-16T18:39:58.122Z","b","l"
"0.65370","31.22145300","2024-05-16T18:54:11.978Z","s","l"
"0.65590","16.70884230","2024-05-16T19:08:31.887Z","s","l"
"0.65590","16.70899846","2024-05-16T19:08:31.934Z","s","l"
"0.65590","16.70915462","2024-05-16T19:08:32.092Z","s","l"
"0.65590","882.31544043","2024-05-16T19:08:32.092Z","s","l"
"0.65590","2.26726800","2024-05-16T19:12:59.212Z","s","l"
"0.65640","22.85191956","2024-05-16T20:06:37.987Z","s","l"
"0.65580","1092.29929001","2024-05-16T20:15:29.089Z","s","m"
"0.65580","278.20608390","2024-05-16T20:15:29.089Z","s","m"
"0.65680","96.31531800","2024-05-16T20:21:24.218Z","s","l"
"0.65670","141.88734300","2024-05-16T20:22:26.344Z","s","l"
"0.65590","1092.29929001","2024-05-16T20:38:05.744Z","s","l"
"0.65580","473.39353199","2024-05-16T20:38:05.744Z","s","l"
"0.65660","52.49604886","2024-05-16T22:00:22.659Z","s","l"
"0.65380","144.36207396","2024-05-16T22:22:01.818Z","s","l"
"0.65380","35.24999727","2024-05-16T22:22:01.818Z","s","l"
"0.65830","1.66342400","2024-05-17T00:20:19.268Z","b","l"
"0.65750","1.63884000","2024-05-17T00:22:04.657Z","s","l"
"0.65680","112.77049679","2024-05-17T01:12:25.511Z","s","l"
"0.65680","537.87088040","2024-05-17T01:12:34.163Z","s","l"
"0.65680","1120.66000000","2024-05-17T01:12:56.833Z","s","l"
"0.65680","728.69862281","2024-05-17T01:12:59.934Z","s","l"
"0.65590","449.98265713","2024-05-17T01:36:19.841Z","s","m"
"0.65750","13.40065300","2024-05-17T02:05:37.310Z","b","l"
"0.65740","1.08446200","2024-05-17T02:49:05.304Z","b","l"
"0.65660","2283.93323824","2024-05-17T05:14:37.322Z","b","l"
"0.65670","146.06676176","2024-05-17T05:14:37.322Z","b","l"
"0.65670","433.00000000","2024-05-17T05:14:37.343Z","b","l"
"0.65670","1157.97866288","2024-05-17T05:14:37.385Z","b","l"
"0.65610","6.24078000","2024-05-17T05:36:07.396Z","s","l"
"0.65570","1375.72607765","2024-05-17T05:43:22.543Z","s","m"
"0.65530","239.44681460","2024-05-17T05:50:22.807Z","b","l"
"0.65660","1055.05253813","2024-05-17T05:50:22.854Z","b","l"
"0.65260","1033.10825100","2024-05-17T06:00:48.803Z","s","l"
"0.65260","1597.90000000","2024-05-17T06:03:41.465Z","s","l"
"0.65230","1601.40000000","2024-05-17T06:47:32.109Z","b","l"
"0.65230","1171.00000000","2024-05-17T06:47:32.125Z","b","l"
"0.65390","300.00000000","2024-05-17T06:49:06.866Z","b","l"
"0.66060","81.91822544","2024-05-17T07:02:35.481Z","s","l"
"0.66040","2257.50620814","2024-05-17T07:02:35.481Z","s","l"
"0.65840","300.00000000","2024-05-17T07:03:02.511Z","s","l"
"0.65750","761.40000000","2024-05-17T07:03:02.512Z","s","l"
"0.65740","778.22617001","2024-05-17T07:03:02.512Z","s","l"
"0.65680","1235.53000000","2024-05-17T07:03:02.587Z","s","l"
"0.65680","1264.47000000","2024-05-17T07:03:02.600Z","s","l"
"0.65520","42.75386400","2024-05-17T07:03:28.166Z","s","l"
"0.65820","929.05117334","2024-05-17T07:05:17.611Z","s","l"
"0.66120","63.14031927","2024-05-17T07:12:29.789Z","b","l"
"0.66190","300.00000000","2024-05-17T07:13:19.372Z","b","l"
"0.66190","653.54815143","2024-05-17T07:14:00.473Z","b","l"
"0.66190","17.79080888","2024-05-17T07:14:00.901Z","b","l"
"0.66230","15.61082191","2024-05-17T07:14:17.759Z","b","l"
"0.66240","28.74411112","2024-05-17T07:14:17.759Z","b","l"
"0.66370","136.89957992","2024-05-17T07:15:14.397Z","s","l"
"0.66420","1171.00000000","2024-05-17T07:20:03.633Z","b","l"
"0.66420","165.00000000","2024-05-17T07:20:03.853Z","b","l"
"0.66420","156.00000000","2024-05-17T07:20:03.853Z","b","l"
"0.66420","282.00000000","2024-05-17T07:20:03.853Z","b","l"
"0.66420","156.00000000","2024-05-17T07:20:03.853Z","b","l"
"0.66420","232.00000000","2024-05-17T07:20:03.853Z","b","l"
"0.66420","232.00000000","2024-05-17T07:20:03.853Z","b","l"
"0.66420","229.00000000","2024-05-17T07:20:03.853Z","b","l"
"0.66490","141.16768352","2024-05-17T07:20:37.566Z","b","l"
"0.66550","8.20000000","2024-05-17T07:25:20.889Z","s","l"
"0.66320","444.00000000","2024-05-17T07:52:56.363Z","b","l"
"0.66320","350.00000000","2024-05-17T07:52:56.366Z","b","l"
"0.66320","350.00000000","2024-05-17T07:52:56.374Z","b","l"
"0.66320","350.00000000","2024-05-17T07:52:56.374Z","b","l"
"0.66500","67.03145992","2024-05-17T08:07:19.219Z","s","l"
"0.66380","1092.29929001","2024-05-17T08:51:35.143Z","s","l"
"0.66380","565.07603016","2024-05-17T08:51:35.143Z","s","l"
"0.66380","117.00000000","2024-05-17T08:53:29.305Z","s","l"
"0.66450","300.00000000","2024-05-17T08:55:07.908Z","b","l"
"0.66450","2171.23507482","2024-05-17T08:55:07.958Z","b","l"
"0.66420","507.62959022","2024-05-17T09:07:43.839Z","s","l"
"0.66420","1092.29929001","2024-05-17T09:07:43.839Z","s","l"
"0.66410","1570.93572660","2024-05-17T09:07:43.839Z","s","l"
"0.66410","2257.17108475","2024-05-17T09:07:43.839Z","s","l"
"0.66410","2257.50620814","2024-05-17T09:07:43.839Z","s","l"
"0.66410","2257.20423942","2024-05-17T09:07:43.839Z","s","l"
"0.66340","753.10000000","2024-05-17T09:07:43.839Z","s","l"
"0.66340","8577.64871190","2024-05-17T09:07:43.839Z","s","l"
"0.66330","2500.00000000","2024-05-17T09:07:43.839Z","s","l"
"0.66310","739.96963011","2024-05-17T09:07:43.839Z","s","l"
"0.66300","1013.54000000","2024-05-17T09:07:43.839Z","s","l"
"0.66280","1420.13349266","2024-05-17T09:07:43.839Z","s","l"
"0.66280","1386.99682019","2024-05-17T09:07:43.839Z","s","l"
"0.66490","45.09243951","2024-05-17T09:10:26.694Z","b","l"
"0.66480","74.62686567","2024-05-17T09:13:46.901Z","b","l"
"0.66530","364.89852700","2024-05-17T09:14:57.385Z","b","l"
"0.66410","300.00000000","2024-05-17T09:23:02.543Z","b","l"
"0.66410","5848.78000000","2024-05-17T09:23:02.546Z","b","l"
"0.66410","5992.55000000","2024-05-17T09:23:02.547Z","b","l"
"0.66410","656.50620912","2024-05-17T09:23:02.548Z","b","l"
"0.66480","436.74542237","2024-05-17T09:23:02.553Z","b","l"
"0.66480","1479.41895328","2024-05-17T09:23:02.553Z","b","l"
"0.66480","235.09562435","2024-05-17T09:23:02.553Z","b","l"
"0.66480","1063.51000000","2024-05-17T09:23:02.554Z","b","l"
"0.66540","300.00000000","2024-05-17T09:23:06.440Z","b","l"
"0.66580","2257.50620814","2024-05-17T09:42:29.488Z","b","l"
"0.66580","2171.23507482","2024-05-17T09:43:49.456Z","s","l"
"0.66580","1171.00000000","2024-05-17T09:44:57.574Z","s","l"
"0.66580","1910.02140853","2024-05-17T09:45:02.667Z","s","l"
"0.66570","1092.70000000","2024-05-17T09:45:06.669Z","s","l"
"0.66570","1123.02000000","2024-05-17T09:57:19.517Z","s","l"
"0.66570","1171.00000000","2024-05-17T09:57:27.052Z","s","l"
"0.66570","1232.33000000","2024-05-17T09:58:52.381Z","s","l"
"0.66570","1208.00000000","2024-05-17T09:58:56.485Z","s","l"
"0.66570","1118.47000000","2024-05-17T09:59:00.050Z","s","l"
"0.66570","565.37079164","2024-05-17T09:59:03.379Z","s","l"
"0.66550","300.00000000","2024-05-17T10:01:26.063Z","s","l"
"0.66550","6486.46000000","2024-05-17T10:01:27.896Z","s","l"
"0.66550","726.68800901","2024-05-17T10:01:28.894Z","s","l"
"0.66470","76.88654600","2024-05-17T10:12:50.230Z","b","l"
"0.66400","123.61440900","2024-05-17T10:19:46.646Z","s","l"
"0.66420","15.00079900","2024-05-17T10:34:30.034Z","s","l"
"0.66580","300.00000000","2024-05-17T10:38:03.600Z","b","l"
"0.66590","549.07633161","2024-05-17T10:38:03.609Z","b","l"
"0.66610","612.05366839","2024-05-17T10:38:03.609Z","b","l"
"0.66610","139.94633161","2024-05-17T10:38:03.610Z","b","l"
"0.66150","5.73895900","2024-05-17T11:26:32.939Z","s","l"
"0.66270","149.67179719","2024-05-17T12:00:44.633Z","s","l"
"0.66230","1021.32820281","2024-05-17T12:00:44.633Z","s","l"
"0.66720","160.91752000","2024-05-17T12:47:41.399Z","b","l"
"0.66700","102.25500997","2024-05-17T12:51:03.975Z","s","m"
"0.66660","73.42137989","2024-05-17T13:06:03.562Z","s","l"
"0.66660","24.43861911","2024-05-17T13:06:03.562Z","s","l"
"0.66580","15.50000000","2024-05-17T13:32:01.880Z","s","m"
"0.66520","91.39031405","2024-05-17T13:43:31.318Z","b","l"
"0.66540","5856.67968595","2024-05-17T13:43:31.318Z","b","l"
"0.66540","300.00000000","2024-05-17T13:43:31.320Z","b","l"
"0.66700","103.60751000","2024-05-17T14:25:28.363Z","s","l"
"0.66740","93.33949100","2024-05-17T14:26:40.837Z","s","l"
"0.66390","44.24190390","2024-05-17T15:05:36.243Z","b","m"
"0.66480","300.00000000","2024-05-17T15:14:13.240Z","b","l"
"0.66480","540.00000000","2024-05-17T15:14:13.299Z","b","l"
"0.66480","1171.00000000","2024-05-17T15:14:13.307Z","b","l"
"0.66480","540.00000000","2024-05-17T15:14:13.492Z","b","l"
"0.66480","775.11363465","2024-05-17T15:14:13.587Z","b","l"
"0.66910","24.54891900","2024-05-17T15:23:20.609Z","b","l"
"0.67090","15.61082191","2024-05-17T15:31:55.328Z","b","l"
"0.67100","63.14031927","2024-05-17T15:31:55.328Z","b","l"
"0.67230","28.32185184","2024-05-17T15:35:55.372Z","b","l"
"0.67360","32.69521971","2024-05-17T15:35:55.427Z","b","l"
"0.67370","1218.44000000","2024-05-17T15:35:55.427Z","b","l"
"0.67380","668.86478029","2024-05-17T15:35:55.427Z","b","l"
"0.67280","14.01265756","2024-05-17T15:57:56.064Z","s","l"
"0.67260","2257.50620814","2024-05-17T15:57:56.064Z","s","l"
"0.67250","1092.29929001","2024-05-17T15:57:56.064Z","s","l"
"0.67200","283.30511919","2024-05-17T15:57:56.064Z","s","l"
"0.67200","352.87672510","2024-05-17T15:57:56.064Z","s","l"
"0.67330","73.66885619","2024-05-17T16:30:24.654Z","s","m"
"0.67300","532.33114447","2024-05-17T16:30:24.654Z","s","m"
"0.67110","18.42233000","2024-05-17T16:55:05.671Z","b","l"
"0.67120","148.98688915","2024-05-17T17:18:09.767Z","b","l"
"0.67130","1.45034300","2024-05-17T17:24:08.451Z","b","l"
"0.67110","2000.00000000","2024-05-17T17:31:08.648Z","s","l"
"0.66740","46.17001200","2024-05-17T18:05:10.829Z","s","l"
"0.66890","17.88723600","2024-05-17T18:47:50.464Z","s","l"
"0.67010","2.90588100","2024-05-17T18:51:50.071Z","b","l"
"0.66970","2.90588200","2024-05-17T18:52:08.045Z","s","l"
"0.67230","1.51261500","2024-05-17T19:32:17.231Z","b","l"
"0.67160","2.50000000","2024-05-17T19:33:01.328Z","s","l"
"0.67240","5.00000000","2024-05-17T19:35:17.382Z","b","l"
"0.67280","120.60000000","2024-05-17T19:38:03.697Z","b","l"
"0.67320","2.15068900","2024-05-17T20:48:54.926Z","b","l"
"0.67470","96.64369235","2024-05-17T22:56:43.318Z","s","l"
"0.67470","2276.18739173","2024-05-17T22:56:43.318Z","s","l"
"0.67280","28.07655100","2024-05-18T00:50:04.550Z","s","l"
"0.67200","35.78321600","2024-05-18T00:54:09.637Z","s","l"
"0.67240","75.99434268","2024-05-18T00:57:49.341Z","b","l"
"0.67140","15.13851653","2024-05-18T01:32:13.049Z","s","l"
"0.67130","186.66780872","2024-05-18T01:32:13.049Z","s","l"
"0.67360","12.35332541","2024-05-18T01:43:27.781Z","b","l"
"0.67370","330.41326000","2024-05-18T02:03:34.094Z","s","l"
"0.67500","100.00000000","2024-05-18T02:33:15.760Z","b","l"
"0.67570","57.14295400","2024-05-18T03:07:09.643Z","s","l"
"0.67670","137.19610946","2024-05-18T03:16:15.346Z","b","l"
"0.67790","29.49852508","2024-05-18T03:36:06.237Z","b","l"
"0.67850","4.88507800","2024-05-18T03:52:43.307Z","b","l"
"0.67910","45.09243951","2024-05-18T05:29:02.160Z","b","l"
"0.67930","98.19126349","2024-05-18T05:29:02.160Z","b","l"
"0.67840","23.87885700","2024-05-18T06:21:45.898Z","s","l"
"0.67880","44.18912948","2024-05-18T06:28:15.503Z","b","l"
"0.67880","4590.26424767","2024-05-18T06:30:15.373Z","b","l"
"0.67880","2257.50620814","2024-05-18T06:30:15.373Z","b","l"
"0.67900","3902.71969019","2024-05-18T06:30:15.373Z","b","l"
"0.67840","233.28149300","2024-05-18T06:45:37.020Z","s","m"
"0.67750","300.00000000","2024-05-18T07:11:09.946Z","s","l"
"0.67750","355.35055350","2024-05-18T07:11:09.947Z","s","l"
"0.67780","13.45414800","2024-05-18T07:14:11.553Z","b","l"
"0.68000","53.84924260","2024-05-18T07:32:29.573Z","b","l"
"0.68080","300.00000000","2024-05-18T07:32:38.483Z","s","l"
"0.68080","1886.00954062","2024-05-18T07:32:38.489Z","s","l"
"0.68080","2186.22914907","2024-05-18T07:32:38.489Z","s","l"
"0.68080","3254.87131031","2024-05-18T07:32:38.489Z","s","l"
"0.68080","7329.53000000","2024-05-18T07:32:38.489Z","s","l"
"0.68080","344.84518929","2024-05-18T07:32:38.664Z","s","l"
"0.68080","897.33481071","2024-05-18T07:32:38.664Z","s","l"
"0.67970","53.87200234","2024-05-18T07:32:39.498Z","b","l"
"0.67770","130.54839142","2024-05-18T07:44:07.162Z","b","l"
"0.67760","900.07399995","2024-05-18T09:17:42.595Z","s","m"
"0.67800","300.00000000","2024-05-18T09:58:08.914Z","b","l"
"0.67800","1171.00000000","2024-05-18T09:58:08.930Z","b","l"
"0.67800","453.01835224","2024-05-18T09:58:09.011Z","b","l"
"0.67800","288.15830697","2024-05-18T09:58:09.108Z","b","l"
"0.67920","294.46407538","2024-05-18T10:06:07.288Z","s","l"
"0.67880","26.26414603","2024-05-18T10:46:03.926Z","s","l"
"0.67830","7.17408200","2024-05-18T11:41:32.033Z","b","l"
"0.67830","300.00000000","2024-05-18T12:21:00.893Z","s","l"
"0.67830","611.10128261","2024-05-18T12:21:00.903Z","s","l"
"0.67440","72.59203800","2024-05-18T12:50:01.417Z","b","l"
"0.67430","45.97360226","2024-05-18T12:50:08.955Z","s","l"
"0.67370","59.92104674","2024-05-18T12:50:08.955Z","s","l"
"0.67510","7.00000000","2024-05-18T12:54:19.140Z","b","l"
"0.67460","12.61365764","2024-05-18T12:54:24.283Z","s","l"
"0.67440","719.25974553","2024-05-18T13:27:20.980Z","s","l"
"0.67280","1.08847900","2024-05-18T14:00:00.071Z","b","l"
"0.67390","1548.58899228","2024-05-18T15:38:15.790Z","b","l"
"0.67390","5130.10826669","2024-05-18T15:38:18.035Z","b","l"
"0.67460","300.00000000","2024-05-18T15:59:43.458Z","b","l"
"0.67550","14.80384900","2024-05-18T15:59:53.430Z","b","m"
"0.67710","15.21110300","2024-05-18T16:29:12.581Z","b","l"
"0.67600","1023.17746000","2024-05-18T16:36:28.296Z","s","l"
"0.68100","10.00000000","2024-05-18T17:27:43.602Z","b","m"
"0.68090","15.54157781","2024-05-18T17:27:49.076Z","s","m"
"0.68100","1.05316000","2024-05-18T17:32:52.735Z","b","l"
"0.67970","84.92499473","2024-05-18T17:36:46.274Z","b","l"
"0.67970","15.00000000","2024-05-18T18:01:00.535Z","s","l"
"0.67910","82.93559252","2024-05-18T18:19:18.779Z","s","m"
"0.67910","1.98940221","2024-05-18T18:19:18.779Z","s","m"
"0.67730","162.62758286","2024-05-18T18:43:11.282Z","s","l"
"0.67620","7.00000000","2024-05-18T19:15:48.154Z","b","l"
"0.67570","819.99808100","2024-05-18T19:22:15.454Z","s","l"
"0.67510","2.58445400","2024-05-18T19:28:05.668Z","s","l"
"0.67570","100.00000000","2024-05-18T20:13:40.304Z","s","m"
"0.67730","34.77218100","2024-05-18T20:50:44.030Z","b","l"
"0.67690","10.00000000","2024-05-18T21:05:33.676Z","b","m"
"0.67690","20.00000000","2024-05-18T21:05:52.283Z","b","m"
"0.67540","179.98979000","2024-05-18T21:37:17.044Z","s","l"
"0.67550","14.65712100","2024-05-18T21:41:02.437Z","s","l"
"0.67480","233.37331796","2024-05-18T22:26:55.567Z","s","l"
"0.67480","74.22995604","2024-05-18T22:26:55.567Z","s","l"
"0.67620","52.26400500","2024-05-18T22:44:03.460Z","s","l"
"0.67440","13.00000000","2024-05-18T23:07:29.555Z","s","l"
"0.67380","19.61205105","2024-05-19T00:03:18.718Z","s","m"
"0.67270","24.47501025","2024-05-19T00:03:18.718Z","s","m"
"0.67130","7.43273375","2024-05-19T01:46:05.460Z","b","l"
"0.67020","14.92091912","2024-05-19T04:32:18.668Z","s","l"
"0.67040","500.00000000","2024-05-19T05:29:52.908Z","b","l"
"0.67090","300.00000000","2024-05-19T05:31:19.354Z","b","l"
"0.66840","29.92220227","2024-05-19T05:55:45.591Z","s","l"
"0.66810","956.17507882","2024-05-19T05:55:45.591Z","s","l"
"0.66800","24.11107104","2024-05-19T05:55:45.591Z","s","l"
"0.66770","387.42882887","2024-05-19T05:55:45.591Z","s","l"
"0.66940","105.09371300","2024-05-19T06:23:19.391Z","s","l"
"0.66920","176.07949544","2024-05-19T06:55:49.610Z","s","l"
"0.67110","400.00000000","2024-05-19T07:47:39.749Z","s","m"
"0.67130","17.68302361","2024-05-19T07:50:59.109Z","b","m"
"0.67140","110.00196400","2024-05-19T08:01:26.232Z","s","l"
"0.66930","1171.00000000","2024-05-19T09:24:37.553Z","b","l"
"0.67000","300.00000000","2024-05-19T10:26:50.893Z","b","l"
"0.67000","5729.14000000","2024-05-19T10:26:50.894Z","b","l"
"0.67000","1171.00000000","2024-05-19T10:26:50.901Z","b","l"
"0.67000","164.07982306","2024-05-19T10:26:50.977Z","b","l"
"0.67470","3961.00000000","2024-05-19T10:39:39.105Z","b","l"
"0.66870","557.66156300","2024-05-19T11:21:08.935Z","s","l"
"0.66870","2342.00000000","2024-05-19T11:27:06.946Z","s","l"
"0.66870","166.23694047","2024-05-19T11:27:06.978Z","s","l"
"0.66870","465.50000000","2024-05-19T11:27:07.073Z","s","l"
"0.66680","46.49070186","2024-05-19T12:27:37.028Z","s","l"
"0.66570","152.41185300","2024-05-19T12:59:28.276Z","s","m"
"0.66460","7.00000000","2024-05-19T13:25:23.173Z","s","l"
"0.66670","479.50325500","2024-05-19T13:53:50.083Z","s","l"
"0.66470","860.64366798","2024-05-19T15:03:06.864Z","s","l"
"0.66480","43.00000010","2024-05-19T15:22:35.671Z","s","m"
"0.66190","15.04211800","2024-05-19T16:39:53.466Z","b","m"
"0.66040","300.00000000","2024-05-19T16:54:26.302Z","s","l"
"0.66030","28.37862252","2024-05-19T16:54:26.359Z","s","l"
"0.65990","35.77238286","2024-05-19T16:54:28.116Z","s","l"
"0.66050","2.00337700","2024-05-19T17:10:16.139Z","s","l"
"0.66180","375.50543615","2024-05-19T18:50:00.412Z","s","l"
"0.66180","766.96766485","2024-05-19T18:50:00.412Z","s","l"
"0.66120","1.08139000","2024-05-19T18:55:18.211Z","b","l"
"0.66370","182.04408733","2024-05-19T19:43:08.906Z","s","l"
"0.66360","75.34659433","2024-05-19T20:06:07.903Z","b","m"
"0.66220","146.97010100","2024-05-19T21:02:35.407Z","b","l"
"0.66210","8.00000000","2024-05-19T22:09:29.656Z","b","l"
"0.66200","13.52290959","2024-05-19T22:09:34.619Z","s","l"
"0.66210","320.00000000","2024-05-19T22:18:13.796Z","b","l"
"0.66210","1171.00000000","2024-05-19T22:23:07.935Z","b","l"
"0.66210","697.60000000","2024-05-19T22:23:11.598Z","b","l"
"0.66210","877.76305667","2024-05-19T22:23:11.598Z","b","l"
"0.66210","1171.00000000","2024-05-19T22:31:13.183Z","b","l"
"0.66210","17.71181600","2024-05-19T22:31:19.760Z","b","l"
"0.66210","1092.29929001","2024-05-19T22:32:05.023Z","b","l"
"0.65920","100.70579112","2024-05-19T23:11:24.055Z","s","m"
"0.65910","64.12604192","2024-05-19T23:27:03.066Z","s","l"
"0.65860","37.94881100","2024-05-20T00:11:36.138Z","s","l"
"0.65860","9.12073046","2024-05-20T00:15:56.022Z","s","l"
"0.65700","56.70169605","2024-05-20T00:30:21.335Z","s","l"
"0.65690","1092.29929001","2024-05-20T00:30:21.335Z","s","l"
"0.66210","300.00000000","2024-05-20T03:01:36.591Z","b","l"
"0.66210","193.46340273","2024-05-20T03:03:21.513Z","b","l"
"0.66210","174.11706246","2024-05-20T03:03:31.554Z","b","l"
"0.66210","156.70535621","2024-05-20T03:04:01.008Z","b","l"
"0.66210","141.03482059","2024-05-20T03:06:13.695Z","b","l"
"0.66210","126.93133853","2024-05-20T03:06:49.158Z","b","l"
"0.66210","114.23820468","2024-05-20T03:06:59.230Z","b","l"
"0.66210","319.24951115","2024-05-20T03:07:03.179Z","b","l"
"0.66210","300.00000000","2024-05-20T03:08:03.700Z","b","l"
"0.66210","40.88943310","2024-05-20T03:08:14.729Z","b","l"
"0.66210","368.00489791","2024-05-20T03:08:17.690Z","b","l"
"0.66230","13.10366900","2024-05-20T03:19:17.963Z","s","l"
"0.67020","14.82063883","2024-05-20T04:34:44.902Z","b","l"
"0.67100","54.83829992","2024-05-20T04:35:07.040Z","b","l"
"0.67100","8.30201935","2024-05-20T04:35:12.579Z","b","l"
"0.67230","24.20074246","2024-05-20T04:37:11.934Z","b","l"
"0.67230","4.12110938","2024-05-20T04:37:33.969Z","b","l"
"0.67280","1887.24509711","2024-05-20T04:40:11.480Z","s","l"
"0.67150","6629.78036875","2024-05-20T04:43:06.780Z","s","l"
"0.67150","281.36963125","2024-05-20T04:43:06.780Z","s","l"
"0.67150","6348.41073750","2024-05-20T04:43:06.781Z","s","l"
"0.67120","300.00000000","2024-05-20T04:43:06.783Z","s","l"
"0.66580","163.10000000","2024-05-20T04:57:54.806Z","b","l"
"0.67140","308.40631115","2024-05-20T05:17:24.575Z","s","l"
"0.67180","67.03145992","2024-05-20T05:34:34.530Z","s","l"
"0.67130","148.96469536","2024-05-20T06:04:12.773Z","s","l"
"0.67010","151.03530464","2024-05-20T06:04:12.773Z","s","l"
"0.67010","1405.75898201","2024-05-20T06:04:12.775Z","s","l"
"0.66950","776.22359970","2024-05-20T06:04:12.775Z","s","l"
"0.66900","1135.97000000","2024-05-20T06:04:12.793Z","s","l"
"0.66900","189.25597906","2024-05-20T06:04:12.793Z","s","l"
"0.66780","3864.03000000","2024-05-20T06:04:12.803Z","s","l"
"0.66830","1992.65402094","2024-05-20T06:04:12.809Z","b","l"
"0.66780","1076.55187664","2024-05-20T06:04:12.843Z","s","l"
"0.66730","778.78270642","2024-05-20T06:04:12.843Z","s","l"
"0.66720","20.24536374","2024-05-20T06:04:12.843Z","s","l"
"0.66470","236.33273048","2024-05-20T06:12:28.852Z","b","l"
"0.66150","2193.51482000","2024-05-20T06:32:59.286Z","b","l"
"0.66150","56.03518000","2024-05-20T06:32:59.286Z","b","l"
"0.66150","2137.47942293","2024-05-20T06:32:59.287Z","b","l"
"0.66200","1171.00000000","2024-05-20T06:53:18.493Z","s","l"
"0.66030","28.37862252","2024-05-20T06:56:10.055Z","s","l"
"0.66030","2240.32502657","2024-05-20T07:00:52.568Z","b","l"
"0.66030","2240.32502657","2024-05-20T07:00:52.568Z","b","l"
"0.66080","611.78458196","2024-05-20T07:03:34.093Z","s","l"
"0.66050","2079.79000000","2024-05-20T07:03:34.093Z","s","l"
"0.66040","821.42541804","2024-05-20T07:03:34.093Z","s","l"
"0.66380","259.28013600","2024-05-20T07:18:52.926Z","s","l"
"0.66340","7.19503746","2024-05-20T07:22:41.129Z","s","l"
"0.66330","18.52325454","2024-05-20T07:22:41.129Z","s","l"
"0.66550","6.16839800","2024-05-20T07:48:50.005Z","s","l"
"0.66400","1092.29929001","2024-05-20T08:58:28.492Z","s","l"
"0.66400","1111.62534999","2024-05-20T08:58:28.492Z","s","l"
"0.66500","298.50228259","2024-05-20T09:06:37.166Z","s","l"
"0.66500","1092.29929001","2024-05-20T09:06:37.166Z","s","l"
"0.66470","2257.50620814","2024-05-20T09:06:37.166Z","s","l"
"0.66420","4649.89831926","2024-05-20T09:06:37.166Z","s","l"
"0.66440","17.67437836","2024-05-20T09:26:54.966Z","b","m"
"0.66420","355.39358949","2024-05-20T09:31:26.709Z","s","l"
"0.66400","1092.29929001","2024-05-20T09:31:26.709Z","s","l"
"0.66370","173.84436600","2024-05-20T09:32:51.574Z","s","l"
"0.67030","148.96469536","2024-05-20T10:42:02.921Z","s","l"
"0.67010","36.15038100","2024-05-20T11:20:51.464Z","s","l"
"0.66550","1566.47512680","2024-05-20T12:10:22.016Z","s","l"
"0.66040","236.17117011","2024-05-20T12:21:29.474Z","b","l"
"0.65920","1171.00000000","2024-05-20T12:41:44.351Z","b","l"
"0.65910","64.12604192","2024-05-20T12:46:33.149Z","s","l"
"0.65820","8.03414802","2024-05-20T12:46:33.149Z","s","l"
"0.65800","143.53416006","2024-05-20T12:46:33.149Z","s","l"
"0.65940","185.45223639","2024-05-20T12:52:40.928Z","s","l"
"0.65930","1670.75042961","2024-05-20T12:52:40.928Z","s","l"
"0.66040","275.41902100","2024-05-20T13:35:39.277Z","s","l"
"0.66050","300.00000000","2024-05-20T13:47:06.744Z","b","l"
"0.66050","300.10991672","2024-05-20T13:47:06.748Z","b","l"
"0.66050","2099.79079612","2024-05-20T13:47:06.751Z","b","l"
"0.66160","98.67527124","2024-05-20T13:47:06.754Z","b","l"
"0.66170","3961.00000000","2024-05-20T13:48:54.599Z","b","l"
"0.66190","1262.88059701","2024-05-20T13:48:54.599Z","b","l"
"0.66260","300.00000000","2024-05-20T13:52:22.275Z","s","l"
"0.66260","159.01954197","2024-05-20T13:52:22.276Z","s","l"
"0.66210","237.84974318","2024-05-20T13:52:22.301Z","s","l"
"0.66190","933.15025682","2024-05-20T13:52:22.301Z","s","l"
"0.66190","641.91601738","2024-05-20T13:52:22.308Z","s","l"
"0.66070","755.17209020","2024-05-20T13:52:58.952Z","b","l"
"0.65810","238.08347563","2024-05-20T13:57:16.286Z","b","l"
"0.65860","300.00000000","2024-05-20T13:57:16.298Z","b","l"
"0.65860","1286.68916919","2024-05-20T13:57:16.309Z","b","l"
"0.65930","100.00000000","2024-05-20T14:39:43.161Z","b","l"
"0.66580","140.17729500","2024-05-20T15:26:00.580Z","b","l"
"0.66570","7.94698316","2024-05-20T15:42:32.946Z","s","l"
"0.66450","10.09608400","2024-05-20T15:50:13.457Z","s","l"
"0.66570","375.77933317","2024-05-20T16:04:13.453Z","b","l"
"0.66500","352.00000000","2024-05-20T16:07:50.950Z","s","l"
"0.66590","375.64593370","2024-05-20T16:31:51.475Z","b","l"
"0.66600","353.56676430","2024-05-20T16:31:51.475Z","b","l"
"0.67100","63.14031927","2024-05-20T16:52:53.052Z","b","l"
"0.67100","1107.85968073","2024-05-20T16:52:53.052Z","b","l"
"0.67100","1914.30148963","2024-05-20T16:53:51.023Z","b","l"
"0.67130","48.84314017","2024-05-20T16:53:51.023Z","b","l"
"0.67230","28.32185184","2024-05-20T17:17:53.561Z","b","l"
"0.67160","1110.76000000","2024-05-20T17:23:24.239Z","s","l"
"0.67160","1563.76834737","2024-05-20T17:23:24.241Z","s","l"
"0.67050","2.89597000","2024-05-20T17:28:55.462Z","b","l"
"0.67250","40.00000000","2024-05-20T18:10:27.817Z","s","m"
"0.67190","700.00000000","2024-05-20T18:56:16.490Z","s","l"
"0.67500","75.00000000","2024-05-20T19:23:17.515Z","b","l"
"0.67550","225.00000000","2024-05-20T19:23:17.515Z","b","l"
"0.67550","3115.39127737","2024-05-20T19:23:17.517Z","b","l"
"0.67830","14.82063883","2024-05-20T19:24:05.520Z","b","l"
"0.67850","75.34659433","2024-05-20T19:24:09.311Z","b","l"
"0.68000","100.00000000","2024-05-20T19:25:19.149Z","b","l"
"0.68070","33.02804826","2024-05-20T19:25:27.981Z","s","l"
"0.68100","52.08715927","2024-05-20T19:25:34.317Z","b","l"
"0.68130","247.40005000","2024-05-20T19:26:05.085Z","b","l"
"0.67970","562.82331906","2024-05-20T19:27:18.791Z","b","l"
"0.67880","231.99810689","2024-05-20T19:28:33.306Z","s","l"
"0.67670","288.31554122","2024-05-20T19:29:25.046Z","s","l"
"0.67660","11.68445878","2024-05-20T19:29:25.046Z","s","l"
"0.67660","546.23873597","2024-05-20T19:29:25.057Z","s","l"
"0.67620","1115.28000000","2024-05-20T19:29:25.057Z","s","l"
"0.67770","29.51158330","2024-05-20T19:29:58.754Z","b","m"
"0.67800","7.49315979","2024-05-20T19:31:00.743Z","s","l"
"0.68230","27.90348979","2024-05-20T19:36:07.501Z","b","l"
"0.68290","183.62999366","2024-05-20T19:36:22.082Z","b","l"
"0.68500","324.15440103","2024-05-20T19:38:54.543Z","s","m"
"0.68130","135.87779658","2024-05-20T19:41:17.922Z","s","m"
"0.68590","44.41944420","2024-05-20T19:47:21.695Z","b","l"
"0.68700","311.00000000","2024-05-20T19:49:08.169Z","s","l"
"0.68700","472.00000000","2024-05-20T19:49:08.181Z","s","l"
"0.68700","158.00000000","2024-05-20T19:49:08.192Z","s","l"
"0.68700","2342.00000000","2024-05-20T19:49:09.688Z","s","l"
"0.68700","10.32010000","2024-05-20T19:50:03.160Z","s","l"
"0.68640","300.00000000","2024-05-20T19:51:56.227Z","s","l"
"0.68640","428.43822843","2024-05-20T19:51:56.227Z","s","l"
"0.68650","29.51158330","2024-05-20T19:53:05.927Z","s","m"
"0.68630","29.14177474","2024-05-20T19:54:37.215Z","s","l"
"0.68610","2257.50620814","2024-05-20T19:54:48.030Z","b","l"
"0.68620","1092.29929001","2024-05-20T19:54:48.030Z","b","l"
"0.68630","610.43518327","2024-05-20T19:54:48.030Z","b","l"
"0.68720","10.00000000","2024-05-20T20:00:09.190Z","s","m"
"0.68720","40.00000000","2024-05-20T20:00:09.190Z","s","m"
"0.68720","50.00000000","2024-05-20T20:00:09.190Z","s","m"
"0.68720","50.00000000","2024-05-20T20:00:09.190Z","s","m"
"0.68260","82.94735500","2024-05-20T20:26:36.149Z","b","l"
"0.68990","102.14237503","2024-05-20T20:35:11.275Z","b","l"
"0.68990","102.04023265","2024-05-20T20:35:11.276Z","b","l"
"0.68990","16.48012413","2024-05-20T20:35:11.511Z","b","l"
"0.69090","7.00020900","2024-05-20T20:35:12.649Z","b","l"
"0.69120","63.14031927","2024-05-20T20:35:12.649Z","b","l"
"0.69090","98.46592193","2024-05-20T20:35:46.250Z","s","l"
"0.69130","361.87443934","2024-05-20T20:40:30.498Z","b","m"
"0.69140","3961.00000000","2024-05-20T20:40:30.498Z","b","m"
"0.69160","524.00255562","2024-05-20T20:40:30.498Z","b","m"
"0.69160","546.58647692","2024-05-20T20:40:30.498Z","b","m"
"0.69190","1836.65474780","2024-05-20T20:40:30.498Z","b","m"
"0.69060","289.44050317","2024-05-20T20:40:55.794Z","s","m"
"0.69050","1226.94547157","2024-05-20T20:40:55.794Z","s","m"
"0.69090","250.00000000","2024-05-20T20:44:08.070Z","b","m"
"0.69090","51.48971400","2024-05-20T20:44:33.857Z","b","l"
"0.68960","700.00000000","2024-05-20T20:50:57.924Z","b","m"
"0.68980","1092.29929001","2024-05-20T20:55:44.357Z","s","l"
"0.68970","590.49164899","2024-05-20T20:55:44.357Z","s","l"
"0.69040","74.17944933","2024-05-20T20:55:45.318Z","b","l"
"0.68990","26.23093300","2024-05-20T20:56:58.853Z","b","l"
"0.68790","290.55042249","2024-05-20T21:01:28.592Z","s","l"
"0.68580","23.64172036","2024-05-20T21:10:11.312Z","s","l"
"0.68850","7.81421587","2024-05-20T21:29:00.526Z","s","l"
"0.68850","189.79296465","2024-05-20T21:29:00.526Z","s","l"
"0.68820","363.39693792","2024-05-20T21:29:45.091Z","b","m"
"0.68820","1089.66903516","2024-05-20T21:29:45.091Z","b","m"
"0.69090","60.47403140","2024-05-20T21:33:28.160Z","b","l"
"0.69110","239.52596860","2024-05-20T21:33:28.160Z","b","l"
"0.69110","122.38219999","2024-05-20T21:34:48.011Z","b","l"
"0.69250","27.49326513","2024-05-20T21:34:56.555Z","b","l"
"0.69370","288.18091622","2024-05-20T21:37:28.936Z","s","l"
"0.69360","2257.50620814","2024-05-20T21:37:28.936Z","s","l"
"0.69360","1092.29929001","2024-05-20T21:37:28.936Z","s","l"
"0.69350","260.93055313","2024-05-20T21:37:28.936Z","s","l"
"0.69330","360.74981529","2024-05-20T21:47:57.709Z","b","m"
"0.69330","2257.50620814","2024-05-20T21:47:57.709Z","b","m"
"0.69360","1092.29929001","2024-05-20T21:47:57.709Z","b","m"
"0.69370","523.64707356","2024-05-20T21:47:57.709Z","b","m"
"0.69370","109.83165801","2024-05-20T21:47:57.709Z","b","m"
"0.69410","512.71468970","2024-05-20T21:47:57.709Z","b","m"
"0.69410","6384.95000000","2024-05-20T21:47:57.709Z","b","m"
"0.69410","1848.33531030","2024-05-20T21:47:57.709Z","b","m"
"0.69410","724.80000000","2024-05-20T21:47:57.709Z","b","m"
"0.69420","596.39560645","2024-05-20T21:47:57.709Z","b","m"
"0.69370","41.39527119","2024-05-20T21:51:30.781Z","s","m"
"0.69640","29.14177474","2024-05-20T21:54:54.088Z","b","l"
"0.69690","300.00000000","2024-05-20T21:57:40.736Z","b","l"
"0.69720","286.65076545","2024-05-20T22:00:38.515Z","s","l"
"0.69780","66.64314400","2024-05-20T22:01:19.778Z","s","l"
"0.69700","9.83269874","2024-05-20T22:01:51.657Z","s","l"
"0.69700","276.86476561","2024-05-20T22:07:45.305Z","s","l"
"0.69680","28.70264065","2024-05-20T22:14:55.078Z","b","l"
"0.69680","22.57512959","2024-05-20T22:15:08.138Z","b","l"
"0.69600","300.00000000","2024-05-20T22:25:50.738Z","s","l"
"0.69600","223.51901899","2024-05-20T22:25:50.747Z","s","l"
"0.69690","728.43822843","2024-05-20T22:38:28.588Z","s","l"
"0.69660","15.08537800","2024-05-20T22:52:19.447Z","b","l"
"0.69590","1435.54407120","2024-05-20T22:59:11.109Z","b","l"
"0.69520","114.14374700","2024-05-20T23:03:42.048Z","s","l"
"0.69490","43.14684309","2024-05-20T23:07:26.134Z","b","l"
"0.69510","287.56959429","2024-05-20T23:16:15.020Z","s","l"
"0.69800","341.68961285","2024-05-20T23:24:11.500Z","b","l"
"0.69850","300.00000000","2024-05-20T23:28:52.465Z","b","l"
"0.69850","106.52650624","2024-05-20T23:28:58.404Z","b","l"
"0.69840","12.37018813","2024-05-20T23:35:03.084Z","b","l"
"0.69830","300.00000000","2024-05-20T23:41:24.433Z","s","l"
"0.69830","1495.60295501","2024-05-20T23:41:24.495Z","s","l"
"0.69830","300.00000000","2024-05-20T23:41:27.161Z","s","l"
"0.69830","1171.00000000","2024-05-20T23:41:27.168Z","s","l"
"0.69830","776.89339326","2024-05-20T23:41:27.185Z","s","l"
"0.69970","28.00000000","2024-05-21T00:00:54.250Z","b","l"
"0.70000","40.33482507","2024-05-21T00:00:54.250Z","b","l"
"0.70000","75.00000000","2024-05-21T00:00:54.250Z","b","l"
"0.70060","1000.00000000","2024-05-21T00:02:25.183Z","s","m"
"0.69970","300.00000000","2024-05-21T00:06:36.922Z","s","l"
"0.70100","17.82730000","2024-05-21T00:15:02.821Z","b","m"
"0.70140","160.00000000","2024-05-21T00:17:24.185Z","s","l"
"0.70070","14.27144284","2024-05-21T00:19:16.153Z","s","m"
"0.70040","357.04045314","2024-05-21T00:19:16.153Z","s","m"
"0.70130","142.57199885","2024-05-21T00:25:46.330Z","b","m"
"0.70120","85.28128682","2024-05-21T00:33:18.010Z","b","l"
"0.70050","1000.00000000","2024-05-21T00:37:03.877Z","b","l"
"0.69910","143.04105278","2024-05-21T00:47:43.495Z","b","m"
"0.69510","14.17381200","2024-05-21T01:00:02.034Z","b","l"
"0.69460","402.50221832","2024-05-21T01:00:34.574Z","s","l"
"0.69460","80.15464134","2024-05-21T01:00:34.574Z","s","l"
"0.69180","2257.50620814","2024-05-21T01:08:16.148Z","b","l"
"0.69210","227.26071860","2024-05-21T01:08:16.148Z","b","l"
"0.69230","352.41415483","2024-05-21T01:08:16.148Z","b","l"
"0.69230","361.46685901","2024-05-21T01:08:16.148Z","b","l"
"0.69250","1171.00000000","2024-05-21T01:08:42.266Z","s","l"
"0.69250","2342.00000000","2024-05-21T01:09:36.905Z","s","l"
"0.69250","1171.00000000","2024-05-21T01:10:09.378Z","s","l"
"0.69250","1171.00000000","2024-05-21T01:10:13.316Z","s","l"
"0.69250","677.00000000","2024-05-21T01:13:24.286Z","s","l"
"0.69250","455.00000000","2024-05-21T01:13:24.301Z","s","l"
"0.69250","151.00000000","2024-05-21T01:13:24.330Z","s","l"
"0.69250","1171.00000000","2024-05-21T01:13:24.800Z","s","l"
"0.69250","300.00000000","2024-05-21T01:13:24.820Z","s","l"
"0.69250","300.00000000","2024-05-21T01:14:17.961Z","s","l"
"0.69250","3570.04881032","2024-05-21T01:14:17.963Z","s","l"
"0.69100","288.83540918","2024-05-21T01:14:17.966Z","s","l"
"0.69090","1507.15538488","2024-05-21T01:14:17.966Z","s","l"
"0.69040","2035.35752814","2024-05-21T01:14:17.966Z","s","l"
"0.69030","44.90801101","2024-05-21T01:14:41.745Z","s","l"
"0.69010","255.09198899","2024-05-21T01:14:41.745Z","s","l"
"0.69000","419.93552290","2024-05-21T01:14:41.754Z","s","l"
"0.68970","289.62499494","2024-05-21T01:14:41.754Z","s","l"
"0.68940","1178.25000000","2024-05-21T01:14:41.755Z","s","l"
"0.68990","7.62371235","2024-05-21T01:15:51.000Z","s","l"
"0.68990","457.21982156","2024-05-21T01:15:51.050Z","s","l"
"0.68890","14.51589491","2024-05-21T01:23:04.119Z","s","l"
"0.68570","40.02778072","2024-05-21T01:28:03.015Z","s","l"
"0.68560","229.69707549","2024-05-21T01:29:23.819Z","s","l"
"0.68560","990.77292451","2024-05-21T01:29:23.819Z","s","l"
"0.68570","161.86827209","2024-05-21T01:31:09.689Z","b","l"
"0.68780","196.99441600","2024-05-21T01:33:06.033Z","s","l"
"0.69030","1092.29929001","2024-05-21T01:36:44.300Z","s","l"
"0.69020","249.82629199","2024-05-21T01:36:44.300Z","s","l"
"0.69150","69.66028500","2024-05-21T01:42:24.161Z","b","l"
"0.69240","1092.29929001","2024-05-21T01:47:41.346Z","s","l"
"0.69240","542.79645452","2024-05-21T01:47:41.346Z","s","l"
"0.69240","2872.77356313","2024-05-21T01:47:41.346Z","s","l"
"0.69150","122.00000000","2024-05-21T01:55:22.601Z","b","m"
"0.69250","300.00000000","2024-05-21T01:56:57.204Z","b","l"
"0.69250","183.95130664","2024-05-21T02:10:40.611Z","b","l"
"0.69260","4.74869336","2024-05-21T02:10:40.611Z","b","l"
"0.69260","833.60000000","2024-05-21T02:11:00.017Z","b","l"
"0.69260","155.20000000","2024-05-21T02:11:00.017Z","b","l"
"0.69260","386.40000000","2024-05-21T02:11:00.023Z","b","l"
"0.69260","3843.93190365","2024-05-21T02:11:09.846Z","b","l"
"0.69400","648.41498559","2024-05-21T03:59:07.268Z","b","m"
"0.69380","1453.01239550","2024-05-21T04:00:06.276Z","b","l"
"0.69460","773.46157836","2024-05-21T04:25:24.612Z","s","m"
"0.69500","6.06179200","2024-05-21T04:27:53.817Z","s","l"
"0.69520","1092.29929001","2024-05-21T04:28:36.306Z","s","l"
"0.69510","2185.16575499","2024-05-21T04:28:36.306Z","s","l"
"0.69500","40.02778072","2024-05-21T04:30:54.503Z","s","l"
"0.69520","2257.50620814","2024-05-21T04:45:06.007Z","b","l"
"0.69540","225.55682325","2024-05-21T04:45:06.007Z","b","l"
"0.69570","481.14287954","2024-05-21T04:45:30.901Z","s","l"
"0.69570","2342.00000000","2024-05-21T04:45:45.559Z","s","l"
"0.69570","301.33443137","2024-05-21T04:46:11.910Z","s","l"
"0.69570","1171.00000000","2024-05-21T04:47:41.121Z","s","l"
"0.69570","300.00000000","2024-05-21T04:47:41.338Z","s","l"
"0.69570","361.45139584","2024-05-21T04:47:41.388Z","s","l"
"0.69570","1501.58719693","2024-05-21T04:47:41.461Z","s","l"
"0.69570","2257.50620814","2024-05-21T04:47:41.549Z","s","l"
"0.69570","481.44497534","2024-05-21T04:47:41.702Z","s","l"
"0.69570","519.81219233","2024-05-21T04:47:41.708Z","s","l"
"0.69570","1508.16600000","2024-05-21T04:47:41.713Z","s","l"
"0.69570","481.36937078","2024-05-21T04:47:42.109Z","s","l"
"0.69570","361.52113797","2024-05-21T04:47:42.110Z","s","l"
"0.69570","784.34353888","2024-05-21T04:47:42.110Z","s","l"
"0.69570","361.52113797","2024-05-21T04:47:42.337Z","s","l"
"0.69570","201.10246112","2024-05-21T04:47:42.425Z","s","l"
"0.69570","138.14054275","2024-05-21T04:47:42.543Z","s","l"
"0.69570","284.68185816","2024-05-21T04:47:42.556Z","s","l"
"0.69570","284.68185816","2024-05-21T04:47:42.633Z","s","l"
"0.69570","76.85887831","2024-05-21T04:47:42.652Z","s","l"
"0.69570","137.16499339","2024-05-21T04:47:43.154Z","s","l"
"0.69570","480.35225328","2024-05-21T04:47:43.654Z","s","l"
"0.69570","480.35225328","2024-05-21T04:47:43.685Z","s","l"
"0.69570","24.74149344","2024-05-21T04:47:43.708Z","s","l"
"0.69570","455.61075985","2024-05-21T04:47:44.382Z","s","l"
"0.69570","480.35225328","2024-05-21T04:47:44.412Z","s","l"
"0.69570","49.48298687","2024-05-21T04:47:44.445Z","s","l"
"0.69570","300.00000000","2024-05-21T04:47:44.898Z","s","l"
"0.69570","571.48901788","2024-05-21T04:48:00.041Z","s","l"
"0.69570","180.15394566","2024-05-21T04:48:00.159Z","s","l"
"0.69570","179.97218058","2024-05-21T04:48:00.260Z","s","l"
"0.69570","2257.50620814","2024-05-21T04:48:02.641Z","s","l"
"0.69570","1954.32442144","2024-05-21T04:48:02.644Z","s","l"
"0.69570","480.84217335","2024-05-21T04:48:02.682Z","s","l"
"0.69570","4260.90297542","2024-05-21T04:48:02.692Z","s","l"
"0.69570","480.34784367","2024-05-21T04:48:02.739Z","s","l"
"0.69570","481.52048675","2024-05-21T04:48:04.004Z","s","l"
"0.69570","57.60500481","2024-05-21T04:48:18.347Z","s","l"
"0.69570","378.41724339","2024-05-21T04:48:36.447Z","s","l"
"0.69570","481.59617966","2024-05-21T04:48:36.447Z","s","l"
"0.69570","568.90996078","2024-05-21T04:48:59.339Z","s","l"
"0.69570","1171.00000000","2024-05-21T04:49:07.355Z","s","l"
"0.69570","300.00000000","2024-05-21T04:49:07.420Z","s","l"
"0.69570","1502.03349822","2024-05-21T04:49:07.438Z","s","l"
"0.69570","366.85723714","2024-05-21T04:49:07.525Z","s","l"
"0.69570","481.59607535","2024-05-21T04:49:07.526Z","s","l"
"0.69570","962.88983048","2024-05-21T04:49:07.595Z","s","l"
"0.69570","481.44491525","2024-05-21T04:49:07.596Z","s","l"
"0.69570","522.71999999","2024-05-21T04:49:07.641Z","s","l"
"0.69570","858.97432838","2024-05-21T04:49:08.510Z","s","l"
"0.69570","3599.96699861","2024-05-21T04:49:15.653Z","s","l"
"0.69570","123.57900517","2024-05-21T04:49:21.064Z","s","l"
"0.69570","14.15409984","2024-05-21T04:49:21.099Z","s","l"
"0.69570","116.20477546","2024-05-21T04:49:27.576Z","s","l"
"0.69570","2.37152604","2024-05-21T04:49:27.577Z","s","l"
"0.69400","100.00000000","2024-05-21T04:54:29.224Z","b","l"
"0.69430","360.12984523","2024-05-21T04:58:53.820Z","b","m"
"0.69430","508.23343289","2024-05-21T04:58:53.820Z","b","m"
"0.69570","27.23156696","2024-05-21T05:23:43.735Z","b","l"
"0.69570","16.15140629","2024-05-21T05:24:42.271Z","b","l"
"0.69570","9.59935690","2024-05-21T05:25:17.540Z","b","l"
"0.69570","14.13502765","2024-05-21T05:25:18.539Z","b","l"
"0.69560","38.98656051","2024-05-21T05:29:34.552Z","s","m"
"0.69580","868.36327812","2024-05-21T05:29:39.822Z","s","m"
"0.69700","300.00000000","2024-05-21T05:31:37.539Z","b","l"
"0.69710","1171.00000000","2024-05-21T05:31:37.550Z","b","l"
"0.69670","50.00000000","2024-05-21T05:35:02.637Z","s","l"
"0.69810","193.84462876","2024-05-21T05:39:21.677Z","b","l"
"0.69520","1081.37629709","2024-05-21T05:50:33.672Z","s","l"
"0.69520","10.92299292","2024-05-21T05:50:33.673Z","s","l"
"0.69480","284.70131819","2024-05-21T05:50:34.464Z","s","l"
"0.69490","281.87987252","2024-05-21T05:50:38.825Z","s","l"
"0.69520","471.27872517","2024-05-21T05:50:40.016Z","b","l"
"0.69530","1685.83912364","2024-05-21T05:50:40.016Z","b","l"
"0.69500","482.35332789","2024-05-21T05:50:44.098Z","s","l"
"0.69500","306.44972803","2024-05-21T05:50:45.200Z","s","l"
"0.69540","2157.59281573","2024-05-21T05:50:50.084Z","b","l"
"0.69480","482.27750575","2024-05-21T05:50:51.042Z","s","l"
"0.69480","603.92156640","2024-05-21T05:50:55.067Z","s","l"
"0.69480","6.10021786","2024-05-21T05:50:55.068Z","s","l"
"0.69470","157.49589750","2024-05-21T05:50:59.077Z","s","l"
"0.69480","151.37732680","2024-05-21T05:51:00.098Z","b","l"
"0.69580","359.37285954","2024-05-21T05:55:50.088Z","b","l"
"0.69580","1797.00836521","2024-05-21T05:55:50.088Z","b","l"
"0.69570","207.20833117","2024-05-21T05:56:16.121Z","b","l"
"0.69580","2156.37971799","2024-05-21T05:56:28.116Z","b","l"
"0.69500","2158.93160279","2024-05-21T06:01:28.208Z","b","l"
"0.69520","2158.44696226","2024-05-21T06:09:53.194Z","b","l"
"0.69530","202.91442542","2024-05-21T06:22:35.139Z","b","l"
"0.69640","23.65508271","2024-05-21T06:22:45.171Z","b","l"
"0.69640","1092.29929001","2024-05-21T06:22:45.171Z","b","l"
"0.69650","1092.29929001","2024-05-21T06:22:56.131Z","b","l"
"0.69440","72.49493087","2024-05-21T06:25:40.071Z","s","l"
"0.69320","1092.29929001","2024-05-21T06:26:00.900Z","b","l"
"0.69350","706.06691025","2024-05-21T06:26:11.200Z","b","l"
"0.69150","2.31067100","2024-05-21T06:42:38.974Z","b","l"
"0.69110","2.84915500","2024-05-21T06:42:56.147Z","s","l"
"0.69170","1092.29929001","2024-05-21T07:09:33.145Z","b","l"
"0.69190","1092.29929001","2024-05-21T07:09:43.192Z","b","l"
"0.69270","750.00000018","2024-05-21T07:24:38.069Z","b","l"
"0.69390","482.35330188","2024-05-21T07:43:38.662Z","s","l"
"0.69430","14.58189565","2024-05-21T07:49:18.102Z","s","l"
"0.69480","2159.35580048","2024-05-21T08:17:34.711Z","b","l"
"0.69520","1092.29929001","2024-05-21T08:32:29.813Z","b","l"
"0.69470","20.56008382","2024-05-21T08:44:26.102Z","s","l"
"0.69460","131.63141818","2024-05-21T08:44:26.102Z","s","l"
"0.69530","12.09261700","2024-05-21T08:44:33.903Z","b","l"
"0.69530","2157.91644046","2024-05-21T08:45:26.605Z","b","l"
"0.69520","1092.29929001","2024-05-21T09:04:49.674Z","b","l"
"0.69590","1055.11071968","2024-05-21T09:11:25.221Z","b","l"
"0.69590","146.21331383","2024-05-21T09:11:25.221Z","b","l"
"0.69600","444.11681034","2024-05-21T09:11:37.196Z","b","l"
"0.69350","1171.00000000","2024-05-21T09:30:33.201Z","s","l"
"0.69350","89.05159600","2024-05-21T09:34:38.023Z","b","l"
"0.69360","43.16521989","2024-05-21T09:36:18.126Z","b","l"
"0.69380","68.55751500","2024-05-21T09:43:14.046Z","b","l"
"0.69330","672.50710400","2024-05-21T09:48:20.381Z","s","l"
"0.69370","13.82776200","2024-05-21T09:53:21.067Z","s","l"
"0.69470","49.07766000","2024-05-21T10:20:16.886Z","s","l"
"0.69090","152.82944331","2024-05-21T12:01:42.091Z","b","l"
"0.69140","131.63309430","2024-05-21T12:01:55.496Z","b","l"
"0.69460","279.54903200","2024-05-21T12:15:20.763Z","b","l"
"0.69460","287.74721287","2024-05-21T12:18:52.870Z","s","l"
"0.69460","11.25918913","2024-05-21T12:18:52.870Z","s","l"
"0.69680","499.63981170","2024-05-21T12:37:00.841Z","b","l"
"0.70000","2.62187000","2024-05-21T13:22:34.048Z","b","l"
"0.70010","13.87160700","2024-05-21T13:22:59.343Z","b","l"
"0.70020","149.29761581","2024-05-21T13:28:34.746Z","b","l"
"0.70150","63.14031927","2024-05-21T13:29:12.128Z","b","l"
"0.70280","735.04892500","2024-05-21T13:36:49.243Z","s","l"
"0.70290","27.08707854","2024-05-21T13:37:02.723Z","b","l"
"0.70510","43.21853556","2024-05-21T13:39:43.087Z","b","l"
"0.70390","6.08647000","2024-05-21T13:41:00.263Z","s","l"
"0.70390","97.82116969","2024-05-21T13:41:02.915Z","s","m"
"0.70370","33.29234100","2024-05-21T13:41:19.397Z","s","l"
"0.70410","10.00000000","2024-05-21T13:43:19.545Z","s","m"
"0.70590","83.79990100","2024-05-21T13:47:25.200Z","b","l"
"0.70520","72.67641180","2024-05-21T13:47:56.991Z","b","l"
"0.70430","20.67155000","2024-05-21T13:48:33.943Z","b","l"
"0.70050","23.27234702","2024-05-21T13:51:07.290Z","s","l"
"0.70000","3567.41227065","2024-05-21T13:54:18.709Z","b","l"
"0.70000","285.47992597","2024-05-21T13:54:26.999Z","b","l"
"0.70000","285.48673182","2024-05-21T13:54:30.626Z","b","l"
"0.70000","300.00000000","2024-05-21T13:54:32.710Z","b","l"
"0.70000","2791.73929124","2024-05-21T13:54:32.733Z","b","l"
"0.70160","28.46164793","2024-05-21T13:56:36.861Z","b","l"
"0.70160","7.00000000","2024-05-21T13:56:59.321Z","b","l"
"0.70050","10.71122536","2024-05-21T13:59:34.302Z","s","l"
"0.70130","861.76897032","2024-05-21T14:19:56.702Z","b","m"
"0.69980","357.46003432","2024-05-21T14:21:31.286Z","b","l"
"0.69980","1092.29929001","2024-05-21T14:21:31.286Z","b","l"
"0.69990","1324.95855667","2024-05-21T14:21:31.286Z","b","l"
"0.69830","25.69060941","2024-05-21T14:28:15.173Z","s","l"
"0.69910","25.69060941","2024-05-21T14:31:13.196Z","b","l"
"0.69960","285.69299574","2024-05-21T14:45:35.609Z","s","l"
"0.69960","1885.65319326","2024-05-21T14:45:35.609Z","s","l"
"0.69890","214.68441391","2024-05-21T14:53:43.046Z","s","m"
"0.69900","45.86052810","2024-05-21T14:54:48.713Z","s","l"
"0.69890","194.30058832","2024-05-21T14:54:48.713Z","s","l"
"0.69890","1559.83888358","2024-05-21T14:54:48.713Z","s","l"
"0.70010","3.09138800","2024-05-21T15:05:54.513Z","s","l"
"0.70150","20.21103454","2024-05-21T15:19:28.542Z","b","m"
"0.69370","14.41545337","2024-05-21T15:55:52.152Z","s","l"
"0.69380","100.08773451","2024-05-21T16:00:16.390Z","s","l"
"0.69350","18.65449600","2024-05-21T16:00:45.492Z","b","l"
"0.69600","200.00000000","2024-05-21T16:09:00.375Z","s","l"
"0.69760","41.84152800","2024-05-21T16:28:27.335Z","b","l"
"0.69320","107.21591000","2024-05-21T16:42:16.313Z","s","l"
"0.69320","474.81750200","2024-05-21T16:42:16.313Z","s","l"
"0.69400","189.86474672","2024-05-21T16:44:11.581Z","b","l"
"0.69590","31.56308100","2024-05-21T17:18:12.198Z","s","l"
"0.69540","1171.00000000","2024-05-21T17:44:45.418Z","b","l"
"0.69800","2257.50620814","2024-05-21T17:46:59.776Z","b","l"
"0.70230","22.15440740","2024-05-21T18:08:45.907Z","s","l"
"0.70170","28.63298904","2024-05-21T18:09:47.151Z","b","l"
"0.69820","300.00000000","2024-05-21T18:17:39.325Z","b","l"
"0.69820","71.19267387","2024-05-21T18:17:39.416Z","b","l"
"0.69810","1014.53386700","2024-05-21T18:20:47.147Z","b","l"
"0.69800","1171.00000000","2024-05-21T18:30:31.547Z","s","l"
"0.69800","1171.00000000","2024-05-21T18:30:49.055Z","s","l"
"0.69800","1171.00000000","2024-05-21T18:31:06.970Z","s","l"
"0.69800","1171.00000000","2024-05-21T18:31:13.222Z","s","l"
"0.69800","221.81757409","2024-05-21T18:31:13.397Z","s","l"
"0.69750","1171.00000000","2024-05-21T18:33:06.411Z","b","l"
"0.70210","2257.50620814","2024-05-21T18:59:34.499Z","b","l"
"0.70210","356.15066658","2024-05-21T18:59:34.499Z","b","l"
"0.70220","1486.68631497","2024-05-21T18:59:34.499Z","b","l"
"0.70240","356.25858020","2024-05-21T18:59:34.499Z","b","l"
"0.70240","442.52479260","2024-05-21T18:59:34.499Z","b","l"
"0.70270","712.60000000","2024-05-21T18:59:34.499Z","b","l"
"0.70270","506.00871106","2024-05-21T18:59:34.499Z","b","l"
"0.70280","1328.71468970","2024-05-21T18:59:34.499Z","b","l"
"0.70280","6456.07659775","2024-05-21T18:59:34.499Z","b","l"
"0.70150","727.44119700","2024-05-21T19:09:56.393Z","s","l"
"0.70210","68.96054693","2024-05-21T19:10:25.329Z","b","m"
"0.70180","142.49073810","2024-05-21T19:13:01.817Z","b","m"
"0.70060","261.44118083","2024-05-21T19:20:21.360Z","s","m"
"0.69780","1092.29929001","2024-05-21T19:27:45.348Z","s","l"
"0.69770","286.46061315","2024-05-21T19:27:45.348Z","s","l"
"0.69760","680.09098390","2024-05-21T19:27:45.348Z","s","l"
"0.69760","1486.46674504","2024-05-21T19:27:45.348Z","s","l"
"0.69740","718.68735582","2024-05-21T19:27:45.348Z","s","l"
"0.69770","300.00000000","2024-05-21T19:28:24.817Z","s","l"
"0.69410","100.00000000","2024-05-21T19:31:20.892Z","s","m"
"0.69410","150.00000000","2024-05-21T19:31:20.892Z","s","m"
"0.69960","433.25827235","2024-05-21T19:36:57.408Z","s","m"
"0.70020","1092.29929001","2024-05-21T19:51:10.853Z","s","l"
"0.70020","173.16588687","2024-05-21T19:51:10.853Z","s","l"
"0.70020","862.98763412","2024-05-21T19:51:10.853Z","s","l"
"0.69980","1490.21845284","2024-05-21T19:51:57.729Z","s","l"
"0.70000","300.00000000","2024-05-21T19:54:44.958Z","b","l"
"0.70030","357.24192201","2024-05-21T19:54:44.969Z","b","l"
"0.70060","1093.20000000","2024-05-21T19:54:45.006Z","b","l"
"0.70060","398.07692333","2024-05-21T19:54:45.022Z","b","l"
"0.70080","712.60000000","2024-05-21T19:54:45.049Z","b","l"
"0.70200","300.00000000","2024-05-21T19:55:09.160Z","b","l"
"0.70200","56.22569472","2024-05-21T19:55:09.161Z","b","l"
"0.70450","135.64139776","2024-05-21T19:57:00.154Z","s","l"
"0.70240","2121.01804607","2024-05-21T20:03:48.981Z","s","l"
"0.70240","2121.01804607","2024-05-21T20:03:48.981Z","s","l"
"0.70210","284.55194357","2024-05-21T20:03:48.982Z","s","l"
"0.70110","300.00000000","2024-05-21T20:04:26.805Z","b","l"
"0.70110","1171.00000000","2024-05-21T20:04:26.831Z","b","l"
"0.70110","1770.16625165","2024-05-21T20:04:26.866Z","b","l"
"0.70040","285.35015400","2024-05-21T20:07:21.093Z","s","l"
"0.70030","282.47492695","2024-05-21T20:07:21.093Z","s","l"
"0.70030","1003.37903274","2024-05-21T20:07:21.093Z","s","l"
"0.69980","300.00000000","2024-05-21T20:12:18.204Z","s","l"
"0.69980","171.15189504","2024-05-21T20:12:18.210Z","s","l"
"0.69950","708.70000000","2024-05-21T20:12:18.210Z","s","l"
"0.69810","1055.94528004","2024-05-21T20:14:38.249Z","b","l"
"0.69690","9.00000000","2024-05-21T20:15:27.380Z","s","l"
"0.69760","2.22960900","2024-05-21T20:18:00.135Z","s","l"