"price","volume","time","side","orderType"
"0.06730000","34270.10000000","2023-03-29T15:58:11.359Z","sell","maker"
"0.06730000","59022.90000000","2023-03-29T15:58:11.359Z","sell","maker"
"0.06730000","2707.00000000","2023-03-29T15:58:11.359Z","sell","maker"
"0.06720000","1158.50000000","2023-03-29T15:55:41.514Z","sell","maker"
"0.06720000","48000.00000000","2023-03-29T15:55:41.514Z","sell","maker"
"0.06720000","31412.30000000","2023-03-29T15:55:41.476Z","sell","maker"
"0.06710000","7473.80000000","2023-03-29T15:53:50.241Z","sell","maker"
"0.06710000","7473.80000000","2023-03-29T15:53:50.212Z","sell","maker"
"0.06700000","23493.90000000","2023-03-29T15:53:50.198Z","sell","maker"
"0.06700000","6895.30000000","2023-03-29T15:53:50.195Z","sell","maker"
"0.06700000","41071.70000000","2023-03-29T15:53:44.218Z","sell","maker"
"0.06700000","40857.50000000","2023-03-29T15:52:50.047Z","sell","maker"
"0.06700000","5993.90000000","2023-03-29T15:51:37.639Z","sell","maker"
"0.06700000","2953.80000000","2023-03-29T15:51:37.639Z","sell","maker"
"0.06700000","6000.00000000","2023-03-29T15:51:37.639Z","sell","maker"
"0.06680000","304.80000000","2023-03-29T15:50:10.468Z","buy","maker"
"0.06680000","2513.20000000","2023-03-29T15:47:14.158Z","buy","maker"
"0.06680000","104.70000000","2023-03-29T15:36:35.088Z","buy","maker"
"0.06680000","1082.40000000","2023-03-29T15:35:16.119Z","buy","maker"
"0.06680000","522.60000000","2023-03-29T15:33:36.383Z","buy","maker"
"0.06690000","5988.00000000","2023-03-29T15:27:28.944Z","sell","maker"
"0.06680000","4727.20000000","2023-03-29T15:27:16.557Z","sell","maker"
"0.06670000","11219.30000000","2023-03-29T15:22:19.837Z","sell","maker"
"0.06670000","4166.40000000","2023-03-29T15:22:19.837Z","sell","maker"
"0.06670000","41244.00000000","2023-03-29T15:22:04.300Z","sell","maker"
"0.06670000","4674.70000000","2023-03-29T15:21:58.091Z","sell","maker"
"0.06670000","26847.70000000","2023-03-29T15:21:57.647Z","sell","maker"
"0.06670000","2499.90000000","2023-03-29T15:21:57.647Z","sell","maker"
"0.06670000","5937.40000000","2023-03-29T15:21:57.647Z","sell","maker"
"0.06670000","5962.60000000","2023-03-29T15:21:57.647Z","sell","maker"
"0.06660000","3485.90000000","2023-03-29T15:15:50.018Z","buy","maker"
"0.06660000","11896.60000000","2023-03-29T15:15:34.155Z","buy","maker"
"0.06660000","3268.60000000","2023-03-29T15:15:34.155Z","buy","maker"
"0.06660000","230.70000000","2023-03-29T15:08:52.223Z","buy","maker"
"0.06660000","2101.00000000","2023-03-29T15:07:15.218Z","buy","maker"
"0.06660000","399.70000000","2023-03-29T15:05:55.590Z","buy","maker"
"0.06660000","103.20000000","2023-03-29T15:02:30.807Z","buy","maker"
"0.06660000","16.40000000","2023-03-29T15:00:15.771Z","buy","maker"
"0.06660000","21.00000000","2023-03-29T15:00:15.771Z","buy","maker"
"0.06670000","37.40000000","2023-03-29T15:00:13.150Z","sell","maker"
"0.06680000","14958.90000000","2023-03-29T14:47:32.938Z","buy","maker"
"0.06680000","250.00000000","2023-03-29T14:46:19.893Z","sell","maker"
"0.06670000","577.00000000","2023-03-29T14:40:43.597Z","buy","maker"
"0.06690000","33208.80000000","2023-03-29T14:38:59.739Z","buy","maker"
"0.06690000","674.70000000","2023-03-29T14:35:53.319Z","buy","maker"
"0.06700000","640.30000000","2023-03-29T14:35:53.319Z","buy","maker"
"0.06700000","599.20000000","2023-03-29T14:35:08.655Z","sell","maker"
"0.06700000","250.00000000","2023-03-29T14:35:08.655Z","sell","maker"
"0.06690000","5550.40000000","2023-03-29T14:34:29.242Z","buy","maker"
"0.06690000","300.00000000","2023-03-29T14:33:47.378Z","sell","maker"
"0.06690000","6000.00000000","2023-03-29T14:30:12.400Z","sell","maker"
"0.06690000","1152.70000000","2023-03-29T14:28:42.690Z","buy","maker"
"0.06690000","44.20000000","2023-03-29T14:28:42.581Z","buy","maker"
"0.06690000","17.00000000","2023-03-29T14:28:41.959Z","buy","maker"
"0.06690000","1157.70000000","2023-03-29T14:28:41.915Z","buy","maker"
"0.06690000","15.70000000","2023-03-29T14:28:41.861Z","buy","maker"
"0.06690000","1170.00000000","2023-03-29T14:28:41.744Z","buy","maker"
"0.06690000","2339.80000000","2023-03-29T14:28:41.732Z","buy","maker"
"0.06690000","19.30000000","2023-03-29T14:28:41.576Z","buy","maker"
"0.06690000","1176.60000000","2023-03-29T14:28:41.524Z","buy","maker"
"0.06690000","1172.50000000","2023-03-29T14:28:41.318Z","buy","maker"
"0.06690000","28979.80000000","2023-03-29T14:28:41.225Z","buy","maker"
"0.06690000","16052.50000000","2023-03-29T14:28:41.225Z","buy","maker"
"0.06690000","49591.90000000","2023-03-29T14:28:41.224Z","buy","maker"
"0.06690000","22931.30000000","2023-03-29T14:28:41.224Z","buy","maker"
"0.06690000","59022.90000000","2023-03-29T14:28:41.224Z","buy","maker"
"0.06690000","59022.90000000","2023-03-29T14:28:41.224Z","buy","maker"
"0.06690000","59022.90000000","2023-03-29T14:28:41.224Z","buy","maker"
"0.06690000","2698.70000000","2023-03-29T14:26:46.046Z","buy","maker"
"0.06690000","59022.90000000","2023-03-29T14:26:46.046Z","buy","maker"
"0.06700000","40875.60000000","2023-03-29T14:26:46.046Z","buy","maker"
"0.06700000","6000.00000000","2023-03-29T14:26:46.046Z","buy","maker"
"0.06700000","2931.60000000","2023-03-29T14:26:25.103Z","buy","maker"
"0.06700000","246.70000000","2023-03-29T14:26:16.487Z","buy","maker"
"0.06710000","5417.30000000","2023-03-29T14:24:30.836Z","buy","maker"
"0.06710000","1787.50000000","2023-03-29T14:24:30.836Z","buy","maker"
"0.06710000","79.50000000","2023-03-29T14:24:23.183Z","buy","maker"
"0.06710000","267.60000000","2023-03-29T14:17:48.803Z","buy","maker"
"0.06710000","1965.20000000","2023-03-29T14:17:22.235Z","buy","maker"
"0.06710000","1837.60000000","2023-03-29T14:15:06.257Z","buy","maker"
"0.06700000","162.70000000","2023-03-29T14:08:33.668Z","buy","maker"
"0.06720000","4345.40000000","2023-03-29T14:04:18.144Z","sell","maker"
"0.06720000","1654.60000000","2023-03-29T13:58:56.689Z","buy","maker"
"0.06730000","1482.20000000","2023-03-29T13:58:24.963Z","sell","maker"
"0.06720000","2690.80000000","2023-03-29T13:50:47.939Z","buy","maker"
"0.06720000","1654.60000000","2023-03-29T13:50:15.418Z","buy","maker"
"0.06720000","3011.40000000","2023-03-29T13:49:33.095Z","sell","maker"
"0.06700000","7.00000000","2023-03-29T13:46:38.648Z","buy","maker"
"0.06710000","6000.00000000","2023-03-29T13:45:38.732Z","sell","maker"
"0.06710000","6000.00000000","2023-03-29T13:45:38.667Z","sell","maker"
"0.06720000","132.70000000","2023-03-29T13:38:23.091Z","sell","maker"
"0.06710000","7537.60000000","2023-03-29T13:36:52.751Z","buy","maker"
"0.06710000","7473.80000000","2023-03-29T13:36:52.736Z","sell","maker"
"0.06710000","2923.50000000","2023-03-29T13:36:52.736Z","sell","maker"
"0.06680000","3.90000000","2023-03-29T13:30:12.744Z","buy","maker"
"0.06690000","637.30000000","2023-03-29T13:13:47.538Z","buy","maker"
"0.06700000","2031.20000000","2023-03-29T13:10:17.738Z","sell","maker"
"0.06690000","223.90000000","2023-03-29T13:08:51.993Z","buy","maker"
"0.06690000","5963.50000000","2023-03-29T13:08:51.993Z","buy","maker"
"0.06700000","2255.10000000","2023-03-29T13:07:07.237Z","buy","maker"
"0.06700000","46.70000000","2023-03-29T13:04:40.477Z","buy","maker"
"0.06720000","2902.40000000","2023-03-29T13:02:04.492Z","sell","maker"
"0.06710000","2482.60000000","2023-03-29T13:02:03.468Z","sell","maker"
"0.06710000","816.10000000","2023-03-29T13:02:03.468Z","sell","maker"
"0.06690000","7411.70000000","2023-03-29T12:59:52.072Z","sell","maker"
"0.06690000","1168.60000000","2023-03-29T12:59:52.072Z","sell","maker"
"0.06690000","18134.80000000","2023-03-29T12:59:52.068Z","sell","maker"
"0.06690000","6479.80000000","2023-03-29T12:59:08.039Z","sell","maker"
"0.06670000","97.80000000","2023-03-29T12:55:53.202Z","buy","maker"
"0.06670000","1114.60000000","2023-03-29T12:47:35.068Z","buy","maker"
"0.06680000","2876.60000000","2023-03-29T12:42:00.138Z","sell","maker"
"0.06670000","9356.40000000","2023-03-29T12:39:07.842Z","buy","maker"
"0.06680000","33703.00000000","2023-03-29T12:32:27.229Z","sell","maker"
"0.06680000","14902.70000000","2023-03-29T12:32:27.229Z","sell","maker"
"0.06680000","40928.40000000","2023-03-29T12:32:27.215Z","buy","maker"
"0.06670000","3040.50000000","2023-03-29T12:26:22.631Z","buy","maker"
"0.06670000","6000.00000000","2023-03-29T12:26:22.631Z","buy","maker"
"0.06690000","1905.40000000","2023-03-29T12:19:52.553Z","buy","maker"
"0.06680000","1859.20000000","2023-03-29T12:15:35.618Z","buy","maker"
"0.06680000","639.00000000","2023-03-29T12:15:30.791Z","buy","maker"
"0.06690000","274.50000000","2023-03-29T12:14:26.161Z","sell","maker"
"0.06690000","2250.00000000","2023-03-29T12:11:35.515Z","buy","maker"
"0.06700000","2250.00000000","2023-03-29T12:11:14.847Z","buy","maker"
"0.06710000","2348.80000000","2023-03-29T12:09:21.454Z","buy","maker"
"0.06730000","149.70000000","2023-03-29T12:08:06.968Z","sell","maker"
"0.06720000","5957.90000000","2023-03-29T12:08:05.995Z","sell","maker"
"0.06720000","149.70000000","2023-03-29T12:08:05.975Z","sell","maker"
"0.06720000","498.30000000","2023-03-29T12:08:05.975Z","sell","maker"
"0.06700000","12260.20000000","2023-03-29T12:07:40.201Z","sell","maker"
"0.06680000","3496.90000000","2023-03-29T12:06:38.583Z","buy","maker"
"0.06700000","2955.20000000","2023-03-29T12:05:40.295Z","sell","maker"
"0.06680000","859.00000000","2023-03-29T12:01:04.407Z","buy","maker"
"0.06700000","4183.10000000","2023-03-29T12:01:02.341Z","sell","maker"
"0.06700000","7007.30000000","2023-03-29T12:01:02.341Z","sell","maker"
"0.06680000","138.60000000","2023-03-29T11:59:56.756Z","buy","maker"
"0.06700000","1557.30000000","2023-03-29T11:52:42.776Z","sell","maker"
"0.06690000","2812.50000000","2023-03-29T11:45:33.826Z","buy","maker"
"0.06690000","2250.00000000","2023-03-29T11:45:33.818Z","buy","maker"
"0.06690000","2250.00000000","2023-03-29T11:45:32.441Z","buy","maker"
"0.06690000","3750.00000000","2023-03-29T11:45:32.419Z","buy","maker"
"0.06690000","4185.20000000","2023-03-29T11:45:31.646Z","sell","maker"
"0.06700000","1435.40000000","2023-03-29T11:44:34.830Z","sell","maker"
"0.06700000","5844.20000000","2023-03-29T11:44:34.830Z","sell","maker"
"0.06680000","6000.00000000","2023-03-29T11:44:19.041Z","sell","maker"
"0.06670000","3876.30000000","2023-03-29T11:43:39.841Z","buy","maker"
"0.06670000","7473.80000000","2023-03-29T11:43:39.841Z","buy","maker"
"0.06670000","882.90000000","2023-03-29T11:43:39.841Z","buy","maker"
"0.06690000","14939.10000000","2023-03-29T11:42:42.372Z","buy","maker"
"0.06690000","14889.30000000","2023-03-29T11:42:40.868Z","buy","maker"
"0.06690000","7902.10000000","2023-03-29T11:41:49.938Z","buy","maker"
"0.06690000","1965.40000000","2023-03-29T11:41:49.938Z","buy","maker"
"0.06690000","3734.20000000","2023-03-29T11:40:10.539Z","buy","maker"
"0.06700000","133.80000000","2023-03-29T11:38:30.917Z","sell","maker"
"0.06700000","22.00000000","2023-03-29T11:36:29.001Z","sell","maker"
"0.06700000","4606.90000000","2023-03-29T11:28:12.442Z","sell","maker"
"0.06690000","300.40000000","2023-03-29T11:27:13.482Z","buy","maker"
"0.06670000","539.50000000","2023-03-29T11:22:07.942Z","buy","maker"
"0.06670000","3155.20000000","2023-03-29T11:21:22.090Z","buy","maker"
"0.06680000","539.50000000","2023-03-29T11:15:44.594Z","sell","maker"
"0.06670000","1422.40000000","2023-03-29T11:13:28.576Z","buy","maker"
"0.06680000","14.80000000","2023-03-29T11:07:04.497Z","buy","maker"
"0.06690000","6000.00000000","2023-03-29T11:06:54.438Z","sell","maker"
"0.06690000","6000.00000000","2023-03-29T10:59:50.390Z","buy","maker"
"0.06700000","54.70000000","2023-03-29T10:51:20.951Z","buy","maker"
"0.06700000","278.10000000","2023-03-29T10:42:46.046Z","buy","maker"
"0.06700000","21.00000000","2023-03-29T10:42:46.046Z","buy","maker"
"0.06700000","21.00000000","2023-03-29T10:36:12.142Z","sell","maker"
"0.06700000","21.00000000","2023-03-29T10:16:20.838Z","buy","maker"
"0.06700000","441.00000000","2023-03-29T10:15:34.935Z","buy","maker"
"0.06700000","200.00000000","2023-03-29T10:05:30.945Z","sell","maker"
"0.06690000","152.70000000","2023-03-29T10:04:08.535Z","buy","maker"
"0.06690000","5835.10000000","2023-03-29T10:02:02.586Z","buy","maker"
"0.06690000","6000.00000000","2023-03-29T10:02:02.586Z","buy","maker"
"0.06690000","6000.00000000","2023-03-29T09:59:17.048Z","sell","maker"
"0.06690000","7473.80000000","2023-03-29T09:59:16.926Z","buy","maker"
"0.06690000","6000.00000000","2023-03-29T09:59:16.926Z","buy","maker"
"0.06690000","40917.30000000","2023-03-29T09:53:06.667Z","buy","maker"
"0.06690000","8925.40000000","2023-03-29T09:53:06.388Z","buy","maker"
"0.06690000","6000.00000000","2023-03-29T09:53:06.388Z","buy","maker"
"0.06720000","1613.10000000","2023-03-29T09:29:41.175Z","buy","maker"
"0.06720000","5888.60000000","2023-03-29T09:29:41.175Z","buy","maker"
"0.06720000","111.40000000","2023-03-29T09:19:17.300Z","buy","maker"
"0.06740000","3867.20000000","2023-03-29T09:18:01.992Z","sell","maker"
"0.06740000","4994.40000000","2023-03-29T09:17:40.041Z","sell","maker"
"0.06740000","149.70000000","2023-03-29T09:17:40.041Z","sell","maker"
"0.06740000","6000.00000000","2023-03-29T09:17:40.041Z","sell","maker"
"0.06730000","3011.40000000","2023-03-29T09:16:04.542Z","buy","maker"
"0.06730000","6000.00000000","2023-03-29T09:15:54.588Z","buy","maker"
"0.06730000","6000.00000000","2023-03-29T09:13:19.040Z","buy","maker"
"0.06730000","270.50000000","2023-03-29T09:12:58.151Z","sell","maker"
"0.06710000","39.10000000","2023-03-29T09:06:36.228Z","buy","maker"
"0.06720000","13824.80000000","2023-03-29T09:05:16.781Z","sell","maker"
"0.06710000","1341.30000000","2023-03-29T09:00:44.799Z","buy","maker"
"0.06730000","241.30000000","2023-03-29T08:59:02.349Z","sell","maker"
"0.06710000","254.30000000","2023-03-29T08:58:09.349Z","buy","maker"
"0.06690000","2539.50000000","2023-03-29T08:55:22.096Z","buy","maker"
"0.06690000","2504.40000000","2023-03-29T08:55:22.096Z","buy","maker"
"0.06700000","155.50000000","2023-03-29T08:55:22.096Z","buy","maker"
"0.06730000","869.70000000","2023-03-29T08:53:04.727Z","sell","maker"
"0.06710000","2409.00000000","2023-03-29T08:51:44.433Z","buy","maker"
"0.06710000","7162.60000000","2023-03-29T08:49:04.794Z","sell","maker"
"0.06710000","3011.40000000","2023-03-29T08:41:37.191Z","sell","maker"
"0.06710000","6000.00000000","2023-03-29T08:36:51.741Z","sell","maker"
"0.06710000","6000.00000000","2023-03-29T08:34:34.291Z","sell","maker"
"0.06710000","52.80000000","2023-03-29T08:32:50.879Z","sell","maker"
"0.06700000","5844.50000000","2023-03-29T08:29:59.343Z","buy","maker"
"0.06700000","5844.50000000","2023-03-29T08:27:36.292Z","sell","maker"
"0.06700000","155.50000000","2023-03-29T08:23:36.994Z","sell","maker"
"0.06690000","354.60000000","2023-03-29T08:21:45.892Z","buy","maker"
"0.06690000","5645.40000000","2023-03-29T08:21:45.892Z","buy","maker"
"0.06710000","132.10000000","2023-03-29T08:19:48.268Z","sell","maker"
"0.06700000","6000.00000000","2023-03-29T08:19:10.790Z","sell","maker"
"0.06690000","354.60000000","2023-03-29T08:18:51.911Z","buy","maker"
"0.06700000","48000.00000000","2023-03-29T08:17:36.340Z","sell","maker"
"0.06690000","4304.20000000","2023-03-29T08:17:19.417Z","sell","maker"
"0.06690000","112.70000000","2023-03-29T08:17:19.391Z","sell","maker"
"0.06680000","1537.60000000","2023-03-29T08:12:22.770Z","buy","maker"
"0.06680000","6000.00000000","2023-03-29T08:12:22.743Z","buy","maker"
"0.06690000","89.70000000","2023-03-29T08:12:02.371Z","sell","maker"
"0.06690000","83.20000000","2023-03-29T08:11:53.436Z","sell","maker"
"0.06690000","116.40000000","2023-03-29T08:11:53.436Z","sell","maker"
"0.06680000","3923.50000000","2023-03-29T08:11:52.160Z","sell","maker"
"0.06680000","3550.30000000","2023-03-29T08:11:52.160Z","sell","maker"
"0.06660000","199.60000000","2023-03-29T08:11:05.582Z","buy","maker"
"0.06690000","2519.50000000","2023-03-29T08:09:00.430Z","sell","maker"
"0.06660000","2154.50000000","2023-03-29T08:03:27.513Z","sell","maker"
"0.06670000","463.50000000","2023-03-29T08:01:42.335Z","sell","maker"
"0.06670000","6000.00000000","2023-03-29T08:01:42.335Z","sell","maker"
"0.06670000","1500.00000000","2023-03-29T07:58:00.378Z","buy","maker"
"0.06670000","3000.00000000","2023-03-29T07:58:00.363Z","buy","maker"
"0.06670000","1500.00000000","2023-03-29T07:57:37.642Z","buy","maker"
"0.06680000","6000.00000000","2023-03-29T07:56:37.441Z","sell","maker"
"0.06680000","6000.00000000","2023-03-29T07:56:30.386Z","buy","maker"
"0.06690000","3837.60000000","2023-03-29T07:56:22.641Z","sell","maker"
"0.06680000","5935.80000000","2023-03-29T07:55:57.987Z","buy","maker"
"0.06690000","1828.00000000","2023-03-29T07:55:13.366Z","sell","maker"
"0.06680000","64.20000000","2023-03-29T07:50:01.459Z","buy","maker"
"0.06690000","334.40000000","2023-03-29T07:49:35.870Z","sell","maker"
"0.06670000","1117.70000000","2023-03-29T07:41:39.146Z","buy","maker"
"0.06680000","6000.00000000","2023-03-29T07:41:39.146Z","buy","maker"
"0.06670000","2227.00000000","2023-03-29T07:40:25.185Z","buy","maker"
"0.06670000","6000.00000000","2023-03-29T07:40:25.185Z","buy","maker"
"0.06680000","7473.80000000","2023-03-29T07:40:25.185Z","buy","maker"
"0.06680000","6000.00000000","2023-03-29T07:40:25.185Z","buy","maker"
"0.06690000","1491.70000000","2023-03-29T07:39:23.519Z","sell","maker"
"0.06670000","5978.10000000","2023-03-29T07:35:04.789Z","sell","maker"
"0.06670000","1487.00000000","2023-03-29T07:34:13.243Z","buy","maker"
"0.06680000","64.20000000","2023-03-29T07:32:39.589Z","buy","maker"
"0.06700000","64.20000000","2023-03-29T07:32:21.603Z","sell","maker"
"0.06700000","64.20000000","2023-03-29T07:31:38.578Z","sell","maker"
"0.06690000","52.00000000","2023-03-29T07:30:37.749Z","buy","maker"
"0.06690000","962.00000000","2023-03-29T07:22:33.404Z","buy","maker"
"0.06700000","7971.70000000","2023-03-29T07:17:26.288Z","buy","maker"
"0.06700000","6000.00000000","2023-03-29T07:17:26.288Z","buy","maker"
"0.06700000","8679.60000000","2023-03-29T07:14:03.246Z","sell","maker"
"0.06690000","41109.00000000","2023-03-29T07:12:14.518Z","buy","maker"
"0.06700000","14069.60000000","2023-03-29T07:10:36.989Z","sell","maker"
"0.06700000","188.10000000","2023-03-29T07:10:36.989Z","sell","maker"
"0.06690000","5276.40000000","2023-03-29T07:09:57.340Z","buy","maker"
"0.06700000","1409.90000000","2023-03-29T07:09:07.103Z","sell","maker"
"0.06690000","6000.00000000","2023-03-29T07:08:20.640Z","sell","maker"
"0.06680000","1687.50000000","2023-03-29T07:05:29.141Z","buy","maker"
"0.06690000","1605.70000000","2023-03-29T07:03:26.462Z","sell","maker"
"0.06690000","35182.40000000","2023-03-29T07:02:26.084Z","sell","maker"
"0.06690000","6000.00000000","2023-03-29T07:02:26.084Z","sell","maker"
"0.06680000","6782.80000000","2023-03-29T07:00:38.393Z","sell","maker"
"0.06680000","1251.80000000","2023-03-29T07:00:38.393Z","sell","maker"
"0.06680000","4748.20000000","2023-03-29T06:59:13.367Z","sell","maker"
"0.06680000","6000.00000000","2023-03-29T06:51:44.645Z","buy","maker"
"0.06690000","725.30000000","2023-03-29T06:51:31.448Z","sell","maker"
"0.06670000","10719.20000000","2023-03-29T06:50:51.468Z","buy","maker"
"0.06670000","6000.00000000","2023-03-29T06:50:51.468Z","buy","maker"
"0.06680000","6000.00000000","2023-03-29T06:46:17.485Z","sell","maker"
"0.06670000","8981.30000000","2023-03-29T06:42:53.741Z","buy","maker"
"0.06670000","6000.00000000","2023-03-29T06:42:53.741Z","buy","maker"
"0.06670000","6000.00000000","2023-03-29T06:41:44.123Z","sell","maker"
"0.06660000","84.30000000","2023-03-29T06:41:10.586Z","buy","maker"
"0.06660000","3001.00000000","2023-03-29T06:40:18.624Z","buy","maker"
"0.06660000","4843.00000000","2023-03-29T06:40:13.475Z","buy","maker"
"0.06660000","11710.10000000","2023-03-29T06:40:11.847Z","buy","maker"
"0.06650000","1192.80000000","2023-03-29T06:40:09.248Z","sell","maker"
"0.06650000","1711.10000000","2023-03-29T06:40:04.424Z","sell","maker"
"0.06650000","2141.30000000","2023-03-29T06:39:57.956Z","buy","maker"
"0.06660000","2991.20000000","2023-03-29T06:39:57.198Z","buy","maker"
"0.06660000","4848.10000000","2023-03-29T06:39:57.198Z","buy","maker"
"0.06660000","2314.00000000","2023-03-29T06:39:57.197Z","buy","maker"
"0.06670000","17589.60000000","2023-03-29T06:39:57.128Z","buy","maker"
"0.06670000","589.60000000","2023-03-29T06:39:57.126Z","buy","maker"
"0.06680000","6000.00000000","2023-03-29T06:39:22.458Z","sell","maker"
"0.06660000","555.50000000","2023-03-29T06:37:49.283Z","buy","maker"
"0.06660000","19.60000000","2023-03-29T06:36:41.551Z","buy","maker"
"0.06650000","1213.10000000","2023-03-29T06:32:38.261Z","buy","maker"
"0.06650000","5997.50000000","2023-03-29T06:32:38.261Z","buy","maker"
"0.06650000","2889.50000000","2023-03-29T06:32:38.261Z","buy","maker"
"0.06660000","7849.30000000","2023-03-29T06:32:38.261Z","buy","maker"
"0.06660000","3139.20000000","2023-03-29T06:32:38.261Z","buy","maker"
"0.06660000","20.00000000","2023-03-29T06:32:35.052Z","buy","maker"
"0.06660000","2822.90000000","2023-03-29T06:31:08.049Z","buy","maker"
"0.06670000","156.10000000","2023-03-29T06:31:06.201Z","sell","maker"
"0.06660000","17.90000000","2023-03-29T06:31:00.034Z","buy","maker"
"0.06660000","47900.20000000","2023-03-29T06:30:34.471Z","sell","maker"
"0.06660000","99.80000000","2023-03-29T06:30:34.471Z","sell","maker"
"0.06650000","4047.30000000","2023-03-29T06:30:34.418Z","sell","maker"
"0.06650000","2932.90000000","2023-03-29T06:28:55.512Z","sell","maker"
"0.06640000","429.00000000","2023-03-29T06:28:40.062Z","sell","maker"
"0.06630000","33724.60000000","2023-03-29T06:28:30.000Z","sell","maker"
"0.06630000","15549.40000000","2023-03-29T06:28:30.000Z","sell","maker"
"0.06630000","7279.10000000","2023-03-29T06:28:30.000Z","sell","maker"
"0.06620000","1267.50000000","2023-03-29T06:27:58.564Z","sell","maker"
"0.06610000","2235.20000000","2023-03-29T06:27:39.960Z","sell","maker"
"0.06600000","3705.80000000","2023-03-29T06:19:52.984Z","buy","maker"
"0.06600000","1015.10000000","2023-03-29T06:19:52.984Z","buy","maker"
"0.06620000","135.40000000","2023-03-29T06:15:21.413Z","sell","maker"
"0.06610000","6000.00000000","2023-03-29T06:13:04.195Z","sell","maker"
"0.06600000","4984.90000000","2023-03-29T06:12:00.840Z","buy","maker"
"0.06600000","150.10000000","2023-03-29T06:03:35.635Z","sell","maker"
"0.06600000","7598.80000000","2023-03-29T06:01:31.333Z","sell","maker"
"0.06590000","6000.00000000","2023-03-29T05:46:07.829Z","sell","maker"
"0.06580000","1309.70000000","2023-03-29T05:46:07.804Z","buy","maker"
"0.06580000","6000.00000000","2023-03-29T05:46:07.804Z","buy","maker"
"0.06610000","7309.70000000","2023-03-29T05:41:12.390Z","sell","maker"
"0.06610000","41592.40000000","2023-03-29T05:31:32.824Z","buy","maker"
"0.06600000","6000.00000000","2023-03-29T05:28:21.665Z","sell","maker"
"0.06590000","41395.30000000","2023-03-29T05:27:40.625Z","buy","maker"
"0.06590000","35342.10000000","2023-03-29T05:20:56.283Z","sell","maker"
"0.06590000","6000.00000000","2023-03-29T05:20:56.283Z","sell","maker"
"0.06580000","41768.40000000","2023-03-29T05:19:57.154Z","sell","maker"
"0.06580000","4180.00000000","2023-03-29T05:08:27.205Z","buy","maker"
"0.06590000","791.70000000","2023-03-29T05:05:05.745Z","sell","maker"
"0.06560000","5153.00000000","2023-03-29T05:02:51.525Z","buy","maker"
"0.06570000","7405.10000000","2023-03-29T05:01:19.161Z","sell","maker"
"0.06570000","41682.10000000","2023-03-29T04:56:06.189Z","buy","maker"
"0.06570000","34593.00000000","2023-03-29T04:56:02.181Z","buy","maker"
"0.06570000","7049.30000000","2023-03-29T04:55:03.951Z","buy","maker"
"0.06560000","6000.00000000","2023-03-29T04:54:57.960Z","sell","maker"
"0.06550000","42000.00000000","2023-03-29T04:54:57.907Z","sell","maker"
"0.06550000","16910.40000000","2023-03-29T04:54:57.907Z","sell","maker"
"0.06550000","31089.60000000","2023-03-29T04:54:57.907Z","sell","maker"
"0.06550000","15005.80000000","2023-03-29T04:54:57.903Z","sell","maker"
"0.06550000","42344.20000000","2023-03-29T04:54:57.903Z","sell","maker"
"0.06550000","58182.70000000","2023-03-29T04:54:57.903Z","sell","maker"
"0.06540000","1196.60000000","2023-03-29T04:51:25.482Z","buy","maker"
"0.06540000","25303.00000000","2023-03-29T04:51:25.479Z","buy","maker"
"0.06540000","1196.40000000","2023-03-29T04:51:25.475Z","buy","maker"
"0.06540000","138.60000000","2023-03-29T04:51:25.472Z","buy","maker"
"0.06540000","14208.10000000","2023-03-29T04:51:23.769Z","buy","maker"
"0.06540000","41976.90000000","2023-03-29T04:51:22.286Z","buy","maker"
"0.06530000","1043.70000000","2023-03-29T04:51:06.582Z","buy","maker"
"0.06530000","848.40000000","2023-03-29T04:51:05.191Z","buy","maker"
"0.06530000","1043.70000000","2023-03-29T04:51:02.273Z","buy","maker"
"0.06530000","1072.30000000","2023-03-29T04:51:01.070Z","buy","maker"
"0.06530000","8527.80000000","2023-03-29T04:50:59.041Z","buy","maker"
"0.06530000","59.90000000","2023-03-29T04:50:59.041Z","buy","maker"
"0.06530000","42062.30000000","2023-03-29T04:50:57.763Z","buy","maker"
"0.06530000","2645.80000000","2023-03-29T04:50:56.099Z","buy","maker"
"0.06530000","39419.80000000","2023-03-29T04:50:56.098Z","buy","maker"
"0.06530000","8242.10000000","2023-03-29T04:50:54.202Z","buy","maker"
"0.06530000","7544.40000000","2023-03-29T04:50:54.202Z","buy","maker"
"0.06530000","132.50000000","2023-03-29T04:50:49.259Z","buy","maker"
"0.06530000","26046.90000000","2023-03-29T04:50:49.171Z","buy","maker"
"0.06530000","50269.30000000","2023-03-29T04:50:41.601Z","buy","maker"
"0.06530000","50382.70000000","2023-03-29T04:50:39.511Z","buy","maker"
"0.06530000","41667.70000000","2023-03-29T04:50:18.193Z","buy","maker"
"0.06530000","50394.70000000","2023-03-29T04:48:44.324Z","buy","maker"
"0.06530000","49961.60000000","2023-03-29T04:48:43.250Z","buy","maker"
"0.06530000","1091.70000000","2023-03-29T04:46:42.032Z","buy","maker"
"0.06530000","1967.70000000","2023-03-29T04:46:40.352Z","buy","maker"
"0.06530000","15235.10000000","2023-03-29T04:46:20.399Z","buy","maker"
"0.06530000","3562.00000000","2023-03-29T04:46:16.128Z","buy","maker"
"0.06530000","877.40000000","2023-03-29T04:46:06.963Z","buy","maker"
"0.06530000","1064.60000000","2023-03-29T04:45:58.064Z","buy","maker"
"0.06530000","807.30000000","2023-03-29T04:45:50.369Z","buy","maker"
"0.06530000","1206.00000000","2023-03-29T04:45:43.491Z","buy","maker"
"0.06530000","3313.20000000","2023-03-29T04:45:37.817Z","buy","maker"
"0.06530000","1033.20000000","2023-03-29T04:45:32.239Z","buy","maker"
"0.06530000","1809.00000000","2023-03-29T04:45:24.967Z","sell","maker"
"0.06530000","2669.80000000","2023-03-29T04:45:16.100Z","sell","maker"
"0.06530000","1047.60000000","2023-03-29T04:45:12.677Z","sell","maker"
"0.06530000","4082.20000000","2023-03-29T04:45:00.975Z","sell","maker"
"0.06530000","1036.70000000","2023-03-29T04:44:49.269Z","sell","maker"
"0.06530000","1066.60000000","2023-03-29T04:44:31.581Z","sell","maker"
"0.06530000","920.60000000","2023-03-29T04:44:23.728Z","sell","maker"
"0.06530000","924.60000000","2023-03-29T04:44:14.008Z","sell","maker"
"0.06530000","10470.80000000","2023-03-29T04:44:12.117Z","sell","maker"
"0.06530000","818.40000000","2023-03-29T04:44:03.537Z","sell","maker"
"0.06530000","983.10000000","2023-03-29T04:43:49.932Z","sell","maker"
"0.06530000","1029.00000000","2023-03-29T04:43:47.465Z","sell","maker"
"0.06530000","912.00000000","2023-03-29T04:43:44.087Z","sell","maker"
"0.06530000","1084.70000000","2023-03-29T04:43:42.371Z","sell","maker"
"0.06530000","3028.20000000","2023-03-29T04:43:36.723Z","sell","maker"
"0.06530000","1568.70000000","2023-03-29T04:43:34.676Z","sell","maker"
"0.06530000","1034.20000000","2023-03-29T04:43:30.126Z","sell","maker"
"0.06530000","12082.10000000","2023-03-29T04:43:09.423Z","sell","maker"
"0.06530000","6324.60000000","2023-03-29T04:42:52.513Z","sell","maker"
"0.06530000","1046.30000000","2023-03-29T04:42:50.530Z","sell","maker"
"0.06530000","7962.30000000","2023-03-29T04:42:44.608Z","sell","maker"
"0.06530000","1029.70000000","2023-03-29T04:42:39.485Z","sell","maker"
"0.06530000","1021.00000000","2023-03-29T04:42:33.956Z","sell","maker"
"0.06530000","2295.60000000","2023-03-29T04:42:32.708Z","sell","maker"
"0.06530000","1103.60000000","2023-03-29T04:42:20.959Z","sell","maker"
"0.06530000","2280.90000000","2023-03-29T04:42:13.524Z","buy","maker"
"0.06540000","38276.00000000","2023-03-29T04:42:08.651Z","sell","maker"
"0.06540000","2005.60000000","2023-03-29T04:41:58.662Z","sell","maker"
"0.06540000","1095.30000000","2023-03-29T04:41:48.791Z","sell","maker"
"0.06540000","1535.50000000","2023-03-29T04:41:42.005Z","sell","maker"
"0.06540000","1042.90000000","2023-03-29T04:41:29.804Z","buy","maker"
"0.06540000","1048.90000000","2023-03-29T04:41:24.443Z","buy","maker"
"0.06540000","86.90000000","2023-03-29T04:41:18.472Z","buy","maker"
"0.06540000","1261.10000000","2023-03-29T04:41:18.458Z","sell","maker"
"0.06540000","3642.40000000","2023-03-29T04:40:54.108Z","sell","maker"
"0.06540000","1096.50000000","2023-03-29T04:40:47.148Z","sell","maker"
"0.06550000","852.90000000","2023-03-29T04:40:06.126Z","buy","maker"
"0.06550000","1065.50000000","2023-03-29T04:39:59.994Z","buy","maker"
"0.06550000","1474.70000000","2023-03-29T04:39:52.875Z","buy","maker"
"0.06550000","1324.50000000","2023-03-29T04:39:46.642Z","buy","maker"
"0.06550000","10932.20000000","2023-03-29T04:39:40.627Z","buy","maker"
"0.06550000","4127.60000000","2023-03-29T04:39:39.475Z","buy","maker"
"0.06550000","1774.90000000","2023-03-29T04:39:37.629Z","buy","maker"
"0.06560000","1058.30000000","2023-03-29T04:39:33.764Z","sell","maker"
"0.06550000","7796.40000000","2023-03-29T04:39:26.413Z","buy","maker"
"0.06550000","1067.20000000","2023-03-29T04:39:23.820Z","buy","maker"
"0.06560000","1103.20000000","2023-03-29T04:38:45.179Z","sell","maker"
"0.06560000","665.50000000","2023-03-29T04:38:39.891Z","buy","maker"
"0.06560000","420.40000000","2023-03-29T04:38:39.876Z","sell","maker"
"0.06560000","1035.80000000","2023-03-29T04:38:31.614Z","sell","maker"
"0.06560000","1388.40000000","2023-03-29T04:38:24.126Z","sell","maker"
"0.06560000","1065.70000000","2023-03-29T04:38:20.554Z","sell","maker"
"0.06560000","1065.60000000","2023-03-29T04:38:14.670Z","sell","maker"
"0.06560000","1024.10000000","2023-03-29T04:38:09.364Z","sell","maker"
"0.06560000","1087.40000000","2023-03-29T04:38:03.539Z","buy","maker"
"0.06560000","2405.40000000","2023-03-29T04:37:54.207Z","buy","maker"
"0.06560000","758.80000000","2023-03-29T04:37:46.267Z","buy","maker"
"0.06540000","64725.60000000","2023-03-29T04:37:37.387Z","sell","maker"
"0.06540000","23714.00000000","2023-03-29T04:37:37.387Z","sell","maker"
"0.06550000","17343.20000000","2023-03-29T04:37:34.658Z","sell","maker"
"0.06550000","2109.70000000","2023-03-29T04:37:30.645Z","sell","maker"
"0.06550000","24845.60000000","2023-03-29T04:37:26.936Z","sell","maker"
"0.06550000","6000.00000000","2023-03-29T04:37:26.936Z","sell","maker"
"0.06540000","2771.60000000","2023-03-29T04:37:17.802Z","sell","maker"
"0.06530000","152.90000000","2023-03-29T04:37:16.297Z","buy","maker"
"0.06540000","919.60000000","2023-03-29T04:37:14.818Z","sell","maker"
"0.06540000","1475.00000000","2023-03-29T04:37:08.951Z","sell","maker"
"0.06540000","1058.10000000","2023-03-29T04:37:03.583Z","sell","maker"
"0.06540000","954.20000000","2023-03-29T04:36:51.799Z","sell","maker"
"0.06550000","22225.00000000","2023-03-29T04:36:50.057Z","sell","maker"
"0.06550000","6000.00000000","2023-03-29T04:36:50.057Z","sell","maker"
"0.06540000","1116.70000000","2023-03-29T04:36:48.634Z","sell","maker"
"0.06540000","11933.90000000","2023-03-29T04:36:46.622Z","sell","maker"
"0.06540000","41707.40000000","2023-03-29T04:36:45.458Z","sell","maker"
"0.06540000","6000.00000000","2023-03-29T04:36:44.155Z","buy","maker"
"0.06540000","30115.80000000","2023-03-29T04:36:44.155Z","buy","maker"
"0.06530000","133.10000000","2023-03-29T04:36:29.281Z","buy","maker"
"0.06540000","3733.70000000","2023-03-29T04:35:54.034Z","sell","maker"
"0.06540000","863.30000000","2023-03-29T04:35:52.034Z","sell","maker"
"0.06540000","1403.00000000","2023-03-29T04:35:50.190Z","sell","maker"
"0.06540000","311.70000000","2023-03-29T04:35:43.553Z","sell","maker"
"0.06540000","790.80000000","2023-03-29T04:35:43.553Z","sell","maker"
"0.06540000","855.50000000","2023-03-29T04:35:37.981Z","sell","maker"
"0.06540000","1041.20000000","2023-03-29T04:35:36.017Z","sell","maker"
"0.06540000","1126.30000000","2023-03-29T04:35:32.751Z","sell","maker"
"0.06540000","1069.00000000","2023-03-29T04:35:29.848Z","sell","maker"
"0.06540000","1117.20000000","2023-03-29T04:35:27.900Z","sell","maker"
"0.06530000","3848.70000000","2023-03-29T04:34:38.127Z","sell","maker"
"0.06530000","1102.20000000","2023-03-29T04:34:37.011Z","sell","maker"
"0.06530000","1049.10000000","2023-03-29T04:34:34.378Z","sell","maker"
"0.06520000","34664.80000000","2023-03-29T04:34:24.862Z","sell","maker"
"0.06520000","21.50000000","2023-03-29T04:34:24.862Z","sell","maker"
"0.06520000","20.50000000","2023-03-29T04:34:24.862Z","sell","maker"
"0.06520000","23.30000000","2023-03-29T04:34:24.862Z","sell","maker"
"0.06510000","3636.50000000","2023-03-29T04:34:24.862Z","sell","maker"
"0.06510000","49997.40000000","2023-03-29T04:34:21.715Z","sell","maker"
"0.06510000","6559.90000000","2023-03-29T04:33:58.561Z","sell","maker"
"0.06510000","1738.60000000","2023-03-29T04:33:12.150Z","sell","maker"
"0.06510000","1022.90000000","2023-03-29T04:33:00.791Z","sell","maker"
"0.06510000","20845.60000000","2023-03-29T04:32:41.562Z","sell","maker"
"0.06510000","15662.70000000","2023-03-29T04:32:41.494Z","sell","maker"
"0.06510000","1029.80000000","2023-03-29T04:32:28.319Z","sell","maker"
"0.06510000","7716.20000000","2023-03-29T04:32:25.107Z","sell","maker"
"0.06490000","7.20000000","2023-03-29T04:31:03.551Z","buy","maker"
"0.06500000","1911.60000000","2023-03-29T04:30:30.575Z","buy","maker"
"0.06510000","18398.60000000","2023-03-29T04:30:20.272Z","sell","maker"
"0.06510000","821.70000000","2023-03-29T04:30:16.113Z","sell","maker"
"0.06510000","1062.60000000","2023-03-29T04:30:01.412Z","sell","maker"
"0.06510000","1096.00000000","2023-03-29T04:29:57.926Z","sell","maker"
"0.06510000","1034.90000000","2023-03-29T04:29:42.522Z","sell","maker"
"0.06480000","3154.40000000","2023-03-29T04:29:20.730Z","buy","maker"
"0.06510000","1312.00000000","2023-03-29T04:28:20.817Z","sell","maker"
"0.06510000","967.90000000","2023-03-29T04:27:55.132Z","sell","maker"
"0.06510000","13301.90000000","2023-03-29T04:27:50.671Z","sell","maker"
"0.06510000","2130.40000000","2023-03-29T04:27:46.562Z","sell","maker"
"0.06510000","13894.70000000","2023-03-29T04:27:30.303Z","sell","maker"
"0.06510000","1083.60000000","2023-03-29T04:27:20.796Z","sell","maker"
"0.06510000","1062.20000000","2023-03-29T04:27:13.104Z","sell","maker"
"0.06510000","1037.00000000","2023-03-29T04:27:06.894Z","sell","maker"
"0.06510000","1055.20000000","2023-03-29T04:27:03.528Z","sell","maker"
"0.06510000","1043.50000000","2023-03-29T04:26:58.674Z","sell","maker"
"0.06510000","1046.90000000","2023-03-29T04:26:49.546Z","sell","maker"
"0.06510000","1083.10000000","2023-03-29T04:26:28.849Z","sell","maker"
"0.06510000","1047.40000000","2023-03-29T04:26:23.660Z","sell","maker"
"0.06510000","1282.50000000","2023-03-29T04:26:21.773Z","sell","maker"
"0.06500000","1057.20000000","2023-03-29T04:26:04.398Z","buy","maker"
"0.06500000","1455.40000000","2023-03-29T04:26:01.678Z","buy","maker"
"0.06500000","1105.10000000","2023-03-29T04:25:40.616Z","buy","maker"
"0.06500000","1049.30000000","2023-03-29T04:24:24.713Z","buy","maker"
"0.06500000","1340.70000000","2023-03-29T04:24:20.271Z","buy","maker"
"0.06500000","1110.50000000","2023-03-29T04:24:09.487Z","buy","maker"
"0.06500000","1150.70000000","2023-03-29T04:24:04.839Z","buy","maker"
"0.06500000","2020.50000000","2023-03-29T04:23:50.433Z","buy","maker"
"0.06500000","6161.10000000","2023-03-29T04:23:09.823Z","buy","maker"
"0.06500000","1047.90000000","2023-03-29T04:22:55.904Z","buy","maker"
"0.06500000","905.50000000","2023-03-29T04:22:51.835Z","buy","maker"
"0.06500000","1102.90000000","2023-03-29T04:22:49.511Z","buy","maker"
"0.06490000","1260.40000000","2023-03-29T04:18:46.837Z","buy","maker"
"0.06490000","2251.70000000","2023-03-29T04:17:07.070Z","buy","maker"
"0.06490000","12860.90000000","2023-03-29T04:16:13.482Z","buy","maker"
"0.06470000","129.80000000","2023-03-29T04:16:07.272Z","buy","maker"
"0.06490000","1646.10000000","2023-03-29T04:15:24.532Z","sell","maker"
"0.06480000","1848.80000000","2023-03-29T04:15:10.038Z","buy","maker"
"0.06480000","1261.10000000","2023-03-29T04:15:06.864Z","buy","maker"
"0.06480000","1475.50000000","2023-03-29T04:14:38.696Z","buy","maker"
"0.06480000","2080.30000000","2023-03-29T04:14:21.073Z","buy","maker"
"0.06490000","1368.80000000","2023-03-29T04:13:37.758Z","sell","maker"
"0.06480000","1907.40000000","2023-03-29T04:12:57.957Z","buy","maker"
"0.06480000","1076.80000000","2023-03-29T04:12:48.275Z","buy","maker"
"0.06480000","979.00000000","2023-03-29T04:12:41.155Z","buy","maker"
"0.06480000","11227.60000000","2023-03-29T04:12:24.065Z","sell","maker"
"0.06480000","1095.30000000","2023-03-29T04:11:46.848Z","sell","maker"
"0.06480000","695.00000000","2023-03-29T04:11:45.000Z","sell","maker"
"0.06480000","609.70000000","2023-03-29T04:11:45.000Z","sell","maker"
"0.06480000","1088.40000000","2023-03-29T04:11:35.982Z","sell","maker"
"0.06480000","1054.30000000","2023-03-29T04:11:23.651Z","buy","maker"
"0.06490000","5207.00000000","2023-03-29T04:10:33.621Z","sell","maker"
"0.06490000","976.90000000","2023-03-29T04:10:29.747Z","sell","maker"
"0.06490000","2137.80000000","2023-03-29T04:10:24.779Z","sell","maker"
"0.06480000","356.80000000","2023-03-29T04:10:24.779Z","sell","maker"
"0.06480000","1500.50000000","2023-03-29T04:10:21.755Z","sell","maker"
"0.06480000","1044.90000000","2023-03-29T04:10:17.004Z","sell","maker"
"0.06480000","851.60000000","2023-03-29T04:10:05.990Z","sell","maker"
"0.06480000","2246.20000000","2023-03-29T04:09:54.696Z","sell","maker"
"0.06490000","2325.90000000","2023-03-29T04:09:16.872Z","sell","maker"
"0.06480000","75.40000000","2023-03-29T04:09:16.872Z","sell","maker"
"0.06480000","1887.80000000","2023-03-29T04:09:11.873Z","sell","maker"
"0.06480000","1045.70000000","2023-03-29T04:07:01.042Z","sell","maker"
"0.06480000","1086.30000000","2023-03-29T04:06:04.044Z","sell","maker"
"0.06480000","808.50000000","2023-03-29T04:06:01.529Z","sell","maker"
"0.06480000","1096.30000000","2023-03-29T04:05:57.967Z","sell","maker"
"0.06490000","523.50000000","2023-03-29T04:05:25.763Z","sell","maker"
"0.06490000","1318.00000000","2023-03-29T04:05:25.763Z","sell","maker"
"0.06490000","793.20000000","2023-03-29T04:04:07.556Z","sell","maker"
"0.06490000","1548.20000000","2023-03-29T04:04:06.320Z","sell","maker"
"0.06490000","1028.90000000","2023-03-29T04:03:36.711Z","sell","maker"
"0.06490000","1311.70000000","2023-03-29T04:01:33.670Z","sell","maker"
"0.06500000","15645.90000000","2023-03-29T04:01:00.680Z","sell","maker"
"0.06490000","3650.00000000","2023-03-29T04:01:00.680Z","sell","maker"
"0.06490000","1294.40000000","2023-03-29T04:00:49.079Z","sell","maker"
"0.06490000","1055.60000000","2023-03-29T04:00:47.958Z","sell","maker"
"0.06500000","351.90000000","2023-03-29T04:00:34.341Z","sell","maker"
"0.06490000","910.00000000","2023-03-29T04:00:34.341Z","sell","maker"
"0.06480000","1386.10000000","2023-03-29T04:00:11.227Z","sell","maker"
"0.06480000","4143.60000000","2023-03-29T04:00:08.789Z","buy","maker"
"0.06480000","6000.00000000","2023-03-29T04:00:08.789Z","buy","maker"
"0.06490000","950.90000000","2023-03-29T03:59:51.046Z","sell","maker"
"0.06490000","1105.50000000","2023-03-29T03:59:46.645Z","sell","maker"
"0.06490000","981.20000000","2023-03-29T03:59:43.616Z","sell","maker"
"0.06490000","963.10000000","2023-03-29T03:59:17.618Z","sell","maker"
"0.06490000","1089.30000000","2023-03-29T03:59:12.891Z","sell","maker"
"0.06500000","568.90000000","2023-03-29T03:58:51.865Z","sell","maker"
"0.06470000","663.00000000","2023-03-29T03:58:51.865Z","sell","maker"
"0.06470000","3577.80000000","2023-03-29T03:58:49.278Z","sell","maker"
"0.06470000","2432.30000000","2023-03-29T03:58:47.467Z","sell","maker"
"0.06470000","1190.70000000","2023-03-29T03:58:47.460Z","sell","maker"
"0.06470000","1190.70000000","2023-03-29T03:58:47.262Z","sell","maker"
"0.06470000","9243.60000000","2023-03-29T03:58:46.837Z","sell","maker"
"0.06470000","5973.30000000","2023-03-29T03:58:46.653Z","sell","maker"
"0.06470000","1190.70000000","2023-03-29T03:58:46.653Z","sell","maker"
"0.06470000","1042.20000000","2023-03-29T03:58:42.733Z","sell","maker"
"0.06470000","1044.30000000","2023-03-29T03:58:32.643Z","sell","maker"
"0.06470000","1193.00000000","2023-03-29T03:58:13.072Z","sell","maker"
"0.06470000","2138.00000000","2023-03-29T03:58:12.191Z","sell","maker"
"0.06470000","2324.00000000","2023-03-29T03:58:12.097Z","sell","maker"
"0.06470000","2526.00000000","2023-03-29T03:58:11.933Z","sell","maker"
"0.06470000","2746.00000000","2023-03-29T03:58:11.794Z","sell","maker"
"0.06470000","2985.00000000","2023-03-29T03:58:11.674Z","sell","maker"
"0.06470000","3244.00000000","2023-03-29T03:58:11.421Z","sell","maker"
"0.06470000","3526.00000000","2023-03-29T03:58:11.377Z","sell","maker"
"0.06470000","3833.00000000","2023-03-29T03:58:11.145Z","sell","maker"
"0.06470000","4166.00000000","2023-03-29T03:58:11.032Z","sell","maker"
"0.06470000","4528.00000000","2023-03-29T03:58:10.876Z","sell","maker"
"0.06470000","4922.00000000","2023-03-29T03:58:10.751Z","sell","maker"
"0.06470000","15000.00000000","2023-03-29T03:58:10.624Z","sell","maker"
"0.06470000","20966.20000000","2023-03-29T03:58:10.452Z","sell","maker"
"0.06470000","13378.70000000","2023-03-29T03:58:10.423Z","sell","maker"
"0.06470000","3574.30000000","2023-03-29T03:58:10.423Z","sell","maker"
"0.06470000","37859.80000000","2023-03-29T03:58:10.311Z","sell","maker"
"0.06470000","768.70000000","2023-03-29T03:57:10.480Z","sell","maker"
"0.06470000","979.70000000","2023-03-29T03:56:57.835Z","sell","maker"
"0.06470000","1420.00000000","2023-03-29T03:56:36.695Z","sell","maker"
"0.06470000","1229.70000000","2023-03-29T03:56:20.854Z","sell","maker"
"0.06460000","2675.90000000","2023-03-29T03:56:12.903Z","buy","maker"
"0.06460000","250.00000000","2023-03-29T03:55:51.275Z","buy","maker"
"0.06470000","1186.50000000","2023-03-29T03:55:27.588Z","sell","maker"
"0.06470000","8833.10000000","2023-03-29T03:55:24.629Z","sell","maker"
"0.06470000","3653.40000000","2023-03-29T03:55:04.761Z","sell","maker"
"0.06470000","2320.90000000","2023-03-29T03:55:04.761Z","sell","maker"
"0.06470000","965.90000000","2023-03-29T03:54:17.983Z","sell","maker"
"0.06470000","1107.60000000","2023-03-29T03:54:01.489Z","sell","maker"
"0.06470000","1676.00000000","2023-03-29T03:53:31.991Z","sell","maker"
"0.06470000","2043.40000000","2023-03-29T03:52:19.677Z","sell","maker"
"0.06470000","5815.90000000","2023-03-29T03:52:03.693Z","sell","maker"
"0.06470000","1340.60000000","2023-03-29T03:51:18.007Z","sell","maker"
"0.06470000","1056.40000000","2023-03-29T03:51:14.446Z","sell","maker"
"0.06470000","1660.10000000","2023-03-29T03:50:33.699Z","sell","maker"
"0.06480000","1911.40000000","2023-03-29T03:50:09.249Z","sell","maker"
"0.06480000","1543.50000000","2023-03-29T03:49:49.954Z","buy","maker"
"0.06480000","1856.80000000","2023-03-29T03:49:49.942Z","sell","maker"
"0.06490000","1246.90000000","2023-03-29T03:49:33.591Z","sell","maker"
"0.06490000","12390.10000000","2023-03-29T03:49:28.551Z","sell","maker"
"0.06490000","1180.90000000","2023-03-29T03:48:58.640Z","sell","maker"
"0.06490000","1298.10000000","2023-03-29T03:48:36.967Z","sell","maker"
"0.06490000","4960.80000000","2023-03-29T03:47:59.914Z","sell","maker"
"0.06490000","3039.20000000","2023-03-29T03:47:59.914Z","sell","maker"
"0.06490000","890.90000000","2023-03-29T03:47:48.540Z","sell","maker"
"0.06490000","2069.90000000","2023-03-29T03:47:38.662Z","sell","maker"
"0.06480000","983.80000000","2023-03-29T03:47:35.995Z","buy","maker"
"0.06480000","1048.50000000","2023-03-29T03:47:33.186Z","buy","maker"
"0.06470000","10786.70000000","2023-03-29T03:47:28.447Z","buy","maker"
"0.06470000","879.70000000","2023-03-29T03:47:22.466Z","buy","maker"
"0.06460000","63118.70000000","2023-03-29T03:47:16.592Z","sell","maker"
"0.06460000","2736.20000000","2023-03-29T03:47:16.565Z","sell","maker"
"0.06470000","24308.70000000","2023-03-29T03:47:13.579Z","buy","maker"
"0.06470000","25376.60000000","2023-03-29T03:47:12.823Z","buy","maker"
"0.06480000","24448.70000000","2023-03-29T03:47:11.628Z","sell","maker"
"0.06470000","4073.80000000","2023-03-29T03:47:11.628Z","sell","maker"
"0.06470000","2278.20000000","2023-03-29T03:47:11.290Z","buy","maker"
"0.06460000","107.90000000","2023-03-29T03:43:02.018Z","buy","maker"
"0.06450000","7849.30000000","2023-03-29T03:42:11.863Z","sell","maker"
"0.06440000","87002.80000000","2023-03-29T03:42:03.324Z","sell","maker"
"0.06440000","499.00000000","2023-03-29T03:41:56.279Z","sell","maker"
"0.06440000","12498.20000000","2023-03-29T03:41:26.769Z","sell","maker"
"0.06440000","1067.40000000","2023-03-29T03:41:21.580Z","buy","maker"
"0.06440000","8559.70000000","2023-03-29T03:41:20.530Z","buy","maker"
"0.06440000","1068.40000000","2023-03-29T03:41:17.855Z","buy","maker"
"0.06440000","9880.60000000","2023-03-29T03:41:16.768Z","buy","maker"
"0.06440000","42518.90000000","2023-03-29T03:41:16.015Z","buy","maker"
"0.06450000","42606.80000000","2023-03-29T03:41:14.696Z","sell","maker"
"0.06450000","42531.90000000","2023-03-29T03:41:13.697Z","buy","maker"
"0.06440000","1849.20000000","2023-03-29T03:41:13.035Z","buy","maker"
"0.06440000","6000.00000000","2023-03-29T03:41:12.980Z","sell","maker"
"0.06450000","36244.30000000","2023-03-29T03:41:12.958Z","sell","maker"
"0.06450000","6000.00000000","2023-03-29T03:41:12.958Z","sell","maker"
"0.06480000","23217.50000000","2023-03-29T03:41:11.843Z","buy","maker"
"0.06480000","7849.30000000","2023-03-29T03:41:11.833Z","sell","maker"
"0.06480000","5075.70000000","2023-03-29T03:41:11.833Z","sell","maker"
"0.06450000","6000.00000000","2023-03-29T03:41:11.833Z","sell","maker"
"0.06470000","36228.30000000","2023-03-29T03:41:10.975Z","sell","maker"
"0.06470000","6163.80000000","2023-03-29T03:41:10.975Z","sell","maker"
"0.06450000","42063.40000000","2023-03-29T03:41:10.433Z","buy","maker"
"0.06450000","22.70000000","2023-03-29T03:41:04.878Z","sell","maker"
"0.06450000","1241.00000000","2023-03-29T03:41:04.829Z","sell","maker"
"0.06450000","9554.10000000","2023-03-29T03:41:04.616Z","sell","maker"
"0.06450000","1194.70000000","2023-03-29T03:41:04.601Z","sell","maker"
"0.06450000","3584.90000000","2023-03-29T03:41:04.593Z","sell","maker"
"0.06450000","1194.70000000","2023-03-29T03:41:04.593Z","sell","maker"
"0.06450000","4781.10000000","2023-03-29T03:41:04.593Z","sell","maker"
"0.06450000","866.20000000","2023-03-29T03:41:04.593Z","sell","maker"
"0.06450000","21135.80000000","2023-03-29T03:41:04.590Z","sell","maker"
"0.06450000","5994.20000000","2023-03-29T03:41:04.590Z","sell","maker"
"0.06450000","2394.00000000","2023-03-29T03:40:39.099Z","sell","maker"
"0.06450000","345.00000000","2023-03-29T03:40:37.801Z","sell","maker"
"0.06450000","3320.00000000","2023-03-29T03:40:37.703Z","sell","maker"
"0.06450000","9612.30000000","2023-03-29T03:40:37.438Z","sell","maker"
"0.06450000","37317.90000000","2023-03-29T03:40:37.429Z","sell","maker"
"0.06490000","12896.00000000","2023-03-29T03:40:36.338Z","sell","maker"
"0.06450000","46432.60000000","2023-03-29T03:40:35.760Z","sell","maker"
"0.06460000","42007.00000000","2023-03-29T03:40:35.747Z","buy","maker"
"0.06480000","1763.00000000","2023-03-29T03:40:35.114Z","sell","maker"
"0.06490000","15476.60000000","2023-03-29T03:40:35.000Z","sell","maker"
"0.06490000","37.10000000","2023-03-29T03:40:35.000Z","sell","maker"
"0.06490000","21.60000000","2023-03-29T03:40:35.000Z","sell","maker"
"0.06490000","7849.30000000","2023-03-29T03:40:35.000Z","sell","maker"
"0.06470000","23.40000000","2023-03-29T03:40:35.000Z","sell","maker"
"0.06460000","6000.00000000","2023-03-29T03:40:35.000Z","sell","maker"
"0.06410000","137067.50000000","2023-03-29T03:40:34.293Z","sell","maker"
"0.06410000","200000.00000000","2023-03-29T03:40:34.293Z","sell","maker"
"0.06410000","289700.90000000","2023-03-29T03:40:34.276Z","buy","maker"
"0.06410000","288511.70000000","2023-03-29T03:40:34.276Z","buy","maker"
"0.06410000","23.40000000","2023-03-29T03:40:34.276Z","buy","maker"
"0.06410000","37.10000000","2023-03-29T03:40:34.276Z","buy","maker"
"0.06430000","57987.50000000","2023-03-29T03:40:34.276Z","buy","maker"
"0.06430000","21.60000000","2023-03-29T03:40:34.276Z","buy","maker"
"0.06430000","162.20000000","2023-03-29T03:40:34.276Z","buy","maker"
"0.06440000","88439.60000000","2023-03-29T03:40:34.276Z","buy","maker"
"0.06440000","58910.40000000","2023-03-29T03:40:34.276Z","buy","maker"
"0.06440000","58182.70000000","2023-03-29T03:40:34.276Z","buy","maker"
"0.06440000","3180.90000000","2023-03-29T03:40:34.276Z","buy","maker"
"0.06450000","6163.80000000","2023-03-29T03:40:34.276Z","buy","maker"
"0.06480000","42260.60000000","2023-03-29T03:40:34.276Z","buy","maker"
"0.06480000","6000.00000000","2023-03-29T03:40:34.276Z","buy","maker"
"0.06480000","42407.70000000","2023-03-29T03:40:03.624Z","sell","maker"
"0.06480000","42430.00000000","2023-03-29T03:39:36.604Z","buy","maker"
"0.06480000","42050.30000000","2023-03-29T03:39:34.463Z","buy","maker"
"0.06490000","42055.80000000","2023-03-29T03:39:27.554Z","buy","maker"
"0.06480000","42034.80000000","2023-03-29T03:39:26.137Z","buy","maker"
"0.06480000","42052.50000000","2023-03-29T03:39:24.669Z","sell","maker"
"0.06480000","42033.20000000","2023-03-29T03:39:23.374Z","sell","maker"
"0.06480000","42354.60000000","2023-03-29T03:39:15.453Z","buy","maker"
"0.06480000","42372.80000000","2023-03-29T03:39:14.376Z","buy","maker"
"0.06500000","43404.60000000","2023-03-29T03:39:12.376Z","buy","maker"
"0.06500000","7208.70000000","2023-03-29T03:39:11.769Z","sell","maker"
"0.06500000","2719.20000000","2023-03-29T03:34:43.567Z","sell","maker"
"0.06500000","29461.70000000","2023-03-29T03:34:42.097Z","sell","maker"
"0.06510000","42243.60000000","2023-03-29T03:34:36.925Z","buy","maker"
"0.06490000","4511.40000000","2023-03-29T03:34:32.688Z","sell","maker"
"0.06480000","38181.10000000","2023-03-29T03:34:24.793Z","buy","maker"
"0.06480000","4053.00000000","2023-03-29T03:34:24.781Z","sell","maker"
"0.06480000","42181.60000000","2023-03-29T03:34:23.384Z","sell","maker"
"0.06480000","42205.00000000","2023-03-29T03:34:21.236Z","sell","maker"
"0.06480000","36074.50000000","2023-03-29T03:34:18.798Z","buy","maker"
"0.06480000","6000.00000000","2023-03-29T03:34:18.786Z","sell","maker"
"0.06490000","36100.20000000","2023-03-29T03:34:17.535Z","sell","maker"
"0.06490000","6000.00000000","2023-03-29T03:34:17.535Z","sell","maker"
"0.06480000","42221.70000000","2023-03-29T03:34:16.849Z","sell","maker"
"0.06480000","328.00000000","2023-03-29T03:34:08.575Z","sell","maker"
"0.06480000","357.00000000","2023-03-29T03:34:08.519Z","sell","maker"
"0.06480000","469.00000000","2023-03-29T03:34:08.259Z","sell","maker"
"0.06480000","370.00000000","2023-03-29T03:34:06.386Z","sell","maker"
"0.06480000","545.00000000","2023-03-29T03:34:01.865Z","sell","maker"
"0.06480000","592.00000000","2023-03-29T03:34:01.592Z","sell","maker"
"0.06480000","644.00000000","2023-03-29T03:34:01.303Z","sell","maker"
"0.06480000","567.00000000","2023-03-29T03:34:01.060Z","sell","maker"
"0.06480000","7263.10000000","2023-03-29T03:33:59.134Z","sell","maker"
"0.06480000","19975.20000000","2023-03-29T03:33:59.134Z","sell","maker"
"0.06480000","38012.30000000","2023-03-29T03:33:57.829Z","sell","maker"
"0.06480000","3949.20000000","2023-03-29T03:33:57.829Z","sell","maker"
"0.06480000","42237.50000000","2023-03-29T03:33:56.450Z","sell","maker"
"0.06480000","41884.90000000","2023-03-29T03:33:55.670Z","sell","maker"
"0.06480000","368.00000000","2023-03-29T03:33:55.591Z","sell","maker"
"0.06480000","27326.10000000","2023-03-29T03:33:54.947Z","sell","maker"
"0.06480000","14835.90000000","2023-03-29T03:33:54.947Z","sell","maker"
"0.06480000","1026.00000000","2023-03-29T03:33:54.659Z","sell","maker"
"0.06480000","42125.60000000","2023-03-29T03:33:54.195Z","sell","maker"
"0.06470000","3623.40000000","2023-03-29T03:33:54.004Z","sell","maker"
"0.06470000","536.00000000","2023-03-29T03:33:53.991Z","sell","maker"
"0.06470000","84280.20000000","2023-03-29T03:33:53.984Z","sell","maker"
"0.06460000","2094.70000000","2023-03-29T03:33:53.506Z","buy","maker"
"0.06460000","20.50000000","2023-03-29T03:33:53.506Z","buy","maker"
"0.06460000","23.30000000","2023-03-29T03:33:53.506Z","buy","maker"
"0.06460000","21.50000000","2023-03-29T03:33:53.506Z","buy","maker"
"0.06490000","28390.70000000","2023-03-29T03:33:53.385Z","sell","maker"
"0.06470000","6000.00000000","2023-03-29T03:33:53.189Z","sell","maker"
"0.06480000","3142.00000000","2023-03-29T03:33:52.958Z","sell","maker"
"0.06480000","1855.00000000","2023-03-29T03:33:52.852Z","sell","maker"
"0.06480000","541.00000000","2023-03-29T03:33:52.797Z","sell","maker"
"0.06480000","49160.90000000","2023-03-29T03:33:52.666Z","sell","maker"
"0.06480000","1500.00000000","2023-03-29T03:33:52.666Z","sell","maker"
"0.06480000","4500.00000000","2023-03-29T03:33:52.496Z","sell","maker"
"0.06480000","88439.60000000","2023-03-29T03:33:51.474Z","sell","maker"
"0.06480000","39379.50000000","2023-03-29T03:33:51.252Z","sell","maker"
"0.06480000","49060.10000000","2023-03-29T03:33:51.252Z","sell","maker"
"0.06490000","6000.00000000","2023-03-29T03:33:51.208Z","buy","maker"
"0.06500000","50453.40000000","2023-03-29T03:33:51.208Z","buy","maker"
"0.06520000","33092.50000000","2023-03-29T03:33:47.817Z","buy","maker"
"0.06520000","4881.40000000","2023-03-29T03:33:47.802Z","sell","maker"
"0.06510000","6129.20000000","2023-03-29T03:33:47.802Z","sell","maker"
"0.06510000","6000.00000000","2023-03-29T03:33:47.802Z","sell","maker"
"0.06470000","76961.20000000","2023-03-29T03:33:43.801Z","sell","maker"
"0.06470000","14748.30000000","2023-03-29T03:33:43.801Z","sell","maker"
"0.06470000","5426.80000000","2023-03-29T03:33:43.801Z","sell","maker"
"0.06470000","200000.00000000","2023-03-29T03:33:43.801Z","sell","maker"
"0.06470000","176749.20000000","2023-03-29T03:33:43.786Z","buy","maker"
"0.06470000","176607.20000000","2023-03-29T03:33:43.786Z","buy","maker"
"0.06480000","288511.70000000","2023-03-29T03:33:43.786Z","buy","maker"
"0.06480000","1402.90000000","2023-03-29T03:33:43.786Z","buy","maker"
"0.06490000","57987.50000000","2023-03-29T03:33:43.786Z","buy","maker"
"0.06490000","289700.90000000","2023-03-29T03:33:43.786Z","buy","maker"
"0.06500000","88439.60000000","2023-03-29T03:33:43.786Z","buy","maker"
"0.06500000","58910.40000000","2023-03-29T03:33:43.786Z","buy","maker"
"0.06500000","58182.70000000","2023-03-29T03:33:43.786Z","buy","maker"
"0.06510000","6129.20000000","2023-03-29T03:33:43.786Z","buy","maker"
"0.06510000","1966.70000000","2023-03-29T03:33:43.786Z","buy","maker"
"0.06520000","43889.60000000","2023-03-29T03:33:43.786Z","buy","maker"
"0.06520000","6382.70000000","2023-03-29T03:33:15.632Z","buy","maker"
"0.06520000","41888.30000000","2023-03-29T03:33:14.627Z","buy","maker"
"0.06520000","5700.00000000","2023-03-29T03:26:55.752Z","buy","maker"
"0.06530000","5160.70000000","2023-03-29T03:24:18.084Z","buy","maker"
"0.06530000","4587.20000000","2023-03-29T03:23:26.541Z","buy","maker"
"0.06540000","40844.30000000","2023-03-29T03:17:50.132Z","buy","maker"
"0.06550000","1221.70000000","2023-03-29T03:15:25.612Z","sell","maker"
"0.06550000","610.90000000","2023-03-29T03:15:24.711Z","sell","maker"
"0.06540000","88439.60000000","2023-03-29T03:14:43.574Z","buy","maker"
"0.06540000","58910.40000000","2023-03-29T03:14:43.574Z","buy","maker"
"0.06550000","41694.90000000","2023-03-29T03:14:41.952Z","sell","maker"
"0.06550000","41803.80000000","2023-03-29T03:09:04.416Z","sell","maker"
"0.06550000","41750.60000000","2023-03-29T03:09:03.547Z","sell","maker"
"0.06550000","41995.00000000","2023-03-29T03:07:40.930Z","sell","maker"
"0.06550000","41743.40000000","2023-03-29T03:07:25.973Z","sell","maker"
"0.06550000","42009.30000000","2023-03-29T03:07:05.884Z","sell","maker"
"0.06550000","50134.50000000","2023-03-29T03:07:04.114Z","buy","maker"
"0.06550000","6000.00000000","2023-03-29T03:07:04.114Z","buy","maker"
"0.06560000","50198.30000000","2023-03-29T03:05:13.888Z","buy","maker"
"0.06560000","49838.50000000","2023-03-29T03:05:12.420Z","buy","maker"
"0.06550000","29258.80000000","2023-03-29T03:05:02.353Z","buy","maker"
"0.06550000","6000.00000000","2023-03-29T03:05:02.339Z","sell","maker"
"0.06550000","6668.50000000","2023-03-29T03:05:02.339Z","sell","maker"
"0.06550000","41718.50000000","2023-03-29T03:05:00.732Z","sell","maker"
"0.06550000","41734.90000000","2023-03-29T03:04:59.993Z","sell","maker"
"0.06550000","200000.00000000","2023-03-29T03:04:57.933Z","sell","maker"
"0.06550000","14748.30000000","2023-03-29T03:04:57.929Z","sell","maker"
"0.06550000","60796.40000000","2023-03-29T03:04:57.929Z","sell","maker"
"0.06550000","41918.30000000","2023-03-29T03:04:57.916Z","buy","maker"
"0.06550000","58910.40000000","2023-03-29T03:04:57.916Z","buy","maker"
"0.06550000","6000.00000000","2023-03-29T03:04:57.916Z","buy","maker"
"0.06560000","16838.60000000","2023-03-29T02:59:27.235Z","buy","maker"
"0.06570000","89534.20000000","2023-03-29T02:49:35.754Z","sell","maker"
"0.06570000","41826.70000000","2023-03-29T02:41:12.645Z","sell","maker"
"0.06570000","41639.20000000","2023-03-29T02:41:11.912Z","sell","maker"
"0.06570000","41460.30000000","2023-03-29T02:41:10.741Z","sell","maker"
"0.06570000","41605.60000000","2023-03-29T02:41:09.165Z","sell","maker"
"0.06570000","41751.40000000","2023-03-29T02:41:07.911Z","sell","maker"
"0.06570000","41505.60000000","2023-03-29T02:41:06.770Z","sell","maker"
"0.06560000","47512.90000000","2023-03-29T02:36:47.935Z","buy","maker"
"0.06570000","41752.20000000","2023-03-29T02:36:46.796Z","sell","maker"
"0.06570000","41585.20000000","2023-03-29T02:36:46.011Z","sell","maker"
"0.06570000","1303.00000000","2023-03-29T02:36:35.914Z","sell","maker"
"0.06570000","21780.00000000","2023-03-29T02:36:34.794Z","sell","maker"
"0.06570000","31552.50000000","2023-03-29T02:36:33.692Z","sell","maker"
"0.06570000","41446.60000000","2023-03-29T02:36:32.889Z","sell","maker"
"0.06570000","41452.20000000","2023-03-29T02:36:31.820Z","sell","maker"
"0.06570000","41563.70000000","2023-03-29T02:36:30.971Z","sell","maker"
"0.06570000","41822.10000000","2023-03-29T02:36:30.335Z","sell","maker"
"0.06570000","41844.60000000","2023-03-29T02:36:29.076Z","sell","maker"
"0.06570000","41536.30000000","2023-03-29T02:36:27.912Z","sell","maker"
"0.06570000","41567.40000000","2023-03-29T02:36:26.786Z","sell","maker"
"0.06570000","41531.50000000","2023-03-29T02:36:24.754Z","sell","maker"
"0.06570000","41678.50000000","2023-03-29T02:36:13.870Z","sell","maker"
"0.06570000","41602.20000000","2023-03-29T02:36:06.968Z","sell","maker"
"0.06560000","545.30000000","2023-03-29T02:35:58.637Z","buy","maker"
"0.06570000","41574.30000000","2023-03-29T02:35:48.560Z","sell","maker"
"0.06570000","41870.60000000","2023-03-29T02:35:08.723Z","sell","maker"
"0.06560000","5242.00000000","2023-03-29T02:34:13.015Z","buy","maker"
"0.06570000","41882.00000000","2023-03-29T02:29:29.227Z","sell","maker"
"0.06570000","41882.00000000","2023-03-29T02:29:27.970Z","sell","maker"
"0.06560000","66.90000000","2023-03-29T02:28:44.375Z","buy","maker"
"0.06570000","41902.70000000","2023-03-29T02:27:22.796Z","sell","maker"
"0.06570000","6.30000000","2023-03-29T02:25:20.149Z","sell","maker"
"0.06570000","41886.40000000","2023-03-29T02:24:41.301Z","sell","maker"
"0.06570000","41688.40000000","2023-03-29T02:24:38.781Z","sell","maker"
"0.06570000","41777.40000000","2023-03-29T02:24:31.985Z","sell","maker"
"0.06570000","41871.10000000","2023-03-29T02:24:03.652Z","sell","maker"
"0.06560000","5450.70000000","2023-03-29T02:24:03.321Z","sell","maker"
"0.06570000","41707.00000000","2023-03-29T02:24:02.591Z","sell","maker"
"0.06570000","41656.10000000","2023-03-29T02:24:01.392Z","sell","maker"
"0.06570000","4652.90000000","2023-03-29T02:23:51.256Z","sell","maker"
"0.06560000","48000.00000000","2023-03-29T02:23:49.985Z","buy","maker"
"0.06570000","41874.10000000","2023-03-29T02:23:48.380Z","sell","maker"
"0.06570000","41586.30000000","2023-03-29T02:23:45.391Z","sell","maker"
"0.06570000","41509.90000000","2023-03-29T02:23:42.715Z","sell","maker"
"0.06560000","48000.00000000","2023-03-29T02:22:53.638Z","buy","maker"
"0.06570000","41771.40000000","2023-03-29T02:22:53.590Z","sell","maker"
"0.06570000","41758.50000000","2023-03-29T02:22:52.845Z","sell","maker"
"0.06570000","41462.40000000","2023-03-29T02:22:39.409Z","sell","maker"
"0.06550000","4800.00000000","2023-03-29T02:22:31.990Z","buy","maker"
"0.06550000","160.40000000","2023-03-29T02:22:23.018Z","buy","maker"
"0.06550000","10.60000000","2023-03-29T02:20:13.700Z","buy","maker"
"0.06560000","6000.00000000","2023-03-29T02:14:09.019Z","sell","maker"
"0.06550000","5000.00000000","2023-03-29T02:11:00.024Z","buy","maker"
"0.06550000","1000.00000000","2023-03-29T02:10:17.468Z","buy","maker"
"0.06560000","7857.20000000","2023-03-29T01:48:55.506Z","sell","maker"
"0.06560000","6000.00000000","2023-03-29T01:48:55.506Z","sell","maker"
"0.06560000","41410.40000000","2023-03-29T01:37:22.629Z","buy","maker"
"0.06570000","19182.60000000","2023-03-29T01:32:52.540Z","sell","maker"
"0.06560000","177.90000000","2023-03-29T01:31:56.657Z","buy","maker"
"0.06570000","41551.50000000","2023-03-29T01:26:44.026Z","buy","maker"
"0.06570000","10182.70000000","2023-03-29T01:20:09.338Z","sell","maker"
"0.06570000","48000.00000000","2023-03-29T01:20:09.250Z","sell","maker"
"0.06560000","48000.00000000","2023-03-29T01:19:18.214Z","sell","maker"
"0.06530000","6061.50000000","2023-03-29T01:12:56.496Z","sell","maker"
"0.06540000","41787.60000000","2023-03-29T01:06:12.476Z","buy","maker"
"0.06540000","152.70000000","2023-03-29T00:57:48.603Z","buy","maker"
"0.06540000","76.40000000","2023-03-29T00:57:42.217Z","buy","maker"
"0.06540000","85.40000000","2023-03-29T00:57:37.245Z","buy","maker"
"0.06540000","17870.80000000","2023-03-29T00:57:12.471Z","sell","maker"
"0.06560000","1.90000000","2023-03-29T00:35:24.726Z","buy","maker"
"0.06570000","4691.10000000","2023-03-29T00:24:41.372Z","buy","maker"
"0.06570000","10320.30000000","2023-03-29T00:24:41.365Z","buy","maker"
"0.06590000","1.90000000","2023-03-29T00:23:09.894Z","sell","maker"
"0.06570000","6000.00000000","2023-03-29T00:21:47.691Z","sell","maker"
"0.06560000","8173.50000000","2023-03-29T00:20:48.757Z","sell","maker"
"0.06560000","3011.40000000","2023-03-29T00:20:39.584Z","sell","maker"
"0.06560000","6000.00000000","2023-03-29T00:20:39.584Z","sell","maker"
"0.06560000","6000.00000000","2023-03-29T00:20:12.185Z","sell","maker"
"0.06550000","3366.40000000","2023-03-29T00:20:03.484Z","buy","maker"
"0.06560000","7015.50000000","2023-03-29T00:20:03.427Z","buy","maker"
"0.06560000","50151.90000000","2023-03-29T00:20:03.427Z","buy","maker"
"0.06570000","14040.70000000","2023-03-29T00:19:21.193Z","buy","maker"
"0.06570000","3983.50000000","2023-03-29T00:18:55.890Z","buy","maker"
"0.06570000","2016.50000000","2023-03-29T00:18:21.786Z","buy","maker"
"0.06580000","6000.00000000","2023-03-29T00:17:52.341Z","sell","maker"
"0.06570000","3983.50000000","2023-03-29T00:17:36.984Z","buy","maker"
"0.06580000","1059.60000000","2023-03-29T00:17:35.300Z","buy","maker"
"0.06580000","3178.60000000","2023-03-29T00:17:35.285Z","buy","maker"
"0.06590000","7849.30000000","2023-03-29T00:16:29.499Z","sell","maker"
"0.06590000","10529.60000000","2023-03-29T00:16:29.499Z","sell","maker"
"0.06600000","40434.60000000","2023-03-29T00:14:01.220Z","buy","maker"
"0.06600000","25.40000000","2023-03-29T00:13:33.703Z","buy","maker"
"0.06620000","1565.90000000","2023-03-29T00:10:30.477Z","buy","maker"
"0.06610000","5184.20000000","2023-03-29T00:10:08.366Z","buy","maker"
"0.06610000","6000.00000000","2023-03-29T00:10:08.366Z","buy","maker"
"0.06610000","357.50000000","2023-03-29T00:09:40.435Z","buy","maker"
"0.06610000","7849.30000000","2023-03-29T00:09:38.588Z","sell","maker"
"0.06610000","6000.00000000","2023-03-29T00:09:38.588Z","sell","maker"
"0.06590000","6.70000000","2023-03-29T00:09:38.486Z","buy","maker"
"0.06580000","2341.40000000","2023-03-29T00:08:52.251Z","buy","maker"
"0.06580000","6061.50000000","2023-03-29T00:08:52.251Z","buy","maker"
"0.06590000","6000.00000000","2023-03-29T00:08:52.251Z","buy","maker"
"0.06580000","47645.10000000","2023-03-29T00:08:21.514Z","buy","maker"
"0.06590000","8147.00000000","2023-03-29T00:08:21.514Z","buy","maker"
"0.06600000","6000.00000000","2023-03-29T00:08:21.514Z","buy","maker"
"0.06650000","40355.00000000","2023-03-29T00:00:25.453Z","buy","maker"
"0.06640000","367.70000000","2023-03-28T23:54:07.313Z","buy","maker"
"0.06660000","282.00000000","2023-03-28T23:51:12.938Z","buy","maker"
"0.06670000","14402.90000000","2023-03-28T23:50:37.309Z","buy","maker"
"0.06660000","6000.00000000","2023-03-28T23:48:31.873Z","sell","maker"
"0.06660000","6303.70000000","2023-03-28T23:48:31.873Z","sell","maker"
"0.06650000","6000.00000000","2023-03-28T23:47:40.047Z","buy","maker"
"0.06640000","7849.30000000","2023-03-28T23:47:10.032Z","sell","maker"
"0.06640000","9011.40000000","2023-03-28T23:44:07.738Z","sell","maker"
"0.06630000","6000.00000000","2023-03-28T23:44:07.738Z","sell","maker"
"0.06620000","6000.00000000","2023-03-28T23:38:00.943Z","buy","maker"
"0.06620000","6000.00000000","2023-03-28T23:38:00.308Z","sell","maker"
"0.06610000","6000.00000000","2023-03-28T23:37:26.586Z","sell","maker"
"0.06630000","34615.10000000","2023-03-28T23:30:47.205Z","buy","maker"
"0.06630000","13796.50000000","2023-03-28T23:30:47.205Z","buy","maker"
"0.06620000","3631.70000000","2023-03-28T23:24:26.826Z","sell","maker"
"0.06610000","37892.60000000","2023-03-28T23:20:45.462Z","buy","maker"
"0.06610000","2565.00000000","2023-03-28T23:20:45.441Z","buy","maker"
"0.06610000","6000.00000000","2023-03-28T23:20:45.441Z","buy","maker"
"0.06620000","6000.00000000","2023-03-28T23:19:47.111Z","sell","maker"
"0.06620000","34512.40000000","2023-03-28T23:19:44.638Z","sell","maker"
"0.06620000","6000.00000000","2023-03-28T23:19:44.638Z","sell","maker"
"0.06620000","6000.00000000","2023-03-28T23:19:14.643Z","sell","maker"
"0.06620000","1402.90000000","2023-03-28T23:19:14.643Z","sell","maker"
"0.06610000","6000.00000000","2023-03-28T23:19:11.134Z","sell","maker"
"0.06610000","20810.90000000","2023-03-28T23:19:09.736Z","sell","maker"
"0.06610000","19740.50000000","2023-03-28T23:19:09.736Z","sell","maker"
"0.06610000","38442.20000000","2023-03-28T23:19:08.789Z","sell","maker"
"0.06610000","2191.10000000","2023-03-28T23:19:08.789Z","sell","maker"
"0.06610000","6000.00000000","2023-03-28T23:19:03.214Z","buy","maker"
"0.06610000","3161.90000000","2023-03-28T23:19:02.549Z","sell","maker"
"0.06610000","3066.70000000","2023-03-28T23:19:02.549Z","sell","maker"
"0.06610000","7849.30000000","2023-03-28T23:19:02.549Z","sell","maker"
"0.06610000","257.10000000","2023-03-28T23:19:02.549Z","sell","maker"
"0.06600000","6065.70000000","2023-03-28T23:18:35.003Z","sell","maker"
"0.06600000","27773.50000000","2023-03-28T23:18:31.703Z","sell","maker"
"0.06600000","6912.70000000","2023-03-28T23:18:31.703Z","sell","maker"
"0.06600000","6000.00000000","2023-03-28T23:18:31.703Z","sell","maker"
"0.06590000","6000.00000000","2023-03-28T23:17:54.026Z","sell","maker"
"0.06590000","20000.00000000","2023-03-28T23:17:49.513Z","sell","maker"
"0.06580000","1599.10000000","2023-03-28T23:17:36.066Z","sell","maker"
"0.06580000","25214.30000000","2023-03-28T23:17:36.066Z","sell","maker"
"0.06570000","6000.00000000","2023-03-28T23:17:00.258Z","sell","maker"
"0.06570000","12938.40000000","2023-03-28T23:17:00.258Z","sell","maker"
"0.06550000","41576.00000000","2023-03-28T23:16:56.316Z","buy","maker"
"0.06550000","5998.10000000","2023-03-28T23:16:56.316Z","buy","maker"
"0.06560000","48057.30000000","2023-03-28T23:16:56.316Z","buy","maker"
"0.06560000","6000.00000000","2023-03-28T23:16:56.316Z","buy","maker"
"0.06570000","6000.00000000","2023-03-28T23:12:18.581Z","sell","maker"
"0.06550000","1.90000000","2023-03-28T23:07:47.459Z","buy","maker"
"0.06560000","50.00000000","2023-03-28T23:05:55.223Z","sell","maker"
"0.06540000","312.70000000","2023-03-28T22:59:56.870Z","buy","maker"
"0.06530000","37107.60000000","2023-03-28T22:58:33.393Z","buy","maker"
"0.06530000","58910.40000000","2023-03-28T22:58:33.393Z","buy","maker"
"0.06540000","6000.00000000","2023-03-28T22:58:33.393Z","buy","maker"
"0.06540000","42356.90000000","2023-03-28T22:58:33.393Z","buy","maker"
"0.06540000","4.40000000","2023-03-28T22:54:56.853Z","buy","maker"
"0.06540000","3742.30000000","2023-03-28T22:53:39.323Z","buy","maker"
"0.06540000","1984.70000000","2023-03-28T22:53:39.323Z","buy","maker"
"0.06540000","4015.30000000","2023-03-28T22:53:08.128Z","buy","maker"
"0.06530000","109013.50000000","2023-03-28T22:52:46.828Z","buy","maker"
"0.06540000","58910.40000000","2023-03-28T22:52:46.828Z","buy","maker"
"0.06540000","43907.00000000","2023-03-28T22:52:46.828Z","buy","maker"
"0.06540000","88439.60000000","2023-03-28T22:52:46.828Z","buy","maker"
"0.06550000","5707.50000000","2023-03-28T22:52:46.828Z","buy","maker"
"0.06550000","292.50000000","2023-03-28T22:50:56.504Z","buy","maker"
"0.06560000","4566.20000000","2023-03-28T22:50:41.076Z","buy","maker"
"0.06570000","8115.10000000","2023-03-28T22:45:38.730Z","sell","maker"
"0.06560000","2882.00000000","2023-03-28T22:45:38.730Z","sell","maker"
"0.06550000","381.10000000","2023-03-28T22:38:04.275Z","buy","maker"
"0.06550000","277.90000000","2023-03-28T22:30:33.638Z","buy","maker"
"0.06550000","152.40000000","2023-03-28T22:28:32.730Z","buy","maker"
"0.06550000","3059.60000000","2023-03-28T22:26:23.695Z","sell","maker"
"0.06540000","117.70000000","2023-03-28T22:26:16.104Z","buy","maker"
"0.06530000","1532.10000000","2023-03-28T22:24:02.579Z","buy","maker"
"0.06530000","152.70000000","2023-03-28T22:20:29.409Z","buy","maker"
"0.06530000","81.80000000","2023-03-28T22:17:40.228Z","buy","maker"
"0.06540000","200.00000000","2023-03-28T22:12:05.894Z","buy","maker"
"0.06540000","967.40000000","2023-03-28T21:58:38.512Z","buy","maker"
"0.06550000","932.30000000","2023-03-28T21:49:16.971Z","buy","maker"
"0.06550000","3489.70000000","2023-03-28T21:45:58.811Z","buy","maker"
"0.06560000","4008.50000000","2023-03-28T21:44:33.746Z","buy","maker"