"price","volume","time","side","orderType"
"80.54000000","2.49200000","2023-07-14T02:59:46.379Z","sell","maker"
"80.65000000","0.16000000","2023-07-14T02:57:53.894Z","buy","taker"
"80.65000000","1.06100000","2023-07-14T02:57:52.550Z","buy","taker"
"80.60000000","0.47200000","2023-07-14T02:57:50.351Z","buy","taker"
"80.41000000","0.07500000","2023-07-14T02:57:31.522Z","buy","taker"
"79.51000000","0.40200000","2023-07-14T02:57:29.511Z","buy","taker"
"79.69000000","0.07600000","2023-07-14T02:57:29.507Z","sell","maker"
"80.05000000","0.47400000","2023-07-14T02:57:14.389Z","buy","taker"
"79.87000000","1.23300000","2023-07-14T02:57:10.419Z","buy","taker"
"80.41000000","0.07500000","2023-07-14T02:56:33.419Z","buy","taker"
"79.69000000","0.07600000","2023-07-14T02:56:33.381Z","buy","taker"
"80.65000000","2.56200000","2023-07-14T02:56:32.961Z","sell","maker"
"80.45000000","0.46900000","2023-07-14T02:56:32.961Z","sell","maker"
"79.90000000","0.47300000","2023-07-14T02:56:32.961Z","sell","maker"
"79.69000000","0.07600000","2023-07-14T02:56:32.961Z","sell","maker"
"79.36000000","0.47600000","2023-07-14T02:56:32.961Z","sell","maker"
"79.25000000","1.22400000","2023-07-14T02:56:32.961Z","sell","maker"
"78.97000000","0.07700000","2023-07-14T02:56:32.961Z","sell","maker"
"78.82000000","0.47900000","2023-07-14T02:56:32.961Z","sell","maker"
"78.59000000","0.18600000","2023-07-14T02:56:32.961Z","sell","maker"
"78.49000000","1.23600000","2023-07-14T02:56:32.961Z","sell","maker"
"78.35000000","1.25300000","2023-07-14T02:56:32.961Z","sell","maker"
"80.66000000","0.47200000","2023-07-14T02:55:02.398Z","sell","maker"
"80.66000000","1.22000000","2023-07-14T02:54:59.389Z","sell","maker"
"80.66000000","0.47500000","2023-07-14T02:54:56.035Z","sell","maker"
"80.41000000","0.07500000","2023-07-14T02:54:18.520Z","buy","taker"
"79.00000000","3.35200000","2023-07-14T02:54:18.158Z","buy","taker"
"79.00000000","1.02300000","2023-07-14T02:54:18.155Z","buy","taker"
"79.00000000","0.02700000","2023-07-14T02:54:18.152Z","buy","taker"
"79.00000000","48.07200000","2023-07-14T02:54:18.152Z","buy","taker"
"81.20000000","2.00200000","2023-07-14T02:54:18.147Z","sell","maker"
"80.41000000","0.07600000","2023-07-14T02:54:18.147Z","sell","maker"
"80.31000000","0.96800000","2023-07-14T02:54:18.147Z","sell","maker"
"80.02000000","1.21200000","2023-07-14T02:54:18.147Z","sell","maker"
"80.00000000","0.28200000","2023-07-14T02:54:18.147Z","sell","maker"
"80.00000000","2.68200000","2023-07-14T02:54:18.147Z","sell","maker"
"80.00000000","0.05200000","2023-07-14T02:54:18.147Z","sell","maker"
"79.93000000","0.17900000","2023-07-14T02:54:18.147Z","sell","maker"
"79.90000000","0.47300000","2023-07-14T02:54:18.147Z","sell","maker"
"79.79000000","0.50200000","2023-07-14T02:54:18.147Z","sell","maker"
"79.69000000","0.07600000","2023-07-14T02:54:18.147Z","sell","maker"
"79.44000000","0.12400000","2023-07-14T02:54:18.147Z","sell","maker"
"79.36000000","0.47600000","2023-07-14T02:54:18.147Z","sell","maker"
"79.25000000","1.22400000","2023-07-14T02:54:18.147Z","sell","maker"
"79.12000000","8.90400000","2023-07-14T02:54:18.147Z","sell","maker"
"81.15000000","0.07500000","2023-07-14T02:54:17.097Z","buy","taker"
"81.15000000","0.46800000","2023-07-14T02:54:17.097Z","buy","taker"
"80.31000000","0.20500000","2023-07-14T02:53:14.179Z","sell","maker"
"80.96000000","0.93700000","2023-07-14T02:52:40.117Z","sell","maker"
"80.95000000","0.93800000","2023-07-14T02:52:40.117Z","sell","maker"
"80.45000000","0.46900000","2023-07-14T02:52:40.117Z","sell","maker"
"80.41000000","0.07600000","2023-07-14T02:52:40.117Z","sell","maker"
"80.32000000","0.42000000","2023-07-14T02:52:40.117Z","sell","maker"
"80.31000000","0.38400000","2023-07-14T02:52:40.117Z","sell","maker"
"81.15000000","0.46800000","2023-07-14T02:52:04.976Z","buy","taker"
"81.15000000","0.07500000","2023-07-14T02:51:11.559Z","buy","taker"
"80.91000000","2.40200000","2023-07-14T02:51:07.554Z","sell","maker"
"80.91000000","4.74100000","2023-07-14T02:51:06.579Z","sell","maker"
"80.92000000","4.74100000","2023-07-14T02:51:05.579Z","sell","maker"
"81.55000000","0.46300000","2023-07-14T02:51:03.580Z","sell","maker"
"81.15000000","0.07500000","2023-07-14T02:51:03.580Z","sell","maker"
"81.00000000","0.46600000","2023-07-14T02:51:03.580Z","sell","maker"
"80.80000000","1.20100000","2023-07-14T02:51:03.580Z","sell","maker"
"80.45000000","0.46900000","2023-07-14T02:51:03.580Z","sell","maker"
"80.41000000","0.07600000","2023-07-14T02:51:03.580Z","sell","maker"
"80.32000000","1.99100000","2023-07-14T02:51:03.580Z","sell","maker"
"82.22000000","0.10200000","2023-07-14T02:49:04.886Z","buy","taker"
"82.26000000","0.34600000","2023-07-14T02:49:04.886Z","buy","taker"
"82.30000000","0.44800000","2023-07-14T02:49:04.886Z","buy","taker"
"82.05000000","0.79000000","2023-07-14T02:48:43.551Z","buy","taker"
"82.20000000","1.00000000","2023-07-14T02:48:22.659Z","buy","taker"
"81.89000000","0.07400000","2023-07-14T02:48:09.282Z","buy","taker"
"82.22000000","1.09600000","2023-07-14T02:48:09.282Z","buy","taker"
"81.71000000","0.46500000","2023-07-14T02:48:02.122Z","buy","taker"
"81.15000000","0.07500000","2023-07-14T02:46:48.796Z","buy","taker"
"81.15000000","0.46800000","2023-07-14T02:46:48.796Z","buy","taker"
"80.48000000","0.60400000","2023-07-14T02:46:15.617Z","sell","maker"
"81.15000000","0.02200000","2023-07-14T02:45:58.724Z","sell","maker"
"81.00000000","0.46600000","2023-07-14T02:45:58.724Z","sell","maker"
"80.45000000","0.46900000","2023-07-14T02:45:58.724Z","sell","maker"
"80.41000000","0.07600000","2023-07-14T02:45:58.724Z","sell","maker"
"80.35000000","3.96700000","2023-07-14T02:45:58.724Z","sell","maker"
"81.93000000","0.05100000","2023-07-14T02:45:23.614Z","buy","taker"
"81.92000000","5.38300000","2023-07-14T02:45:21.425Z","buy","taker"
"81.71000000","0.00400000","2023-07-14T02:43:26.925Z","buy","taker"
"81.71000000","0.46100000","2023-07-14T02:43:24.464Z","buy","taker"
"81.15000000","0.05300000","2023-07-14T02:42:24.854Z","sell","maker"
"80.80000000","0.75300000","2023-07-14T02:42:07.117Z","buy","taker"
"81.89000000","0.07400000","2023-07-14T02:42:07.117Z","buy","taker"
"82.26000000","0.11600000","2023-07-14T02:42:07.117Z","buy","taker"
"81.00000000","0.46600000","2023-07-14T02:41:52.426Z","sell","maker"
"80.80000000","1.17900000","2023-07-14T02:41:52.426Z","sell","maker"
"80.80000000","2.31200000","2023-07-14T02:41:52.426Z","sell","maker"
"81.71000000","2.21600000","2023-07-14T02:39:55.400Z","buy","taker"
"81.71000000","0.00400000","2023-07-14T02:39:21.699Z","sell","maker"
"81.71000000","0.22400000","2023-07-14T02:39:07.789Z","sell","maker"
"81.71000000","0.35700000","2023-07-14T02:39:07.655Z","buy","taker"
"81.71000000","0.10400000","2023-07-14T02:39:07.655Z","buy","taker"
"80.83000000","0.09300000","2023-07-14T02:38:42.254Z","sell","maker"
"81.71000000","0.10800000","2023-07-14T02:37:55.363Z","buy","taker"
"80.92000000","1.13700000","2023-07-14T02:37:25.754Z","sell","maker"
"81.75000000","1.65100000","2023-07-14T02:36:53.817Z","sell","maker"
"81.58000000","1.18900000","2023-07-14T02:36:53.817Z","sell","maker"
"81.55000000","0.46300000","2023-07-14T02:36:53.817Z","sell","maker"
"81.34000000","0.49300000","2023-07-14T02:36:53.817Z","sell","maker"
"81.15000000","0.07500000","2023-07-14T02:36:53.817Z","sell","maker"
"81.00000000","0.46600000","2023-07-14T02:36:53.817Z","sell","maker"
"80.80000000","0.02200000","2023-07-14T02:36:53.817Z","sell","maker"
"81.75000000","0.34000000","2023-07-14T02:36:25.919Z","sell","maker"
"81.75000000","0.08600000","2023-07-14T02:36:14.280Z","sell","maker"
"82.11000000","0.03300000","2023-07-14T02:35:41.224Z","sell","maker"
"81.89000000","0.04600000","2023-07-14T02:35:41.224Z","sell","maker"
"81.75000000","0.45100000","2023-07-14T02:35:41.224Z","sell","maker"
"82.85000000","0.06200000","2023-07-14T02:31:44.117Z","buy","taker"
"82.11000000","0.42700000","2023-07-14T02:30:48.880Z","sell","maker"
"82.83000000","0.45900000","2023-07-14T02:29:50.017Z","buy","taker"
"82.85000000","0.73800000","2023-07-14T02:29:50.017Z","buy","taker"
"82.70000000","0.36600000","2023-07-14T02:29:31.615Z","buy","taker"
"82.70000000","0.82900000","2023-07-14T02:29:31.335Z","buy","taker"
"82.70000000","0.01300000","2023-07-14T02:29:31.005Z","buy","taker"
"82.70000000","0.92800000","2023-07-14T02:29:10.534Z","buy","taker"
"82.70000000","0.03600000","2023-07-14T02:29:03.405Z","buy","taker"
"82.70000000","1.43900000","2023-07-14T02:28:59.254Z","buy","taker"
"82.70000000","0.71900000","2023-07-14T02:28:59.187Z","buy","taker"
"82.70000000","1.52000000","2023-07-14T02:28:58.754Z","sell","maker"
"82.67000000","0.45700000","2023-07-14T02:28:58.754Z","sell","maker"
"82.63000000","0.07400000","2023-07-14T02:28:58.754Z","sell","maker"
"82.37000000","1.17800000","2023-07-14T02:28:58.754Z","sell","maker"
"82.30000000","1.27800000","2023-07-14T02:28:58.754Z","sell","maker"
"82.11000000","0.46000000","2023-07-14T02:28:58.754Z","sell","maker"
"81.89000000","0.02800000","2023-07-14T02:28:58.754Z","sell","maker"
"82.70000000","0.29400000","2023-07-14T02:28:47.854Z","sell","maker"
"83.39000000","0.45600000","2023-07-14T02:23:48.080Z","buy","taker"
"83.39000000","5.17100000","2023-07-14T02:23:48.080Z","buy","taker"
"82.68000000","0.48800000","2023-07-14T02:23:46.980Z","sell","maker"
"82.85000000","0.11300000","2023-07-14T02:19:22.854Z","buy","taker"
"82.85000000","0.52100000","2023-07-14T02:19:22.854Z","buy","taker"
"82.85000000","0.11600000","2023-07-14T02:19:22.828Z","buy","taker"
"82.85000000","0.02400000","2023-07-14T02:19:22.823Z","buy","taker"
"82.85000000","0.02400000","2023-07-14T02:19:22.819Z","buy","taker"
"82.85000000","0.02400000","2023-07-14T02:19:22.815Z","buy","taker"
"82.85000000","0.02400000","2023-07-14T02:19:22.810Z","buy","taker"
"82.85000000","0.02400000","2023-07-14T02:19:22.805Z","buy","taker"
"82.85000000","0.72200000","2023-07-14T02:19:22.803Z","buy","taker"
"82.85000000","0.02400000","2023-07-14T02:19:22.802Z","buy","taker"
"82.85000000","0.02400000","2023-07-14T02:19:22.800Z","buy","taker"
"82.85000000","0.72300000","2023-07-14T02:19:22.799Z","buy","taker"
"82.85000000","0.82600000","2023-07-14T02:19:22.710Z","buy","taker"
"82.85000000","0.07000000","2023-07-14T02:19:16.237Z","buy","taker"
"82.85000000","0.79100000","2023-07-14T02:19:10.484Z","buy","taker"
"82.85000000","4.00000000","2023-07-14T02:18:35.265Z","buy","taker"
"82.85000000","0.75600000","2023-07-14T02:18:23.813Z","buy","taker"
"82.85000000","0.57600000","2023-07-14T02:18:23.744Z","buy","taker"
"82.67000000","3.59900000","2023-07-14T02:17:32.254Z","sell","maker"
"82.85000000","0.02200000","2023-07-14T02:17:06.222Z","buy","taker"
"82.85000000","0.03700000","2023-07-14T02:17:05.033Z","buy","taker"
"82.85000000","0.06200000","2023-07-14T02:17:03.629Z","buy","taker"
"82.85000000","0.08400000","2023-07-14T02:16:58.741Z","buy","taker"
"82.67000000","0.01600000","2023-07-14T02:16:53.277Z","sell","maker"
"82.67000000","0.70000000","2023-07-14T02:16:53.277Z","sell","maker"
"82.85000000","0.68900000","2023-07-14T02:16:41.824Z","buy","taker"
"82.85000000","0.93600000","2023-07-14T02:16:39.942Z","buy","taker"
"82.85000000","3.62100000","2023-07-14T02:16:32.291Z","buy","taker"
"82.86000000","0.44300000","2023-07-14T02:16:32.202Z","sell","maker"
"82.85000000","2.41600000","2023-07-14T02:16:32.202Z","sell","maker"
"82.85000000","0.07800000","2023-07-14T02:12:58.154Z","sell","maker"
"83.63000000","0.32900000","2023-07-14T02:12:52.223Z","buy","taker"
"83.95000000","0.47700000","2023-07-14T01:56:05.095Z","buy","taker"
"82.90000000","0.10100000","2023-07-14T01:50:54.961Z","sell","maker"
"83.77000000","0.09600000","2023-07-14T01:50:19.541Z","buy","taker"
"83.83000000","0.12000000","2023-07-14T01:47:37.158Z","buy","taker"
"82.88000000","0.09800000","2023-07-14T01:35:40.917Z","sell","maker"
"82.88000000","0.69500000","2023-07-14T01:33:34.717Z","sell","maker"
"83.76000000","0.09500000","2023-07-14T01:21:24.308Z","buy","taker"
"83.76000000","0.09500000","2023-07-14T01:21:22.299Z","buy","taker"
"83.66000000","3.99600000","2023-07-14T01:19:01.654Z","buy","taker"
"83.66000000","2.05900000","2023-07-14T01:19:00.654Z","buy","taker"
"83.66000000","1.93700000","2023-07-14T01:19:00.654Z","buy","taker"
"83.41000000","2.25500000","2023-07-14T01:18:58.654Z","buy","taker"
"83.44000000","0.18000000","2023-07-14T01:18:58.654Z","buy","taker"
"83.56000000","0.18000000","2023-07-14T01:18:58.654Z","buy","taker"
"83.66000000","1.38000000","2023-07-14T01:18:58.654Z","buy","taker"
"83.40000000","0.48100000","2023-07-14T01:16:04.521Z","buy","taker"
"83.40000000","0.48100000","2023-07-14T01:16:04.323Z","buy","taker"
"83.41000000","0.23900000","2023-07-14T01:13:41.987Z","buy","taker"
"82.85000000","1.04500000","2023-07-14T01:13:37.287Z","sell","maker"
"82.67000000","0.44100000","2023-07-14T01:13:37.287Z","sell","maker"
"83.24000000","0.09700000","2023-07-14T01:09:22.724Z","sell","maker"
"83.23000000","0.45400000","2023-07-14T01:09:22.724Z","sell","maker"
"82.85000000","1.44900000","2023-07-14T01:09:22.724Z","sell","maker"
"83.41000000","0.86400000","2023-07-14T01:06:59.624Z","buy","taker"
"83.82000000","1.17500000","2023-07-14T01:06:59.624Z","buy","taker"
"83.96000000","0.45300000","2023-07-14T01:06:59.624Z","buy","taker"
"83.97000000","0.81500000","2023-07-14T01:06:59.624Z","buy","taker"
"83.39000000","0.05000000","2023-07-14T01:06:54.355Z","buy","taker"
"83.41000000","1.63000000","2023-07-14T01:06:54.355Z","buy","taker"
"82.65000000","0.06000000","2023-07-14T01:06:48.962Z","sell","maker"
"82.65000000","0.13900000","2023-07-14T01:06:48.280Z","sell","maker"
"83.39000000","0.01200000","2023-07-14T00:59:14.850Z","buy","taker"
"82.70000000","0.04500000","2023-07-14T00:53:09.893Z","buy","taker"
"83.39000000","0.06800000","2023-07-14T00:52:59.547Z","buy","taker"
"83.39000000","0.07300000","2023-07-14T00:52:55.633Z","buy","taker"
"83.39000000","0.32600000","2023-07-14T00:52:55.633Z","buy","taker"
"82.31000000","4.99500000","2023-07-14T00:52:24.454Z","sell","maker"
"83.00000000","0.02000000","2023-07-14T00:52:23.454Z","sell","maker"
"82.85000000","2.03300000","2023-07-14T00:52:23.454Z","sell","maker"
"82.67000000","0.45700000","2023-07-14T00:52:23.454Z","sell","maker"
"82.63000000","0.07400000","2023-07-14T00:52:23.454Z","sell","maker"
"82.37000000","1.17800000","2023-07-14T00:52:23.454Z","sell","maker"
"82.30000000","1.23300000","2023-07-14T00:52:23.454Z","sell","maker"
"83.41000000","0.00400000","2023-07-14T00:52:21.454Z","sell","maker"
"83.39000000","0.07300000","2023-07-14T00:52:21.454Z","sell","maker"
"83.24000000","3.90500000","2023-07-14T00:52:21.454Z","sell","maker"
"83.23000000","0.45400000","2023-07-14T00:52:21.454Z","sell","maker"
"83.00000000","0.55900000","2023-07-14T00:52:21.454Z","sell","maker"
"83.42000000","0.01500000","2023-07-14T00:52:20.655Z","buy","taker"
"84.43000000","0.47400000","2023-07-14T00:52:17.991Z","buy","taker"
"83.41000000","0.10600000","2023-07-14T00:47:33.838Z","sell","maker"
"83.42000000","0.34900000","2023-07-14T00:45:20.824Z","sell","maker"
"83.41000000","2.33500000","2023-07-14T00:44:42.554Z","sell","maker"
"83.80000000","0.00400000","2023-07-14T00:43:59.696Z","sell","maker"
"83.41000000","0.03200000","2023-07-14T00:43:59.696Z","sell","maker"
"83.80000000","0.44600000","2023-07-14T00:43:15.852Z","sell","maker"
"83.97000000","0.00500000","2023-07-14T00:43:15.734Z","sell","maker"
"83.97000000","0.02800000","2023-07-14T00:40:37.886Z","sell","maker"
"83.97000000","1.19100000","2023-07-14T00:40:30.417Z","sell","maker"
"83.97000000","0.03900000","2023-07-14T00:40:13.774Z","sell","maker"
"83.97000000","1.19800000","2023-07-14T00:39:41.538Z","sell","maker"
"84.53000000","0.41300000","2023-07-14T00:39:18.918Z","buy","taker"
"84.53000000","1.53600000","2023-07-14T00:39:18.918Z","buy","taker"
"84.53000000","1.91400000","2023-07-14T00:39:17.918Z","buy","taker"
"84.53000000","0.03500000","2023-07-14T00:39:17.918Z","buy","taker"
"83.96000000","0.45200000","2023-07-14T00:39:15.918Z","buy","taker"
"83.97000000","0.87700000","2023-07-14T00:39:15.918Z","buy","taker"
"84.15000000","0.07200000","2023-07-14T00:39:15.918Z","buy","taker"
"84.53000000","0.54700000","2023-07-14T00:39:15.918Z","buy","taker"
"83.00000000","0.06000000","2023-07-14T00:36:05.655Z","sell","maker"
"83.00000000","2.99700000","2023-07-14T00:36:03.924Z","sell","maker"
"83.00000000","0.06000000","2023-07-14T00:35:56.426Z","sell","maker"
"83.00000000","0.01700000","2023-07-14T00:35:54.824Z","sell","maker"
"83.00000000","0.60000000","2023-07-14T00:34:58.118Z","sell","maker"
"83.23000000","0.00600000","2023-07-14T00:34:43.890Z","sell","maker"
"83.00000000","0.17800000","2023-07-14T00:34:43.890Z","sell","maker"
"83.97000000","0.47800000","2023-07-14T00:32:30.926Z","buy","taker"
"83.97000000","0.46200000","2023-07-14T00:27:23.743Z","buy","taker"
"83.23000000","0.03900000","2023-07-14T00:26:33.792Z","sell","maker"
"83.23000000","0.17600000","2023-07-14T00:26:33.557Z","sell","maker"
"83.23000000","0.16500000","2023-07-14T00:26:20.731Z","sell","maker"
"83.23000000","0.05100000","2023-07-14T00:26:11.522Z","sell","maker"
"83.23000000","0.01700000","2023-07-14T00:25:57.342Z","sell","maker"
"83.00000000","0.40000000","2023-07-14T00:25:04.580Z","sell","maker"
"83.96000000","0.45300000","2023-07-14T00:24:39.279Z","buy","taker"
"83.96000000","0.58200000","2023-07-14T00:24:39.279Z","buy","taker"
"83.23000000","0.45400000","2023-07-14T00:22:45.318Z","sell","maker"
"83.00000000","1.01000000","2023-07-14T00:22:45.318Z","sell","maker"
"83.96000000","0.22100000","2023-07-14T00:22:03.222Z","buy","taker"
"83.96000000","0.40400000","2023-07-14T00:22:02.545Z","buy","taker"
"83.96000000","0.06200000","2023-07-14T00:22:02.545Z","buy","taker"
"83.96000000","0.03100000","2023-07-14T00:16:03.990Z","buy","taker"
"82.86000000","0.98000000","2023-07-14T00:15:39.554Z","sell","maker"
"83.90000000","0.00500000","2023-07-14T00:14:46.813Z","buy","taker"
"83.96000000","0.01800000","2023-07-14T00:14:46.813Z","buy","taker"
"83.90000000","1.90500000","2023-07-14T00:14:32.752Z","buy","taker"
"83.60000000","1.60900000","2023-07-14T00:13:25.291Z","buy","taker"
"83.60000000","0.04100000","2023-07-14T00:08:43.349Z","buy","taker"
"83.60000000","0.08100000","2023-07-14T00:08:39.031Z","buy","taker"
"83.60000000","0.17800000","2023-07-14T00:08:18.642Z","buy","taker"
"82.94000000","3.05700000","2023-07-14T00:07:50.224Z","sell","maker"
"83.50000000","1.33800000","2023-07-14T00:07:41.399Z","buy","taker"
"83.50000000","0.07800000","2023-07-14T00:07:37.842Z","buy","taker"
"83.50000000","0.78000000","2023-07-14T00:07:35.256Z","buy","taker"
"83.50000000","0.57400000","2023-07-14T00:07:33.801Z","buy","taker"
"83.50000000","0.18600000","2023-07-14T00:07:32.550Z","buy","taker"
"83.50000000","0.07800000","2023-07-14T00:07:29.714Z","buy","taker"
"83.50000000","0.78400000","2023-07-14T00:07:25.305Z","buy","taker"
"82.86000000","5.74100000","2023-07-14T00:01:36.154Z","sell","maker"
"82.86000000","5.74100000","2023-07-14T00:01:35.154Z","sell","maker"
"82.86000000","5.74200000","2023-07-14T00:01:33.154Z","sell","maker"
"82.87000000","0.04400000","2023-07-14T00:01:31.380Z","sell","maker"
"82.89000000","0.91600000","2023-07-14T00:01:08.317Z","sell","maker"
"82.88000000","0.91600000","2023-07-14T00:01:08.317Z","sell","maker"
"82.87000000","0.17300000","2023-07-14T00:01:08.317Z","sell","maker"
"82.86000000","0.87500000","2023-07-14T00:01:08.317Z","sell","maker"
"83.40000000","0.01400000","2023-07-14T00:00:00.199Z","sell","maker"
"83.21000000","2.50500000","2023-07-13T23:56:41.258Z","sell","maker"
"82.96000000","0.84500000","2023-07-13T23:53:39.818Z","sell","maker"
"83.90000000","0.04500000","2023-07-13T23:47:09.168Z","buy","taker"
"83.90000000","0.07800000","2023-07-13T23:47:07.969Z","buy","taker"
"83.90000000","0.19600000","2023-07-13T23:47:07.325Z","buy","taker"
"83.90000000","0.04100000","2023-07-13T23:47:05.536Z","buy","taker"
"83.90000000","0.01500000","2023-07-13T23:47:01.277Z","buy","taker"
"83.90000000","0.14200000","2023-07-13T23:46:59.145Z","buy","taker"
"83.90000000","0.17300000","2023-07-13T23:46:56.927Z","buy","taker"
"83.70000000","0.35400000","2023-07-13T23:46:39.319Z","buy","taker"
"83.70000000","0.14100000","2023-07-13T23:46:36.088Z","buy","taker"
"83.70000000","1.39100000","2023-07-13T23:46:35.592Z","buy","taker"
"83.70000000","0.03500000","2023-07-13T23:46:30.119Z","buy","taker"
"83.23000000","0.45400000","2023-07-13T23:45:44.954Z","sell","maker"
"82.86000000","0.54600000","2023-07-13T23:45:44.954Z","sell","maker"
"83.90000000","3.41600000","2023-07-13T23:44:51.329Z","buy","taker"
"83.96000000","0.45300000","2023-07-13T23:44:51.329Z","buy","taker"
"83.97000000","0.18200000","2023-07-13T23:44:51.329Z","buy","taker"
"83.82000000","1.17500000","2023-07-13T23:41:51.091Z","buy","taker"
"83.81000000","0.47700000","2023-07-13T23:29:42.373Z","buy","taker"
"83.12000000","1.00000000","2023-07-13T23:18:03.717Z","sell","maker"
"83.02000000","1.18700000","2023-07-13T23:17:13.436Z","buy","taker"
"82.89000000","1.20900000","2023-07-13T23:17:10.566Z","sell","maker"
"82.88000000","0.46800000","2023-07-13T23:16:58.936Z","sell","maker"
"82.88000000","1.19700000","2023-07-13T23:16:57.406Z","sell","maker"
"82.87000000","0.34100000","2023-07-13T23:16:56.415Z","sell","maker"
"82.87000000","0.12400000","2023-07-13T23:16:56.415Z","sell","maker"
"82.86000000","0.45900000","2023-07-13T23:16:48.619Z","sell","maker"
"82.95000000","1.55700000","2023-07-13T23:16:43.793Z","buy","taker"
"83.08000000","0.49100000","2023-07-13T23:16:42.974Z","buy","taker"
"82.85000000","0.46100000","2023-07-13T23:16:42.874Z","sell","maker"
"82.85000000","2.51100000","2023-07-13T23:16:26.322Z","buy","taker"
"83.39000000","0.07500000","2023-07-13T23:16:26.322Z","buy","taker"
"83.41000000","2.49400000","2023-07-13T23:16:26.322Z","buy","taker"
"82.42000000","2.52800000","2023-07-13T23:16:25.430Z","sell","maker"
"83.38000000","2.18500000","2023-07-13T23:16:25.219Z","buy","taker"
"82.63000000","0.07300000","2023-07-13T23:16:24.999Z","buy","taker"
"82.40000000","0.07400000","2023-07-13T23:16:24.818Z","sell","maker"
"83.39000000","0.07300000","2023-07-13T23:16:24.685Z","buy","taker"
"82.86000000","2.44100000","2023-07-13T23:16:24.154Z","sell","maker"
"82.85000000","1.49100000","2023-07-13T23:16:24.154Z","sell","maker"
"82.30000000","2.51100000","2023-07-13T23:16:24.154Z","sell","maker"
"82.11000000","0.46000000","2023-07-13T23:16:24.154Z","sell","maker"
"81.89000000","0.07400000","2023-07-13T23:16:24.154Z","sell","maker"
"81.75000000","2.52800000","2023-07-13T23:16:24.154Z","sell","maker"
"81.58000000","1.03700000","2023-07-13T23:16:24.154Z","sell","maker"
"81.55000000","0.46300000","2023-07-13T23:16:24.154Z","sell","maker"
"81.34000000","0.49300000","2023-07-13T23:16:24.154Z","sell","maker"
"81.15000000","0.07500000","2023-07-13T23:16:24.154Z","sell","maker"
"81.00000000","0.05500000","2023-07-13T23:16:24.154Z","sell","maker"
"80.81000000","1.40900000","2023-07-13T23:16:24.154Z","sell","maker"
"80.81000000","0.62600000","2023-07-13T23:16:24.154Z","sell","maker"
"80.81000000","0.41700000","2023-07-13T23:16:24.154Z","sell","maker"
"80.80000000","1.20100000","2023-07-13T23:16:24.154Z","sell","maker"
"80.45000000","0.18900000","2023-07-13T23:16:24.154Z","sell","maker"
"80.41000000","0.07600000","2023-07-13T23:16:24.154Z","sell","maker"
"80.31000000","1.55700000","2023-07-13T23:16:24.154Z","sell","maker"
"80.02000000","1.21200000","2023-07-13T23:16:24.154Z","sell","maker"
"80.00000000","0.61600000","2023-07-13T23:16:24.154Z","sell","maker"
"82.86000000","18.93100000","2023-07-13T23:16:23.154Z","sell","maker"
"82.86000000","18.93100000","2023-07-13T23:16:21.154Z","sell","maker"
"83.42000000","0.18000000","2023-07-13T23:16:19.751Z","buy","taker"
"82.86000000","0.06000000","2023-07-13T23:16:19.105Z","sell","maker"
"83.39000000","0.45600000","2023-07-13T23:16:17.407Z","buy","taker"
"83.41000000","0.18000000","2023-07-13T23:16:17.407Z","buy","taker"
"82.85000000","0.06000000","2023-07-13T23:16:01.757Z","sell","maker"
"82.85000000","0.48400000","2023-07-13T23:16:01.017Z","sell","maker"
"82.85000000","0.45900000","2023-07-13T23:16:00.121Z","sell","maker"
"83.40000000","0.41200000","2023-07-13T23:15:46.413Z","buy","taker"
"83.41000000","2.49400000","2023-07-13T23:15:46.413Z","buy","taker"
"82.85000000","2.51100000","2023-07-13T23:15:25.514Z","buy","taker"
"82.30000000","0.09600000","2023-07-13T23:15:25.506Z","buy","taker"
"82.30000000","0.07400000","2023-07-13T23:15:25.403Z","buy","taker"
"82.30000000","0.21900000","2023-07-13T23:15:25.298Z","buy","taker"
"82.30000000","0.10300000","2023-07-13T23:15:25.284Z","buy","taker"
"82.30000000","0.10300000","2023-07-13T23:15:25.275Z","buy","taker"
"82.30000000","0.70800000","2023-07-13T23:15:25.270Z","buy","taker"
"82.30000000","0.10300000","2023-07-13T23:15:25.253Z","buy","taker"
"82.30000000","0.37900000","2023-07-13T23:15:25.244Z","buy","taker"
"82.30000000","0.48200000","2023-07-13T23:15:25.233Z","buy","taker"
"82.30000000","0.04000000","2023-07-13T23:15:25.233Z","buy","taker"
"82.30000000","0.10600000","2023-07-13T23:15:25.228Z","buy","taker"
"82.30000000","0.11500000","2023-07-13T23:15:25.228Z","buy","taker"
"83.39000000","0.02800000","2023-07-13T23:15:24.806Z","buy","taker"
"81.61000000","0.41300000","2023-07-13T23:15:24.779Z","sell","maker"
"81.60000000","41.25400000","2023-07-13T23:15:24.779Z","sell","maker"
"82.63000000","0.07300000","2023-07-13T23:15:24.296Z","buy","taker"
"83.39000000","0.04500000","2023-07-13T23:15:24.289Z","buy","taker"
"82.89000000","4.17700000","2023-07-13T23:15:23.779Z","sell","maker"
"82.89000000","6.84800000","2023-07-13T23:15:23.779Z","sell","maker"
"82.86000000","22.22500000","2023-07-13T23:15:23.779Z","sell","maker"
"82.85000000","2.49400000","2023-07-13T23:15:23.779Z","sell","maker"
"82.67000000","0.45700000","2023-07-13T23:15:23.779Z","sell","maker"
"82.63000000","0.07400000","2023-07-13T23:15:23.779Z","sell","maker"
"82.30000000","2.51100000","2023-07-13T23:15:23.779Z","sell","maker"
"82.11000000","0.46000000","2023-07-13T23:15:23.779Z","sell","maker"
"81.89000000","0.07400000","2023-07-13T23:15:23.779Z","sell","maker"
"81.75000000","2.19500000","2023-07-13T23:15:23.779Z","sell","maker"
"81.58000000","0.15200000","2023-07-13T23:15:23.779Z","sell","maker"
"82.89000000","41.66600000","2023-07-13T23:15:21.779Z","sell","maker"
"83.41000000","2.49400000","2023-07-13T23:13:32.810Z","buy","taker"
"83.39000000","0.41600000","2023-07-13T23:13:32.295Z","buy","taker"
"83.39000000","0.07300000","2023-07-13T23:11:49.743Z","buy","taker"
"83.39000000","0.04000000","2023-07-13T23:11:49.743Z","buy","taker"
"82.41000000","0.35300000","2023-07-13T23:10:02.154Z","sell","maker"
"83.38000000","0.48100000","2023-07-13T23:09:07.505Z","buy","taker"
"83.38000000","4.00400000","2023-07-13T23:09:00.715Z","buy","taker"
"83.08000000","0.49100000","2023-07-13T23:06:14.000Z","buy","taker"
"83.02000000","1.18700000","2023-07-13T23:05:15.761Z","buy","taker"
"82.85000000","2.51100000","2023-07-13T23:00:28.224Z","buy","taker"
"82.83000000","0.15400000","2023-07-13T23:00:26.619Z","buy","taker"
"82.63000000","0.07300000","2023-07-13T22:55:28.554Z","buy","taker"
"82.83000000","0.30500000","2023-07-13T22:55:28.554Z","buy","taker"
"81.78000000","0.58600000","2023-07-13T22:54:32.686Z","sell","maker"
"81.75000000","0.13400000","2023-07-13T22:52:58.180Z","sell","maker"
"81.75000000","0.19900000","2023-07-13T22:45:57.340Z","sell","maker"
"82.30000000","0.10500000","2023-07-13T22:41:44.017Z","buy","taker"
"82.30000000","1.30700000","2023-07-13T22:41:42.847Z","buy","taker"
"82.30000000","0.23000000","2023-07-13T22:41:28.016Z","buy","taker"
"82.26000000","0.46200000","2023-07-13T22:41:22.923Z","buy","taker"
"81.56000000","0.64300000","2023-07-13T22:41:16.993Z","sell","maker"
"81.18000000","2.76500000","2023-07-13T22:36:12.380Z","sell","maker"
"81.18000000","2.76500000","2023-07-13T22:36:11.379Z","sell","maker"
"81.18000000","2.76400000","2023-07-13T22:36:09.379Z","sell","maker"
"81.16000000","1.00100000","2023-07-13T22:35:30.323Z","sell","maker"
"81.16000000","0.36200000","2023-07-13T22:30:50.824Z","sell","maker"
"81.89000000","0.07400000","2023-07-13T22:28:25.232Z","buy","taker"
"81.82000000","0.50700000","2023-07-13T22:26:00.661Z","sell","maker"
"81.82000000","0.00400000","2023-07-13T22:26:00.631Z","sell","maker"
"81.82000000","0.04400000","2023-07-13T22:26:00.631Z","sell","maker"
"81.82000000","0.55700000","2023-07-13T22:24:31.978Z","sell","maker"
"81.82000000","0.03500000","2023-07-13T22:23:07.784Z","buy","taker"
"81.03000000","0.49800000","2023-07-13T22:20:48.158Z","sell","maker"
"81.03000000","0.48900000","2023-07-13T22:17:31.673Z","sell","maker"
"81.03000000","0.36900000","2023-07-13T22:17:30.487Z","sell","maker"
"81.03000000","0.12900000","2023-07-13T22:17:27.399Z","sell","maker"
"81.03000000","0.48900000","2023-07-13T22:16:32.184Z","sell","maker"
"81.03000000","0.86800000","2023-07-13T22:16:16.887Z","sell","maker"
"81.03000000","0.48900000","2023-07-13T22:16:10.911Z","sell","maker"
"81.03000000","0.50900000","2023-07-13T22:13:30.779Z","sell","maker"
"81.15000000","0.01000000","2023-07-13T22:12:24.375Z","buy","taker"
"81.15000000","0.05100000","2023-07-13T22:12:24.320Z","buy","taker"
"81.15000000","0.07500000","2023-07-13T22:12:22.654Z","sell","maker"
"81.00000000","0.10400000","2023-07-13T22:12:22.654Z","sell","maker"
"81.89000000","0.07400000","2023-07-13T22:12:11.567Z","buy","taker"
"81.89000000","0.24300000","2023-07-13T22:12:11.567Z","buy","taker"
"81.55000000","0.27300000","2023-07-13T22:11:23.423Z","sell","maker"
"81.15000000","0.07500000","2023-07-13T22:11:23.423Z","sell","maker"
"81.00000000","0.30700000","2023-07-13T22:11:23.423Z","sell","maker"
"82.30000000","0.09000000","2023-07-13T22:10:48.656Z","buy","taker"
"82.30000000","0.79600000","2023-07-13T22:10:47.728Z","buy","taker"
"81.55000000","0.07600000","2023-07-13T22:09:21.554Z","sell","maker"
"82.29000000","0.01700000","2023-07-13T22:08:48.078Z","buy","taker"
"82.28000000","1.85400000","2023-07-13T22:08:27.792Z","buy","taker"
"82.29000000","0.04800000","2023-07-13T22:04:10.680Z","buy","taker"
"81.76000000","1.71000000","2023-07-13T22:03:06.223Z","sell","maker"
"81.75000000","0.39400000","2023-07-13T22:03:06.223Z","sell","maker"
"81.55000000","0.11400000","2023-07-13T22:03:06.223Z","sell","maker"
"81.76000000","2.21800000","2023-07-13T22:03:05.223Z","sell","maker"
"82.11000000","0.00900000","2023-07-13T22:03:03.223Z","sell","maker"
"81.89000000","0.07400000","2023-07-13T22:03:03.223Z","sell","maker"
"81.75000000","2.13400000","2023-07-13T22:03:03.223Z","sell","maker"
"82.11000000","0.43900000","2023-07-13T22:02:34.736Z","sell","maker"
"82.30000000","0.00100000","2023-07-13T22:02:34.595Z","sell","maker"
"82.11000000","0.01200000","2023-07-13T22:02:34.595Z","sell","maker"
"82.30000000","0.01900000","2023-07-13T22:02:03.283Z","sell","maker"
"82.30000000","0.01900000","2023-07-13T22:02:03.058Z","sell","maker"
"82.30000000","0.01900000","2023-07-13T22:02:02.831Z","sell","maker"
"82.30000000","0.01900000","2023-07-13T22:02:02.606Z","sell","maker"
"82.30000000","0.01900000","2023-07-13T22:02:02.382Z","sell","maker"
"82.30000000","0.01900000","2023-07-13T22:02:02.151Z","sell","maker"
"82.30000000","2.23700000","2023-07-13T22:01:33.003Z","sell","maker"
"82.30000000","0.15900000","2023-07-13T22:00:01.177Z","sell","maker"
"82.85000000","0.18300000","2023-07-13T21:59:43.701Z","sell","maker"
"82.85000000","0.02400000","2023-07-13T21:59:43.698Z","sell","maker"
"82.85000000","0.01600000","2023-07-13T21:59:43.698Z","sell","maker"
"82.85000000","0.31000000","2023-07-13T21:59:43.694Z","buy","taker"
"82.85000000","10.57000000","2023-07-13T21:59:43.694Z","buy","taker"
"82.85000000","0.08000000","2023-07-13T21:58:50.257Z","buy","taker"
"82.85000000","0.17000000","2023-07-13T21:58:43.319Z","buy","taker"
"82.26000000","0.46200000","2023-07-13T21:58:40.830Z","buy","taker"
"82.26000000","0.02200000","2023-07-13T21:58:40.830Z","buy","taker"
"82.63000000","0.07300000","2023-07-13T21:58:40.830Z","buy","taker"
"82.83000000","0.45900000","2023-07-13T21:58:40.830Z","buy","taker"
"82.85000000","1.95100000","2023-07-13T21:58:40.830Z","buy","taker"
"81.77000000","0.16100000","2023-07-13T21:55:44.587Z","sell","maker"
"81.55000000","1.00000000","2023-07-13T21:51:18.246Z","sell","maker"
"81.55000000","0.48200000","2023-07-13T21:51:18.246Z","sell","maker"
"81.55000000","0.43500000","2023-07-13T21:49:30.423Z","sell","maker"
"81.55000000","1.50200000","2023-07-13T21:49:30.423Z","sell","maker"
"81.55000000","0.02800000","2023-07-13T21:49:17.254Z","sell","maker"
"82.26000000","0.02800000","2023-07-13T21:41:54.258Z","buy","taker"
"82.26000000","0.06600000","2023-07-13T21:41:42.427Z","buy","taker"
"82.26000000","0.30000000","2023-07-13T21:41:42.372Z","buy","taker"
"82.26000000","0.06800000","2023-07-13T21:41:42.317Z","buy","taker"
"82.22000000","0.00100000","2023-07-13T21:41:42.306Z","buy","taker"
"82.22000000","1.19600000","2023-07-13T21:40:00.126Z","buy","taker"
"81.71000000","0.46400000","2023-07-13T21:39:53.906Z","buy","taker"
"81.79000000","9.99700000","2023-07-13T21:39:17.923Z","sell","maker"
"81.84000000","9.99700000","2023-07-13T21:39:16.923Z","sell","maker"
"81.89000000","0.01600000","2023-07-13T21:39:15.939Z","buy","taker"
"81.89000000","0.05800000","2023-07-13T21:39:15.939Z","buy","taker"
"82.67000000","0.26300000","2023-07-13T21:39:14.923Z","sell","maker"
"82.63000000","0.07400000","2023-07-13T21:39:14.923Z","sell","maker"
"82.37000000","1.17800000","2023-07-13T21:39:14.923Z","sell","maker"
"82.32000000","1.26900000","2023-07-13T21:39:14.923Z","sell","maker"
"82.30000000","2.51100000","2023-07-13T21:39:14.923Z","sell","maker"
"82.11000000","0.46000000","2023-07-13T21:39:14.923Z","sell","maker"
"81.89000000","0.07400000","2023-07-13T21:39:14.923Z","sell","maker"
"81.58000000","1.18900000","2023-07-13T21:39:14.923Z","sell","maker"
"81.55000000","0.46300000","2023-07-13T21:39:14.923Z","sell","maker"
"81.34000000","0.49300000","2023-07-13T21:39:14.923Z","sell","maker"
"81.15000000","0.07500000","2023-07-13T21:39:14.923Z","sell","maker"
"81.00000000","0.46600000","2023-07-13T21:39:14.923Z","sell","maker"
"80.80000000","1.20100000","2023-07-13T21:39:14.923Z","sell","maker"
"80.45000000","0.28000000","2023-07-13T21:39:14.923Z","sell","maker"