"price","volume","time","side","orderType"
"0.72750000","276.70000000","2024-05-25T21:45:45.728Z","sell","maker"
"0.72750000","240.50000000","2024-05-25T21:45:45.728Z","sell","maker"
"0.72750000","322.50000000","2024-05-25T21:45:34.574Z","sell","maker"
"0.72750000","180.20000000","2024-05-25T21:45:34.574Z","sell","maker"
"0.72740000","148.00000000","2024-05-25T21:45:29.831Z","buy","maker"
"0.72740000","582.00000000","2024-05-25T21:45:29.831Z","buy","maker"
"0.72740000","751.30000000","2024-05-25T21:45:29.831Z","buy","maker"
"0.72740000","1.40000000","2024-05-25T21:45:27.906Z","buy","maker"
"0.72760000","49.80000000","2024-05-25T21:45:17.291Z","sell","maker"
"0.72740000","9.50000000","2024-05-25T21:44:55.868Z","buy","maker"
"0.72760000","211.40000000","2024-05-25T21:44:46.702Z","buy","maker"
"0.72760000","0.90000000","2024-05-25T21:44:40.479Z","buy","maker"
"0.72760000","3.20000000","2024-05-25T21:44:22.753Z","buy","maker"
"0.72750000","11.90000000","2024-05-25T21:44:00.881Z","sell","maker"
"0.72750000","491.50000000","2024-05-25T21:44:00.881Z","sell","maker"
"0.72750000","491.50000000","2024-05-25T21:44:00.881Z","sell","maker"
"0.72750000","300.20000000","2024-05-25T21:44:00.175Z","sell","maker"
"0.72750000","203.30000000","2024-05-25T21:44:00.175Z","sell","maker"
"0.72740000","18.50000000","2024-05-25T21:43:59.671Z","buy","maker"
"0.72740000","9.00000000","2024-05-25T21:43:59.671Z","buy","maker"
"0.72750000","76.60000000","2024-05-25T21:43:47.502Z","sell","maker"
"0.72750000","1.30000000","2024-05-25T21:43:37.403Z","sell","maker"
"0.72740000","201.70000000","2024-05-25T21:43:35.920Z","buy","maker"
"0.72740000","582.10000000","2024-05-25T21:43:35.920Z","buy","maker"
"0.72740000","70.20000000","2024-05-25T21:43:35.920Z","buy","maker"
"0.72740000","26.30000000","2024-05-25T21:43:34.897Z","buy","maker"
"0.72750000","1.40000000","2024-05-25T21:43:01.140Z","sell","maker"
"0.72750000","8.20000000","2024-05-25T21:42:54.295Z","sell","maker"
"0.72740000","17.70000000","2024-05-25T21:42:30.112Z","buy","maker"
"0.72740000","6.30000000","2024-05-25T21:42:08.641Z","buy","maker"
"0.72740000","26.30000000","2024-05-25T21:41:59.367Z","buy","maker"
"0.72750000","211.40000000","2024-05-25T21:41:17.691Z","sell","maker"
"0.72750000","12.30000000","2024-05-25T21:41:11.178Z","sell","maker"
"0.72750000","9.00000000","2024-05-25T21:41:08.411Z","sell","maker"
"0.72750000","15.00000000","2024-05-25T21:41:01.713Z","sell","maker"
"0.72750000","13.70000000","2024-05-25T21:40:51.133Z","sell","maker"
"0.72740000","100.20000000","2024-05-25T21:40:35.757Z","buy","maker"
"0.72750000","47.80000000","2024-05-25T21:40:04.013Z","sell","maker"
"0.72750000","6.80000000","2024-05-25T21:39:58.911Z","sell","maker"
"0.72750000","9.80000000","2024-05-25T21:39:05.485Z","sell","maker"
"0.72730000","32.00000000","2024-05-25T21:38:26.436Z","sell","maker"
"0.72730000","65.20000000","2024-05-25T21:38:22.733Z","sell","maker"
"0.72730000","13.70000000","2024-05-25T21:38:04.065Z","sell","maker"
"0.72730000","681.70000000","2024-05-25T21:37:55.948Z","sell","maker"
"0.72730000","278.80000000","2024-05-25T21:37:08.864Z","sell","maker"
"0.72730000","2.80000000","2024-05-25T21:36:45.313Z","sell","maker"
"0.72730000","3.20000000","2024-05-25T21:36:44.955Z","sell","maker"
"0.72730000","205.90000000","2024-05-25T21:36:43.943Z","sell","maker"
"0.72720000","550.00000000","2024-05-25T21:36:42.912Z","buy","maker"
"0.72720000","1188.30000000","2024-05-25T21:36:42.912Z","buy","maker"
"0.72720000","752.70000000","2024-05-25T21:36:42.912Z","buy","maker"
"0.72720000","837.90000000","2024-05-25T21:36:42.912Z","buy","maker"
"0.72730000","731.70000000","2024-05-25T21:36:42.912Z","buy","maker"
"0.72730000","752.70000000","2024-05-25T21:36:42.912Z","buy","maker"
"0.72740000","4.30000000","2024-05-25T21:36:24.572Z","sell","maker"
"0.72760000","1.60000000","2024-05-25T21:36:06.909Z","sell","maker"
"0.72750000","572.90000000","2024-05-25T21:36:03.208Z","buy","maker"
"0.72710000","28.20000000","2024-05-25T21:35:59.904Z","sell","maker"
"0.72710000","5.50000000","2024-05-25T21:35:52.732Z","sell","maker"
"0.72700000","4.30000000","2024-05-25T21:35:49.003Z","buy","maker"
"0.72710000","199.10000000","2024-05-25T21:35:44.181Z","sell","maker"
"0.72700000","4.40000000","2024-05-25T21:35:42.663Z","buy","maker"
"0.72700000","14.30000000","2024-05-25T21:35:37.167Z","buy","maker"
"0.72710000","7.30000000","2024-05-25T21:35:37.122Z","sell","maker"
"0.72710000","5.30000000","2024-05-25T21:35:31.708Z","sell","maker"
"0.72700000","8.20000000","2024-05-25T21:35:21.642Z","buy","maker"
"0.72680000","201.40000000","2024-05-25T21:35:17.367Z","buy","maker"
"0.72680000","2.80000000","2024-05-25T21:34:58.890Z","buy","maker"
"0.72710000","7.50000000","2024-05-25T21:34:35.638Z","sell","maker"
"0.72710000","1.40000000","2024-05-25T21:34:31.522Z","sell","maker"
"0.72720000","11.10000000","2024-05-25T21:34:09.330Z","sell","maker"
"0.72690000","0.10000000","2024-05-25T21:34:03.066Z","buy","maker"
"0.72690000","48.10000000","2024-05-25T21:33:46.443Z","buy","maker"
"0.72710000","388.90000000","2024-05-25T21:33:36.058Z","buy","maker"
"0.72710000","82.70000000","2024-05-25T21:33:34.043Z","buy","maker"
"0.72730000","65.70000000","2024-05-25T21:32:56.232Z","sell","maker"
"0.72710000","65.40000000","2024-05-25T21:32:56.052Z","buy","maker"
"0.72730000","46.40000000","2024-05-25T21:32:56.052Z","buy","maker"
"0.72730000","79.30000000","2024-05-25T21:32:23.110Z","buy","maker"
"0.72730000","336.80000000","2024-05-25T21:32:23.110Z","buy","maker"
"0.72740000","2.70000000","2024-05-25T21:32:12.332Z","buy","maker"
"0.72740000","5.80000000","2024-05-25T21:31:33.303Z","buy","maker"
"0.72740000","28.40000000","2024-05-25T21:31:29.416Z","buy","maker"
"0.72760000","28.30000000","2024-05-25T21:31:25.803Z","sell","maker"
"0.72760000","68.00000000","2024-05-25T21:31:18.867Z","sell","maker"
"0.72760000","13.70000000","2024-05-25T21:30:21.052Z","sell","maker"
"0.72760000","14.50000000","2024-05-25T21:30:11.092Z","sell","maker"
"0.72750000","2.00000000","2024-05-25T21:30:11.092Z","sell","maker"
"0.72750000","253.90000000","2024-05-25T21:30:11.092Z","sell","maker"
"0.72740000","13.30000000","2024-05-25T21:29:45.957Z","buy","maker"
"0.72750000","22.20000000","2024-05-25T21:29:26.543Z","sell","maker"
"0.72750000","3.00000000","2024-05-25T21:29:26.543Z","sell","maker"
"0.72750000","4.10000000","2024-05-25T21:29:17.020Z","sell","maker"
"0.72770000","66.00000000","2024-05-25T21:28:46.202Z","buy","maker"
"0.72770000","44.80000000","2024-05-25T21:28:42.457Z","buy","maker"
"0.72770000","3.10000000","2024-05-25T21:28:36.536Z","buy","maker"
"0.72780000","0.70000000","2024-05-25T21:28:07.634Z","sell","maker"
"0.72780000","80.20000000","2024-05-25T21:27:58.735Z","sell","maker"
"0.72780000","418.10000000","2024-05-25T21:27:58.735Z","sell","maker"
"0.72790000","146.10000000","2024-05-25T21:27:08.574Z","sell","maker"
"0.72790000","2.20000000","2024-05-25T21:27:08.574Z","sell","maker"
"0.72780000","651.00000000","2024-05-25T21:27:08.574Z","sell","maker"
"0.72780000","288.80000000","2024-05-25T21:27:08.574Z","sell","maker"
"0.72790000","130.30000000","2024-05-25T21:27:04.681Z","sell","maker"
"0.72790000","26.30000000","2024-05-25T21:26:43.924Z","sell","maker"
"0.72790000","13.70000000","2024-05-25T21:26:18.161Z","sell","maker"
"0.72780000","27.20000000","2024-05-25T21:26:06.345Z","sell","maker"
"0.72780000","164.40000000","2024-05-25T21:25:55.746Z","sell","maker"
"0.72770000","174.70000000","2024-05-25T21:25:51.920Z","buy","maker"
"0.72800000","12.30000000","2024-05-25T21:25:51.464Z","sell","maker"
"0.72800000","51.70000000","2024-05-25T21:25:51.448Z","sell","maker"
"0.72780000","2.80000000","2024-05-25T21:25:50.573Z","buy","maker"
"0.72810000","0.70000000","2024-05-25T21:25:45.602Z","sell","maker"
"0.72830000","24.70000000","2024-05-25T21:25:38.995Z","sell","maker"
"0.72830000","364.00000000","2024-05-25T21:25:38.995Z","sell","maker"
"0.72830000","581.70000000","2024-05-25T21:25:38.995Z","sell","maker"
"0.72830000","26.70000000","2024-05-25T21:25:38.995Z","sell","maker"
"0.72820000","684.10000000","2024-05-25T21:25:28.402Z","sell","maker"
"0.72820000","224.60000000","2024-05-25T21:25:28.402Z","sell","maker"
"0.72820000","213.00000000","2024-05-25T21:25:28.402Z","sell","maker"
"0.72820000","500.00000000","2024-05-25T21:25:01.454Z","sell","maker"
"0.72830000","6.30000000","2024-05-25T21:25:00.947Z","sell","maker"
"0.72800000","1.40000000","2024-05-25T21:25:00.761Z","sell","maker"
"0.72800000","197.80000000","2024-05-25T21:25:00.761Z","sell","maker"
"0.72800000","4.00000000","2024-05-25T21:24:54.254Z","sell","maker"
"0.72800000","1.30000000","2024-05-25T21:24:19.955Z","sell","maker"
"0.72800000","1.30000000","2024-05-25T21:24:18.428Z","sell","maker"
"0.72800000","38.80000000","2024-05-25T21:24:07.207Z","sell","maker"
"0.72800000","37.70000000","2024-05-25T21:24:07.207Z","sell","maker"
"0.72780000","7.00000000","2024-05-25T21:24:05.680Z","buy","maker"
"0.72780000","3.30000000","2024-05-25T21:24:01.970Z","buy","maker"
"0.72790000","4.10000000","2024-05-25T21:23:52.624Z","sell","maker"
"0.72770000","2.10000000","2024-05-25T21:23:45.284Z","sell","maker"
"0.72770000","136.30000000","2024-05-25T21:23:45.284Z","sell","maker"
"0.72770000","109.70000000","2024-05-25T21:23:45.283Z","sell","maker"
"0.72770000","25.40000000","2024-05-25T21:23:45.283Z","sell","maker"
"0.72770000","621.00000000","2024-05-25T21:23:45.235Z","sell","maker"
"0.72770000","399.00000000","2024-05-25T21:23:45.215Z","sell","maker"
"0.72740000","13.90000000","2024-05-25T21:23:23.322Z","buy","maker"
"0.72740000","264.40000000","2024-05-25T21:22:43.753Z","buy","maker"
"0.72770000","116.20000000","2024-05-25T21:22:41.267Z","sell","maker"
"0.72740000","54.60000000","2024-05-25T21:22:17.456Z","buy","maker"
"0.72740000","101.10000000","2024-05-25T21:22:17.456Z","buy","maker"
"0.72770000","217.20000000","2024-05-25T21:22:05.888Z","sell","maker"
"0.72750000","1.40000000","2024-05-25T21:22:05.888Z","sell","maker"
"0.72750000","281.40000000","2024-05-25T21:22:05.888Z","sell","maker"
"0.72750000","34.00000000","2024-05-25T21:21:01.346Z","sell","maker"
"0.72720000","123.40000000","2024-05-25T21:20:35.209Z","buy","maker"
"0.72720000","25.70000000","2024-05-25T21:20:16.810Z","buy","maker"
"0.72720000","2.10000000","2024-05-25T21:19:13.471Z","buy","maker"
"0.72700000","106.40000000","2024-05-25T21:19:01.373Z","buy","maker"
"0.72700000","6.90000000","2024-05-25T21:19:00.479Z","buy","maker"
"0.72700000","43.20000000","2024-05-25T21:18:53.000Z","buy","maker"
"0.72690000","300.00000000","2024-05-25T21:18:41.259Z","sell","maker"
"0.72690000","13.60000000","2024-05-25T21:18:40.864Z","sell","maker"
"0.72690000","4.50000000","2024-05-25T21:18:27.757Z","sell","maker"
"0.72690000","11.90000000","2024-05-25T21:18:17.161Z","sell","maker"
"0.72690000","2.60000000","2024-05-25T21:18:17.161Z","sell","maker"
"0.72660000","293.00000000","2024-05-25T21:18:06.771Z","sell","maker"
"0.72660000","3.10000000","2024-05-25T21:18:06.771Z","sell","maker"
"0.72670000","34.10000000","2024-05-25T21:17:42.704Z","sell","maker"
"0.72660000","3.50000000","2024-05-25T21:17:31.980Z","buy","maker"
"0.72680000","21.60000000","2024-05-25T21:17:13.351Z","buy","maker"
"0.72680000","13.90000000","2024-05-25T21:17:11.646Z","buy","maker"
"0.72700000","88.70000000","2024-05-25T21:16:53.823Z","buy","maker"
"0.72700000","41.80000000","2024-05-25T21:16:52.681Z","buy","maker"
"0.72700000","68.70000000","2024-05-25T21:16:36.366Z","buy","maker"
"0.72700000","88.80000000","2024-05-25T21:16:13.275Z","buy","maker"
"0.72710000","62.10000000","2024-05-25T21:16:13.275Z","buy","maker"
"0.72730000","4.70000000","2024-05-25T21:16:08.476Z","sell","maker"
"0.72730000","467.70000000","2024-05-25T21:16:07.274Z","sell","maker"
"0.72730000","34.00000000","2024-05-25T21:15:56.306Z","sell","maker"
"0.72730000","12.30000000","2024-05-25T21:15:51.203Z","sell","maker"
"0.72730000","13.60000000","2024-05-25T21:15:50.402Z","sell","maker"
"0.72730000","6.40000000","2024-05-25T21:15:44.077Z","sell","maker"
"0.72710000","68.70000000","2024-05-25T21:15:42.484Z","buy","maker"
"0.72740000","7.00000000","2024-05-25T21:15:23.016Z","sell","maker"
"0.72750000","41.50000000","2024-05-25T21:15:13.162Z","sell","maker"
"0.72750000","118.60000000","2024-05-25T21:15:12.569Z","sell","maker"
"0.72760000","84.00000000","2024-05-25T21:15:12.381Z","buy","maker"
"0.72760000","19.80000000","2024-05-25T21:14:36.019Z","buy","maker"
"0.72770000","4.00000000","2024-05-25T21:14:32.319Z","sell","maker"
"0.72760000","85.20000000","2024-05-25T21:14:31.687Z","buy","maker"
"0.72760000","49.00000000","2024-05-25T21:14:31.687Z","buy","maker"
"0.72760000","143.40000000","2024-05-25T21:14:31.687Z","buy","maker"
"0.72770000","1360.50000000","2024-05-25T21:14:30.723Z","sell","maker"
"0.72770000","623.80000000","2024-05-25T21:14:24.727Z","buy","maker"
"0.72770000","90.00000000","2024-05-25T21:14:24.727Z","buy","maker"
"0.72770000","449.20000000","2024-05-25T21:14:24.727Z","buy","maker"
"0.72810000","5.50000000","2024-05-25T21:13:41.921Z","sell","maker"
"0.72780000","323.10000000","2024-05-25T21:13:29.220Z","sell","maker"
"0.72780000","534.50000000","2024-05-25T21:13:28.660Z","sell","maker"
"0.72780000","9.10000000","2024-05-25T21:13:27.269Z","sell","maker"
"0.72770000","500.00000000","2024-05-25T21:12:59.262Z","sell","maker"
"0.72750000","5.50000000","2024-05-25T21:12:47.737Z","sell","maker"
"0.72710000","639.90000000","2024-05-25T21:12:30.978Z","buy","maker"
"0.72710000","885.40000000","2024-05-25T21:12:30.978Z","buy","maker"
"0.72710000","575.70000000","2024-05-25T21:12:30.978Z","buy","maker"
"0.72720000","1000.00000000","2024-05-25T21:12:30.978Z","buy","maker"
"0.72720000","550.00000000","2024-05-25T21:12:30.978Z","buy","maker"
"0.72720000","746.10000000","2024-05-25T21:12:30.978Z","buy","maker"
"0.72720000","684.10000000","2024-05-25T21:12:30.978Z","buy","maker"
"0.72730000","1275.40000000","2024-05-25T21:12:30.978Z","buy","maker"
"0.72730000","312.40000000","2024-05-25T21:12:30.978Z","buy","maker"
"0.72730000","82.90000000","2024-05-25T21:12:30.978Z","buy","maker"
"0.72730000","521.60000000","2024-05-25T21:12:30.978Z","buy","maker"
"0.72730000","684.10000000","2024-05-25T21:12:30.978Z","buy","maker"
"0.72730000","112.00000000","2024-05-25T21:12:30.978Z","buy","maker"
"0.72740000","684.10000000","2024-05-25T21:12:30.978Z","buy","maker"
"0.72740000","373.50000000","2024-05-25T21:12:30.978Z","buy","maker"
"0.72740000","98.00000000","2024-05-25T21:12:28.788Z","sell","maker"
"0.72740000","2.40000000","2024-05-25T21:12:28.788Z","sell","maker"
"0.72740000","471.40000000","2024-05-25T21:12:28.788Z","sell","maker"
"0.72740000","158.00000000","2024-05-25T21:12:28.788Z","sell","maker"
"0.72730000","13.00000000","2024-05-25T21:12:23.327Z","buy","maker"
"0.72740000","159.30000000","2024-05-25T21:11:17.222Z","sell","maker"
"0.72730000","111.50000000","2024-05-25T21:11:17.222Z","sell","maker"
"0.72730000","1.40000000","2024-05-25T21:11:17.222Z","sell","maker"
"0.72710000","1.40000000","2024-05-25T21:10:54.723Z","buy","maker"
"0.72710000","2.10000000","2024-05-25T21:10:28.952Z","buy","maker"
"0.72740000","250.00000000","2024-05-25T21:10:25.156Z","sell","maker"
"0.72740000","82.10000000","2024-05-25T21:10:01.746Z","sell","maker"
"0.72730000","355.20000000","2024-05-25T21:10:01.746Z","sell","maker"
"0.72730000","75.10000000","2024-05-25T21:10:01.746Z","sell","maker"
"0.72730000","64.60000000","2024-05-25T21:10:01.746Z","sell","maker"
"0.72730000","394.20000000","2024-05-25T21:09:50.201Z","sell","maker"
"0.72730000","320.40000000","2024-05-25T21:09:50.201Z","sell","maker"
"0.72710000","7.00000000","2024-05-25T21:09:47.467Z","buy","maker"
"0.72730000","367.00000000","2024-05-25T21:09:40.489Z","sell","maker"
"0.72730000","243.50000000","2024-05-25T21:09:40.489Z","sell","maker"
"0.72730000","48.80000000","2024-05-25T21:09:15.022Z","sell","maker"
"0.72720000","1.40000000","2024-05-25T21:09:15.022Z","sell","maker"
"0.72720000","83.10000000","2024-05-25T21:09:15.022Z","sell","maker"
"0.72720000","2.60000000","2024-05-25T21:08:57.889Z","sell","maker"
"0.72710000","60.00000000","2024-05-25T21:08:57.204Z","buy","maker"
"0.72760000","500.00000000","2024-05-25T21:08:31.918Z","sell","maker"
"0.72750000","500.00000000","2024-05-25T21:08:28.860Z","sell","maker"
"0.72790000","0.30000000","2024-05-25T21:08:01.576Z","sell","maker"
"0.72800000","2.00000000","2024-05-25T21:07:56.121Z","sell","maker"
"0.72800000","68.50000000","2024-05-25T21:07:51.772Z","sell","maker"
"0.72780000","1.40000000","2024-05-25T21:07:51.772Z","sell","maker"
"0.72780000","70.40000000","2024-05-25T21:07:51.772Z","sell","maker"
"0.72770000","48.70000000","2024-05-25T21:07:47.078Z","buy","maker"
"0.72810000","610.10000000","2024-05-25T21:06:13.933Z","sell","maker"
"0.72800000","40.70000000","2024-05-25T21:06:13.933Z","sell","maker"
"0.72800000","684.10000000","2024-05-25T21:06:13.933Z","sell","maker"
"0.72780000","274.70000000","2024-05-25T21:06:03.012Z","buy","maker"
"0.72750000","259.80000000","2024-05-25T21:05:38.868Z","sell","maker"
"0.72750000","1.40000000","2024-05-25T21:05:38.868Z","sell","maker"
"0.72750000","1.40000000","2024-05-25T21:05:38.868Z","sell","maker"
"0.72730000","13.80000000","2024-05-25T21:05:24.456Z","buy","maker"
"0.72760000","500.00000000","2024-05-25T21:05:11.956Z","sell","maker"
"0.72750000","40.20000000","2024-05-25T21:04:17.707Z","buy","maker"
"0.72800000","3.40000000","2024-05-25T21:03:33.268Z","sell","maker"
"0.72800000","7.50000000","2024-05-25T21:03:32.594Z","sell","maker"
"0.72790000","6.10000000","2024-05-25T21:03:32.594Z","sell","maker"
"0.72780000","814.40000000","2024-05-25T21:03:14.101Z","sell","maker"
"0.72770000","995.40000000","2024-05-25T21:03:06.894Z","buy","maker"
"0.72770000","684.10000000","2024-05-25T21:03:06.894Z","buy","maker"
"0.72780000","907.60000000","2024-05-25T21:03:06.894Z","buy","maker"
"0.72760000","476.60000000","2024-05-25T21:03:04.762Z","sell","maker"
"0.72760000","684.10000000","2024-05-25T21:03:04.762Z","sell","maker"
"0.72740000","1.40000000","2024-05-25T21:02:30.107Z","sell","maker"
"0.72740000","289.80000000","2024-05-25T21:02:17.778Z","sell","maker"
"0.72740000","185.00000000","2024-05-25T21:02:17.778Z","sell","maker"
"0.72740000","563.70000000","2024-05-25T21:02:17.778Z","sell","maker"
"0.72740000","684.10000000","2024-05-25T21:02:17.778Z","sell","maker"
"0.72720000","125.90000000","2024-05-25T21:01:18.163Z","sell","maker"
"0.72720000","419.50000000","2024-05-25T21:01:18.163Z","sell","maker"
"0.72690000","6.30000000","2024-05-25T21:00:30.406Z","sell","maker"
"0.72680000","243.20000000","2024-05-25T21:00:27.770Z","buy","maker"
"0.72680000","25.40000000","2024-05-25T21:00:00.469Z","buy","maker"
"0.72670000","2.20000000","2024-05-25T20:59:47.131Z","buy","maker"
"0.72690000","4.60000000","2024-05-25T20:59:32.184Z","sell","maker"
"0.72680000","1.40000000","2024-05-25T20:59:28.895Z","buy","maker"
"0.72660000","32.20000000","2024-05-25T20:58:03.282Z","buy","maker"
"0.72690000","47.90000000","2024-05-25T20:57:45.076Z","sell","maker"
"0.72680000","1.40000000","2024-05-25T20:57:20.200Z","sell","maker"
"0.72670000","199.50000000","2024-05-25T20:57:13.509Z","buy","maker"
"0.72690000","272.40000000","2024-05-25T20:57:12.061Z","sell","maker"
"0.72690000","229.10000000","2024-05-25T20:56:06.956Z","buy","maker"
"0.72700000","2.30000000","2024-05-25T20:55:56.828Z","sell","maker"
"0.72690000","6.00000000","2024-05-25T20:55:55.122Z","buy","maker"
"0.72720000","597.30000000","2024-05-25T20:54:57.991Z","sell","maker"
"0.72720000","684.10000000","2024-05-25T20:54:57.991Z","sell","maker"
"0.72710000","949.50000000","2024-05-25T20:54:57.991Z","sell","maker"
"0.72710000","47.80000000","2024-05-25T20:54:55.441Z","sell","maker"
"0.72710000","12.50000000","2024-05-25T20:54:48.538Z","sell","maker"
"0.72700000","63.60000000","2024-05-25T20:54:32.459Z","buy","maker"
"0.72700000","145.10000000","2024-05-25T20:54:32.459Z","buy","maker"
"0.72700000","639.50000000","2024-05-25T20:54:32.459Z","buy","maker"
"0.72720000","1.50000000","2024-05-25T20:53:58.694Z","sell","maker"
"0.72720000","26.60000000","2024-05-25T20:53:48.635Z","sell","maker"
"0.72670000","1.70000000","2024-05-25T20:53:03.043Z","buy","maker"
"0.72700000","1.70000000","2024-05-25T20:52:25.759Z","sell","maker"
"0.72700000","25.20000000","2024-05-25T20:52:18.703Z","sell","maker"
"0.72720000","2.00000000","2024-05-25T20:51:45.493Z","buy","maker"
"0.72720000","58.70000000","2024-05-25T20:51:25.188Z","buy","maker"
"0.72730000","8.30000000","2024-05-25T20:51:08.796Z","sell","maker"
"0.72730000","13.00000000","2024-05-25T20:50:49.109Z","sell","maker"
"0.72740000","95.70000000","2024-05-25T20:50:21.749Z","buy","maker"
"0.72740000","97.60000000","2024-05-25T20:50:21.705Z","buy","maker"
"0.72740000","156.80000000","2024-05-25T20:50:21.705Z","buy","maker"
"0.72740000","11.40000000","2024-05-25T20:49:34.812Z","buy","maker"
"0.72750000","10.70000000","2024-05-25T20:49:30.380Z","sell","maker"
"0.72700000","0.50000000","2024-05-25T20:48:51.176Z","buy","maker"
"0.72700000","2.70000000","2024-05-25T20:48:49.140Z","buy","maker"
"0.72700000","110.60000000","2024-05-25T20:48:32.979Z","buy","maker"
"0.72710000","12.30000000","2024-05-25T20:48:04.373Z","sell","maker"
"0.72710000","249.90000000","2024-05-25T20:47:55.813Z","sell","maker"
"0.72690000","334.30000000","2024-05-25T20:47:48.109Z","sell","maker"
"0.72690000","1.30000000","2024-05-25T20:47:48.028Z","sell","maker"
"0.72670000","344.00000000","2024-05-25T20:47:43.843Z","buy","maker"
"0.72690000","2.70000000","2024-05-25T20:47:26.336Z","sell","maker"
"0.72680000","32.00000000","2024-05-25T20:47:07.726Z","sell","maker"
"0.72680000","140.50000000","2024-05-25T20:46:53.711Z","buy","maker"
"0.72680000","190.50000000","2024-05-25T20:46:53.711Z","buy","maker"
"0.72690000","27.30000000","2024-05-25T20:46:47.739Z","sell","maker"
"0.72680000","5.90000000","2024-05-25T20:46:36.679Z","buy","maker"
"0.72680000","18.40000000","2024-05-25T20:46:21.340Z","buy","maker"
"0.72680000","5.00000000","2024-05-25T20:46:10.696Z","buy","maker"
"0.72700000","250.00000000","2024-05-25T20:45:41.098Z","buy","maker"
"0.72720000","2.60000000","2024-05-25T20:45:31.620Z","sell","maker"
"0.72710000","292.50000000","2024-05-25T20:45:23.714Z","buy","maker"
"0.72710000","9.80000000","2024-05-25T20:45:19.626Z","buy","maker"
"0.72730000","4.40000000","2024-05-25T20:45:15.680Z","sell","maker"
"0.72750000","8.70000000","2024-05-25T20:45:15.174Z","buy","maker"
"0.72750000","9.90000000","2024-05-25T20:45:15.174Z","buy","maker"
"0.72750000","326.00000000","2024-05-25T20:45:15.159Z","buy","maker"
"0.72750000","17.40000000","2024-05-25T20:45:15.159Z","buy","maker"
"0.72750000","0.10000000","2024-05-25T20:45:15.159Z","buy","maker"
"0.72750000","57.20000000","2024-05-25T20:45:13.549Z","buy","maker"
"0.72750000","335.60000000","2024-05-25T20:45:13.549Z","buy","maker"
"0.72780000","8.40000000","2024-05-25T20:45:09.696Z","sell","maker"
"0.72770000","1.80000000","2024-05-25T20:45:06.449Z","sell","maker"
"0.72750000","69.40000000","2024-05-25T20:45:06.039Z","buy","maker"
"0.72750000","1.60000000","2024-05-25T20:44:55.566Z","buy","maker"
"0.72750000","324.60000000","2024-05-25T20:44:29.623Z","buy","maker"
"0.72750000","95.60000000","2024-05-25T20:44:29.623Z","buy","maker"
"0.72750000","2.30000000","2024-05-25T20:44:19.016Z","buy","maker"
"0.72760000","0.50000000","2024-05-25T20:44:16.352Z","sell","maker"
"0.72770000","275.60000000","2024-05-25T20:44:15.811Z","buy","maker"
"0.72770000","46.40000000","2024-05-25T20:44:13.798Z","buy","maker"
"0.72770000","149.10000000","2024-05-25T20:43:42.195Z","sell","maker"
"0.72730000","178.10000000","2024-05-25T20:43:16.327Z","buy","maker"
"0.72730000","792.20000000","2024-05-25T20:43:16.327Z","buy","maker"
"0.72730000","789.00000000","2024-05-25T20:43:16.327Z","buy","maker"
"0.72730000","321.10000000","2024-05-25T20:43:16.327Z","buy","maker"
"0.72730000","490.70000000","2024-05-25T20:43:16.327Z","buy","maker"
"0.72740000","611.40000000","2024-05-25T20:43:16.327Z","buy","maker"
"0.72740000","773.70000000","2024-05-25T20:43:16.327Z","buy","maker"
"0.72740000","684.10000000","2024-05-25T20:43:16.327Z","buy","maker"
"0.72750000","586.90000000","2024-05-25T20:43:16.327Z","buy","maker"
"0.72750000","167.20000000","2024-05-25T20:43:16.327Z","buy","maker"
"0.72750000","488.70000000","2024-05-25T20:43:16.327Z","buy","maker"
"0.72750000","323.20000000","2024-05-25T20:43:16.327Z","buy","maker"
"0.72750000","5.50000000","2024-05-25T20:43:04.709Z","buy","maker"
"0.72750000","41.70000000","2024-05-25T20:43:02.528Z","buy","maker"
"0.72760000","13.60000000","2024-05-25T20:42:38.582Z","sell","maker"
"0.72750000","18.10000000","2024-05-25T20:42:22.640Z","buy","maker"
"0.72750000","2.50000000","2024-05-25T20:42:03.294Z","buy","maker"
"0.72760000","4.00000000","2024-05-25T20:42:03.270Z","sell","maker"
"0.72740000","3.60000000","2024-05-25T20:42:03.270Z","sell","maker"
"0.72740000","3.30000000","2024-05-25T20:42:03.270Z","sell","maker"
"0.72740000","5.90000000","2024-05-25T20:41:42.905Z","sell","maker"
"0.72730000","7.60000000","2024-05-25T20:41:42.905Z","sell","maker"
"0.72740000","8.30000000","2024-05-25T20:41:40.675Z","sell","maker"
"0.72730000","5.90000000","2024-05-25T20:41:40.675Z","sell","maker"
"0.72720000","137.50000000","2024-05-25T20:41:35.643Z","buy","maker"
"0.72710000","2.50000000","2024-05-25T20:41:13.050Z","sell","maker"
"0.72690000","7.10000000","2024-05-25T20:41:11.201Z","buy","maker"
"0.72690000","0.40000000","2024-05-25T20:41:11.201Z","buy","maker"
"0.72690000","4.60000000","2024-05-25T20:41:11.178Z","sell","maker"
"0.72690000","1.80000000","2024-05-25T20:41:11.178Z","sell","maker"
"0.72680000","4.10000000","2024-05-25T20:41:03.237Z","buy","maker"
"0.72690000","1.40000000","2024-05-25T20:40:51.539Z","sell","maker"
"0.72690000","1.40000000","2024-05-25T20:39:56.978Z","sell","maker"
"0.72690000","1.30000000","2024-05-25T20:39:56.978Z","sell","maker"
"0.72690000","6.80000000","2024-05-25T20:39:19.840Z","sell","maker"
"0.72690000","1.30000000","2024-05-25T20:38:25.963Z","sell","maker"
"0.72660000","4.50000000","2024-05-25T20:38:25.337Z","buy","maker"
"0.72660000","7.20000000","2024-05-25T20:38:25.312Z","sell","maker"
"0.72660000","1.40000000","2024-05-25T20:38:18.829Z","sell","maker"
"0.72660000","2.50000000","2024-05-25T20:37:59.433Z","sell","maker"
"0.72670000","325.40000000","2024-05-25T20:37:59.404Z","sell","maker"
"0.72670000","1000.00000000","2024-05-25T20:37:59.404Z","sell","maker"
"0.72670000","2039.50000000","2024-05-25T20:37:59.404Z","sell","maker"
"0.72670000","684.10000000","2024-05-25T20:37:59.404Z","sell","maker"
"0.72660000","684.10000000","2024-05-25T20:37:59.404Z","sell","maker"
"0.72660000","3.10000000","2024-05-25T20:37:59.404Z","sell","maker"
"0.72660000","670.40000000","2024-05-25T20:37:59.404Z","sell","maker"
"0.72660000","3.30000000","2024-05-25T20:37:59.404Z","sell","maker"
"0.72650000","893.80000000","2024-05-25T20:37:59.404Z","sell","maker"
"0.72650000","7.30000000","2024-05-25T20:37:53.643Z","sell","maker"
"0.72650000","6.30000000","2024-05-25T20:37:53.643Z","sell","maker"
"0.72660000","65.40000000","2024-05-25T20:37:29.185Z","sell","maker"
"0.72640000","36.40000000","2024-05-25T20:37:25.770Z","buy","maker"
"0.72640000","284.60000000","2024-05-25T20:37:25.770Z","buy","maker"
"0.72680000","2.70000000","2024-05-25T20:37:03.957Z","sell","maker"
"0.72700000","6.80000000","2024-05-25T20:36:56.418Z","sell","maker"
"0.72700000","3.00000000","2024-05-25T20:36:23.093Z","buy","maker"
"0.72720000","217.20000000","2024-05-25T20:36:22.773Z","buy","maker"
"0.72720000","330.60000000","2024-05-25T20:36:22.773Z","buy","maker"
"0.72710000","11.30000000","2024-05-25T20:36:08.637Z","buy","maker"
"0.72730000","5.50000000","2024-05-25T20:36:07.694Z","sell","maker"
"0.72770000","4.00000000","2024-05-25T20:35:53.192Z","sell","maker"
"0.72750000","31.70000000","2024-05-25T20:35:51.088Z","buy","maker"
"0.72770000","1.40000000","2024-05-25T20:35:46.130Z","sell","maker"
"0.72780000","14.40000000","2024-05-25T20:35:33.808Z","sell","maker"
"0.72750000","670.20000000","2024-05-25T20:35:29.600Z","buy","maker"
"0.72750000","565.60000000","2024-05-25T20:35:29.600Z","buy","maker"
"0.72750000","350.80000000","2024-05-25T20:35:29.600Z","buy","maker"
"0.72760000","616.20000000","2024-05-25T20:35:29.600Z","buy","maker"
"0.72760000","458.20000000","2024-05-25T20:35:29.600Z","buy","maker"
"0.72760000","699.40000000","2024-05-25T20:35:29.600Z","buy","maker"
"0.72800000","7.50000000","2024-05-25T20:35:21.600Z","sell","maker"
"0.72790000","125.80000000","2024-05-25T20:35:05.067Z","buy","maker"
"0.72790000","158.90000000","2024-05-25T20:35:05.063Z","buy","maker"
"0.72810000","499.80000000","2024-05-25T20:35:00.353Z","sell","maker"
"0.72820000","38.10000000","2024-05-25T20:34:56.218Z","sell","maker"
"0.72800000","6.80000000","2024-05-25T20:34:56.218Z","sell","maker"
"0.72820000","0.40000000","2024-05-25T20:34:49.327Z","sell","maker"
"0.72800000","5.40000000","2024-05-25T20:34:49.327Z","sell","maker"
"0.72800000","1.00000000","2024-05-25T20:34:49.327Z","sell","maker"
"0.72790000","3.70000000","2024-05-25T20:34:48.203Z","buy","maker"
"0.72800000","6.80000000","2024-05-25T20:34:47.402Z","sell","maker"
"0.72770000","789.70000000","2024-05-25T20:34:21.767Z","sell","maker"
"0.72770000","9.60000000","2024-05-25T20:34:21.767Z","sell","maker"
"0.72770000","1.40000000","2024-05-25T20:34:17.836Z","sell","maker"
"0.72760000","1.60000000","2024-05-25T20:33:58.961Z","buy","maker"
"0.72760000","8.20000000","2024-05-25T20:33:56.132Z","buy","maker"
"0.72780000","4.10000000","2024-05-25T20:33:42.852Z","sell","maker"
"0.72760000","2.30000000","2024-05-25T20:33:29.534Z","buy","maker"
"0.72780000","309.80000000","2024-05-25T20:33:23.227Z","sell","maker"
"0.72780000","1000.00000000","2024-05-25T20:33:23.227Z","sell","maker"
"0.72780000","51.40000000","2024-05-25T20:33:23.227Z","sell","maker"
"0.72750000","100.00000000","2024-05-25T20:33:20.596Z","buy","maker"
"0.72780000","1.40000000","2024-05-25T20:33:20.336Z","sell","maker"
"0.72770000","7.70000000","2024-05-25T20:33:17.496Z","sell","maker"
"0.72770000","4.70000000","2024-05-25T20:33:17.496Z","sell","maker"
"0.72720000","197.90000000","2024-05-25T20:32:52.021Z","buy","maker"
"0.72740000","25.20000000","2024-05-25T20:32:47.861Z","sell","maker"
"0.72740000","7.10000000","2024-05-25T20:32:41.866Z","sell","maker"
"0.72720000","18.40000000","2024-05-25T20:32:33.332Z","buy","maker"
"0.72670000","2.00000000","2024-05-25T20:32:21.963Z","buy","maker"
"0.72670000","331.40000000","2024-05-25T20:32:21.963Z","buy","maker"
"0.72670000","502.60000000","2024-05-25T20:32:21.963Z","buy","maker"
"0.72670000","935.20000000","2024-05-25T20:32:21.963Z","buy","maker"
"0.72680000","698.40000000","2024-05-25T20:32:21.963Z","buy","maker"
"0.72680000","525.90000000","2024-05-25T20:32:21.963Z","buy","maker"
"0.72680000","765.00000000","2024-05-25T20:32:21.963Z","buy","maker"
"0.72690000","665.80000000","2024-05-25T20:32:21.963Z","buy","maker"
"0.72670000","2.60000000","2024-05-25T20:32:17.786Z","buy","maker"
"0.72630000","30.20000000","2024-05-25T20:32:08.240Z","buy","maker"
"0.72630000","132.00000000","2024-05-25T20:32:00.879Z","buy","maker"
"0.72630000","433.00000000","2024-05-25T20:32:00.879Z","buy","maker"
"0.72660000","1.70000000","2024-05-25T20:31:52.359Z","sell","maker"
"0.72670000","57.90000000","2024-05-25T20:31:49.239Z","sell","maker"
"0.72680000","30.70000000","2024-05-25T20:31:42.785Z","sell","maker"
"0.72680000","18.40000000","2024-05-25T20:31:41.422Z","sell","maker"
"0.72670000","227.60000000","2024-05-25T20:31:31.241Z","buy","maker"
"0.72670000","134.20000000","2024-05-25T20:31:30.896Z","buy","maker"
"0.72700000","140.20000000","2024-05-25T20:31:30.896Z","buy","maker"
"0.72700000","102.30000000","2024-05-25T20:31:30.896Z","buy","maker"
"0.72720000","549.90000000","2024-05-25T20:31:14.361Z","buy","maker"
"0.72720000","11.50000000","2024-05-25T20:31:03.673Z","buy","maker"
"0.72720000","4.50000000","2024-05-25T20:30:58.795Z","buy","maker"
"0.72720000","29.90000000","2024-05-25T20:30:58.092Z","buy","maker"
"0.72720000","4.80000000","2024-05-25T20:30:58.092Z","buy","maker"
"0.72740000","199.10000000","2024-05-25T20:30:35.958Z","sell","maker"
"0.72740000","12.30000000","2024-05-25T20:30:32.460Z","sell","maker"
"0.72730000","1.30000000","2024-05-25T20:30:21.472Z","buy","maker"
"0.72730000","220.40000000","2024-05-25T20:30:21.472Z","buy","maker"
"0.72730000","147.10000000","2024-05-25T20:30:21.472Z","buy","maker"
"0.72730000","0.80000000","2024-05-25T20:29:44.600Z","buy","maker"
"0.72720000","13.40000000","2024-05-25T20:29:22.846Z","buy","maker"
"0.72720000","37.20000000","2024-05-25T20:29:21.537Z","buy","maker"
"0.72720000","6.40000000","2024-05-25T20:29:07.377Z","buy","maker"
"0.72720000","6.80000000","2024-05-25T20:29:07.377Z","buy","maker"
"0.72740000","56.30000000","2024-05-25T20:29:04.086Z","sell","maker"
"0.72730000","443.70000000","2024-05-25T20:29:04.086Z","sell","maker"
"0.72750000","165.40000000","2024-05-25T20:29:03.163Z","buy","maker"
"0.72760000","12.30000000","2024-05-25T20:29:01.392Z","sell","maker"
"0.72760000","12.30000000","2024-05-25T20:29:00.680Z","sell","maker"
"0.72770000","311.90000000","2024-05-25T20:29:00.121Z","buy","maker"
"0.72770000","1.40000000","2024-05-25T20:29:00.121Z","buy","maker"
"0.72770000","173.40000000","2024-05-25T20:29:00.121Z","buy","maker"
"0.72780000","65.30000000","2024-05-25T20:28:51.843Z","sell","maker"
"0.72770000","66.50000000","2024-05-25T20:28:34.118Z","buy","maker"
"0.72800000","11.80000000","2024-05-25T20:28:33.723Z","sell","maker"
"0.72790000","53.50000000","2024-05-25T20:28:33.723Z","sell","maker"
"0.72790000","13.40000000","2024-05-25T20:28:29.896Z","sell","maker"
"0.72770000","15.00000000","2024-05-25T20:28:10.059Z","buy","maker"
"0.72770000","1.30000000","2024-05-25T20:28:09.888Z","buy","maker"
"0.72800000","1.40000000","2024-05-25T20:27:51.404Z","sell","maker"
"0.72800000","0.80000000","2024-05-25T20:27:49.166Z","sell","maker"
"0.72800000","2.80000000","2024-05-25T20:27:36.795Z","buy","maker"
"0.72800000","204.20000000","2024-05-25T20:27:36.795Z","buy","maker"
"0.72810000","76.70000000","2024-05-25T20:26:59.573Z","sell","maker"
"0.72800000","174.30000000","2024-05-25T20:26:59.573Z","sell","maker"
"0.72800000","68.00000000","2024-05-25T20:26:37.104Z","sell","maker"
"0.72800000","2.00000000","2024-05-25T20:26:32.704Z","sell","maker"
"0.72800000","13.70000000","2024-05-25T20:26:32.704Z","sell","maker"
"0.72800000","31.30000000","2024-05-25T20:26:24.821Z","sell","maker"
"0.72790000","13.40000000","2024-05-25T20:26:22.676Z","buy","maker"
"0.72800000","11.90000000","2024-05-25T20:25:37.828Z","sell","maker"
"0.72790000","3.70000000","2024-05-25T20:25:37.828Z","sell","maker"
"0.72790000","6.50000000","2024-05-25T20:25:36.779Z","sell","maker"
"0.72780000","10.20000000","2024-05-25T20:25:36.779Z","sell","maker"
"0.72760000","71.80000000","2024-05-25T20:25:20.792Z","buy","maker"
"0.72740000","16.50000000","2024-05-25T20:24:29.832Z","buy","maker"
"0.72760000","1.40000000","2024-05-25T20:24:11.619Z","buy","maker"
"0.72760000","227.80000000","2024-05-25T20:24:11.619Z","buy","maker"
"0.72750000","78.50000000","2024-05-25T20:23:46.129Z","buy","maker"
"0.72760000","681.40000000","2024-05-25T20:23:36.436Z","sell","maker"
"0.72760000","3.60000000","2024-05-25T20:23:35.643Z","sell","maker"
"0.72750000","2.80000000","2024-05-25T20:23:33.519Z","buy","maker"
"0.72740000","115.80000000","2024-05-25T20:23:22.798Z","buy","maker"
"0.72750000","73.60000000","2024-05-25T20:23:22.798Z","buy","maker"
"0.72750000","143.80000000","2024-05-25T20:23:22.798Z","buy","maker"
"0.72760000","40.80000000","2024-05-25T20:23:11.173Z","sell","maker"
"0.72750000","107.30000000","2024-05-25T20:23:06.098Z","buy","maker"
"0.72750000","678.70000000","2024-05-25T20:23:06.098Z","buy","maker"
"0.72770000","2.70000000","2024-05-25T20:23:02.161Z","buy","maker"
"0.72770000","123.80000000","2024-05-25T20:23:02.161Z","buy","maker"
"0.72780000","1.30000000","2024-05-25T20:22:43.140Z","sell","maker"
"0.72770000","161.40000000","2024-05-25T20:22:19.359Z","buy","maker"
"0.72780000","1.30000000","2024-05-25T20:22:16.118Z","sell","maker"
"0.72780000","0.70000000","2024-05-25T20:22:11.749Z","sell","maker"
"0.72770000","0.70000000","2024-05-25T20:21:12.922Z","buy","maker"
"0.72800000","1.80000000","2024-05-25T20:20:58.182Z","sell","maker"
"0.72800000","3.50000000","2024-05-25T20:20:55.992Z","sell","maker"
"0.72800000","7.10000000","2024-05-25T20:20:53.963Z","sell","maker"
"0.72770000","148.70000000","2024-05-25T20:20:53.910Z","buy","maker"
"0.72800000","9.90000000","2024-05-25T20:20:52.947Z","sell","maker"
"0.72800000","17.00000000","2024-05-25T20:20:51.933Z","sell","maker"
"0.72800000","11.30000000","2024-05-25T20:20:50.923Z","sell","maker"
"0.72800000","37.00000000","2024-05-25T20:20:49.907Z","sell","maker"
"0.72800000","24.50000000","2024-05-25T20:20:48.892Z","sell","maker"
"0.72800000","80.60000000","2024-05-25T20:20:48.285Z","buy","maker"
"0.72770000","185.60000000","2024-05-25T20:20:46.391Z","buy","maker"
"0.72800000","230.10000000","2024-05-25T20:20:46.391Z","buy","maker"
"0.72800000","351.20000000","2024-05-25T20:20:46.391Z","buy","maker"
"0.72800000","62.10000000","2024-05-25T20:20:46.391Z","buy","maker"
"0.72810000","500.00000000","2024-05-25T20:20:45.324Z","sell","maker"
"0.72810000","313.60000000","2024-05-25T20:20:44.304Z","sell","maker"
"0.72810000","186.40000000","2024-05-25T20:20:44.304Z","sell","maker"
"0.72810000","500.00000000","2024-05-25T20:20:43.305Z","sell","maker"
"0.72800000","75.70000000","2024-05-25T20:20:42.752Z","buy","maker"
"0.72800000","34.10000000","2024-05-25T20:20:42.752Z","buy","maker"
"0.72810000","315.90000000","2024-05-25T20:20:42.285Z","sell","maker"
"0.72810000","184.10000000","2024-05-25T20:20:42.285Z","sell","maker"
"0.72810000","500.00000000","2024-05-25T20:20:41.285Z","sell","maker"
"0.72810000","315.90000000","2024-05-25T20:20:40.266Z","sell","maker"
"0.72810000","184.10000000","2024-05-25T20:20:40.266Z","sell","maker"
"0.72810000","500.00000000","2024-05-25T20:20:39.261Z","sell","maker"
"0.72810000","1.40000000","2024-05-25T20:20:39.016Z","buy","maker"
"0.72810000","97.00000000","2024-05-25T20:20:39.016Z","buy","maker"
"0.72820000","78.10000000","2024-05-25T20:20:11.671Z","sell","maker"
"0.72820000","39.30000000","2024-05-25T20:20:01.210Z","sell","maker"
"0.72820000","12.20000000","2024-05-25T20:19:50.003Z","sell","maker"
"0.72830000","12.20000000","2024-05-25T20:19:25.659Z","sell","maker"
"0.72810000","144.70000000","2024-05-25T20:19:22.309Z","buy","maker"
"0.72810000","243.70000000","2024-05-25T20:19:22.309Z","buy","maker"
"0.72810000","82.40000000","2024-05-25T20:19:17.534Z","buy","maker"
"0.72830000","28.30000000","2024-05-25T20:19:04.028Z","sell","maker"
"0.72820000","26.40000000","2024-05-25T20:18:53.973Z","sell","maker"
"0.72810000","13.60000000","2024-05-25T20:18:46.620Z","sell","maker"
"0.72830000","23.30000000","2024-05-25T20:18:27.738Z","buy","maker"
"0.72850000","20.40000000","2024-05-25T20:18:21.677Z","sell","maker"
"0.72830000","260.60000000","2024-05-25T20:18:18.586Z","buy","maker"
"0.72830000","1.40000000","2024-05-25T20:18:18.586Z","buy","maker"
"0.72850000","2.60000000","2024-05-25T20:18:09.958Z","sell","maker"
"0.72850000","10.50000000","2024-05-25T20:18:08.673Z","sell","maker"
"0.72850000","8.00000000","2024-05-25T20:17:59.816Z","sell","maker"
"0.72820000","293.70000000","2024-05-25T20:17:50.625Z","buy","maker"
"0.72820000","75.40000000","2024-05-25T20:17:46.765Z","buy","maker"
"0.72820000","741.80000000","2024-05-25T20:17:46.765Z","buy","maker"
"0.72820000","318.10000000","2024-05-25T20:17:46.765Z","buy","maker"
"0.72850000","9.80000000","2024-05-25T20:16:56.407Z","sell","maker"
"0.72870000","1.40000000","2024-05-25T20:16:43.250Z","buy","maker"
"0.72870000","277.40000000","2024-05-25T20:16:43.250Z","buy","maker"
"0.72870000","27.80000000","2024-05-25T20:16:43.250Z","buy","maker"
"0.72880000","34.00000000","2024-05-25T20:16:22.749Z","sell","maker"
"0.72860000","14.90000000","2024-05-25T20:15:47.961Z","sell","maker"
"0.72860000","0.10000000","2024-05-25T20:15:47.961Z","sell","maker"
"0.72890000","100.30000000","2024-05-25T20:15:02.380Z","sell","maker"
"0.72880000","4.50000000","2024-05-25T20:14:19.835Z","sell","maker"
"0.72880000","143.20000000","2024-05-25T20:14:19.686Z","sell","maker"
"0.72880000","1.40000000","2024-05-25T20:14:18.022Z","sell","maker"
"0.72880000","266.60000000","2024-05-25T20:14:13.843Z","sell","maker"
"0.72860000","152.10000000","2024-05-25T20:13:45.792Z","buy","maker"
"0.72860000","200.30000000","2024-05-25T20:13:45.792Z","buy","maker"
"0.72870000","0.40000000","2024-05-25T20:13:41.264Z","sell","maker"
"0.72870000","18.80000000","2024-05-25T20:13:40.288Z","sell","maker"
"0.72870000","2.60000000","2024-05-25T20:13:39.699Z","buy","maker"
"0.72870000","288.20000000","2024-05-25T20:13:39.699Z","buy","maker"
"0.72880000","2.70000000","2024-05-25T20:13:29.453Z","sell","maker"
"0.72900000","1.40000000","2024-05-25T20:13:14.659Z","buy","maker"
"0.72900000","199.00000000","2024-05-25T20:13:14.659Z","buy","maker"
"0.72900000","100.00000000","2024-05-25T20:12:53.292Z","buy","maker"
"0.72910000","2.80000000","2024-05-25T20:12:16.757Z","sell","maker"
"0.72930000","25.10000000","2024-05-25T20:11:29.510Z","sell","maker"
"0.72930000","6.80000000","2024-05-25T20:11:04.567Z","sell","maker"
"0.72950000","1.60000000","2024-05-25T20:10:56.008Z","buy","maker"
"0.72950000","226.90000000","2024-05-25T20:10:56.008Z","buy","maker"
"0.72950000","240.90000000","2024-05-25T20:10:56.008Z","buy","maker"
"0.72950000","52.00000000","2024-05-25T20:10:43.083Z","buy","maker"
"0.72950000","31.90000000","2024-05-25T20:10:12.315Z","sell","maker"
"0.72940000","130.70000000","2024-05-25T20:10:00.626Z","sell","maker"
"0.72870000","308.20000000","2024-05-25T20:09:14.586Z","buy","maker"
"0.72870000","20.80000000","2024-05-25T20:09:14.586Z","buy","maker"
"0.72870000","203.40000000","2024-05-25T20:09:08.080Z","buy","maker"
"0.72890000","2.50000000","2024-05-25T20:08:11.871Z","buy","maker"
"0.72890000","249.90000000","2024-05-25T20:08:04.175Z","buy","maker"
"0.72890000","5.90000000","2024-05-25T20:07:57.976Z","buy","maker"
"0.72890000","69.30000000","2024-05-25T20:07:47.581Z","buy","maker"
"0.72920000","223.10000000","2024-05-25T20:07:25.941Z","buy","maker"
"0.72920000","2.60000000","2024-05-25T20:07:25.941Z","buy","maker"
"0.72920000","117.10000000","2024-05-25T20:07:25.941Z","buy","maker"
"0.72920000","68.40000000","2024-05-25T20:07:22.752Z","buy","maker"
"0.72910000","76.20000000","2024-05-25T20:07:13.233Z","buy","maker"
"0.72920000","13.60000000","2024-05-25T20:07:04.813Z","sell","maker"
"0.72890000","287.20000000","2024-05-25T20:06:51.501Z","buy","maker"
"0.72890000","684.10000000","2024-05-25T20:06:51.501Z","buy","maker"
"0.72890000","855.90000000","2024-05-25T20:06:51.501Z","buy","maker"
"0.72900000","214.80000000","2024-05-25T20:06:51.501Z","buy","maker"
"0.72900000","453.60000000","2024-05-25T20:06:51.501Z","buy","maker"
"0.72900000","497.90000000","2024-05-25T20:06:51.501Z","buy","maker"
"0.72900000","632.40000000","2024-05-25T20:06:51.501Z","buy","maker"
"0.72900000","149.30000000","2024-05-25T20:06:47.858Z","buy","maker"
"0.72900000","69.30000000","2024-05-25T20:06:46.043Z","buy","maker"
"0.72910000","1.40000000","2024-05-25T20:06:46.043Z","buy","maker"
"0.72910000","123.90000000","2024-05-25T20:06:46.043Z","buy","maker"
"0.72910000","0.60000000","2024-05-25T20:06:38.760Z","buy","maker"
"0.72910000","22.10000000","2024-05-25T20:06:14.938Z","buy","maker"
"0.72930000","188.00000000","2024-05-25T20:05:27.122Z","sell","maker"
"0.72930000","31.90000000","2024-05-25T20:05:23.010Z","sell","maker"
"0.72910000","1.40000000","2024-05-25T20:05:01.446Z","sell","maker"
"0.72920000","0.60000000","2024-05-25T20:04:11.866Z","sell","maker"
"0.72920000","112.50000000","2024-05-25T20:04:09.526Z","sell","maker"
"0.72920000","79.60000000","2024-05-25T20:04:09.325Z","buy","maker"
"0.72920000","240.70000000","2024-05-25T20:04:09.325Z","buy","maker"
"0.72920000","340.00000000","2024-05-25T20:04:09.219Z","buy","maker"
"0.72930000","26.60000000","2024-05-25T20:04:09.034Z","buy","maker"
"0.72930000","1.40000000","2024-05-25T20:04:09.034Z","buy","maker"
"0.72930000","1606.00000000","2024-05-25T20:04:09.034Z","buy","maker"
"0.72930000","342.70000000","2024-05-25T20:04:09.028Z","buy","maker"
"0.72930000","853.00000000","2024-05-25T20:04:08.969Z","buy","maker"
"0.72930000","1463.00000000","2024-05-25T20:04:08.955Z","buy","maker"
"0.72930000","639.50000000","2024-05-25T20:04:08.951Z","buy","maker"
"0.72930000","750.00000000","2024-05-25T20:04:08.951Z","buy","maker"
"0.72930000","11315.90000000","2024-05-25T20:04:08.934Z","buy","maker"
"0.72930000","149.90000000","2024-05-25T20:04:08.777Z","buy","maker"
"0.72930000","1240.00000000","2024-05-25T20:04:07.210Z","buy","maker"
"0.72940000","12.20000000","2024-05-25T20:04:00.273Z","sell","maker"
"0.72930000","1259.80000000","2024-05-25T20:03:53.458Z","buy","maker"
"0.72940000","1.40000000","2024-05-25T20:03:50.514Z","sell","maker"
"0.72940000","654.50000000","2024-05-25T20:03:22.145Z","buy","maker"
"0.72940000","12.70000000","2024-05-25T20:03:22.056Z","sell","maker"
"0.72930000","834.70000000","2024-05-25T20:03:17.795Z","sell","maker"
"0.72920000","1.10000000","2024-05-25T20:02:54.829Z","buy","maker"
"0.72920000","136.00000000","2024-05-25T20:02:54.829Z","buy","maker"
"0.72950000","26.10000000","2024-05-25T20:02:08.703Z","sell","maker"
"0.72920000","39.70000000","2024-05-25T20:01:56.553Z","buy","maker"
"0.72930000","533.00000000","2024-05-25T20:01:31.389Z","sell","maker"
"0.72900000","11.30000000","2024-05-25T20:01:25.091Z","buy","maker"
"0.72930000","20.40000000","2024-05-25T20:00:36.056Z","sell","maker"
"0.72920000","21.00000000","2024-05-25T20:00:20.278Z","sell","maker"
"0.72910000","428.40000000","2024-05-25T20:00:17.171Z","sell","maker"
"0.72910000","723.50000000","2024-05-25T20:00:17.171Z","sell","maker"
"0.72900000","65.00000000","2024-05-25T20:00:07.549Z","sell","maker"
"0.72910000","12.20000000","2024-05-25T19:59:51.579Z","sell","maker"
"0.72920000","14.50000000","2024-05-25T19:59:25.366Z","sell","maker"
"0.72920000","27.10000000","2024-05-25T19:59:11.701Z","sell","maker"
"0.72890000","175.30000000","2024-05-25T19:58:20.018Z","buy","maker"
"0.72890000","317.50000000","2024-05-25T19:58:20.018Z","buy","maker"
"0.72920000","132.30000000","2024-05-25T19:57:57.772Z","sell","maker"
"0.72930000","117.00000000","2024-05-25T19:57:57.029Z","buy","maker"
"0.72930000","32.00000000","2024-05-25T19:57:57.029Z","buy","maker"
"0.72930000","349.80000000","2024-05-25T19:57:37.809Z","buy","maker"
"0.72930000","14.20000000","2024-05-25T19:57:32.766Z","buy","maker"
"0.72940000","8.80000000","2024-05-25T19:57:18.760Z","sell","maker"
"0.72940000","2.60000000","2024-05-25T19:57:15.394Z","sell","maker"
"0.72940000","24.70000000","2024-05-25T19:57:14.859Z","sell","maker"
"0.72930000","21.90000000","2024-05-25T19:57:07.020Z","buy","maker"
"0.72950000","3.70000000","2024-05-25T19:56:43.537Z","buy","maker"
"0.72950000","83.10000000","2024-05-25T19:56:41.247Z","buy","maker"
"0.72960000","65.10000000","2024-05-25T19:56:32.040Z","sell","maker"
"0.72950000","77.40000000","2024-05-25T19:55:56.085Z","buy","maker"
"0.72960000","13.20000000","2024-05-25T19:55:43.904Z","buy","maker"
"0.72960000","309.60000000","2024-05-25T19:55:43.904Z","buy","maker"
"0.72960000","78.30000000","2024-05-25T19:55:23.565Z","buy","maker"
"0.72980000","130.60000000","2024-05-25T19:55:15.363Z","sell","maker"
"0.73000000","40.70000000","2024-05-25T19:54:27.747Z","sell","maker"
"0.72990000","12.20000000","2024-05-25T19:54:16.593Z","sell","maker"
"0.72970000","83.10000000","2024-05-25T19:54:13.351Z","buy","maker"
"0.72950000","64.40000000","2024-05-25T19:53:29.708Z","buy","maker"
"0.72960000","686.30000000","2024-05-25T19:53:29.708Z","buy","maker"
"0.72960000","286.70000000","2024-05-25T19:53:29.708Z","buy","maker"
"0.72960000","684.10000000","2024-05-25T19:53:29.708Z","buy","maker"
"0.72960000","534.00000000","2024-05-25T19:53:29.708Z","buy","maker"
"0.72960000","374.50000000","2024-05-25T19:53:29.708Z","buy","maker"
"0.72970000","138.50000000","2024-05-25T19:53:29.708Z","buy","maker"
"0.72990000","6.80000000","2024-05-25T19:53:27.782Z","sell","maker"
"0.72990000","67.90000000","2024-05-25T19:53:21.890Z","sell","maker"
"0.72990000","152.60000000","2024-05-25T19:53:06.297Z","sell","maker"
"0.73000000","165.40000000","2024-05-25T19:53:06.121Z","buy","maker"
"0.73000000","108.10000000","2024-05-25T19:53:06.121Z","buy","maker"
"0.73000000","32.90000000","2024-05-25T19:53:06.121Z","buy","maker"
"0.73000000","194.00000000","2024-05-25T19:52:54.933Z","buy","maker"
"0.73000000","222.30000000","2024-05-25T19:52:54.930Z","buy","maker"
"0.73000000","35.00000000","2024-05-25T19:52:54.930Z","buy","maker"
"0.73010000","179.20000000","2024-05-25T19:52:54.880Z","buy","maker"
"0.73010000","13.30000000","2024-05-25T19:52:48.785Z","buy","maker"
"0.73030000","12.20000000","2024-05-25T19:52:40.333Z","sell","maker"
"0.73020000","64.90000000","2024-05-25T19:52:36.163Z","sell","maker"
"0.73030000","13.60000000","2024-05-25T19:52:21.264Z","sell","maker"
"0.73010000","0.30000000","2024-05-25T19:51:57.153Z","buy","maker"
"0.73030000","50.00000000","2024-05-25T19:51:36.268Z","sell","maker"
"0.73010000","67.50000000","2024-05-25T19:51:21.250Z","buy","maker"
"0.73030000","129.90000000","2024-05-25T19:51:19.707Z","sell","maker"
"0.73020000","2931.00000000","2024-05-25T19:50:42.343Z","sell","maker"
"0.72990000","9.40000000","2024-05-25T19:49:18.180Z","sell","maker"
"0.73010000","228.00000000","2024-05-25T19:49:01.417Z","buy","maker"
"0.73010000","68.10000000","2024-05-25T19:49:01.417Z","buy","maker"
"0.73000000","30.90000000","2024-05-25T19:48:34.310Z","buy","maker"
"0.73000000","9.40000000","2024-05-25T19:48:15.382Z","buy","maker"
"0.73000000","614.40000000","2024-05-25T19:48:09.651Z","buy","maker"
"0.73000000","344.50000000","2024-05-25T19:48:09.651Z","buy","maker"
"0.73000000","529.90000000","2024-05-25T19:48:09.651Z","buy","maker"
"0.73000000","38.60000000","2024-05-25T19:48:09.651Z","buy","maker"
"0.73000000","402.70000000","2024-05-25T19:48:09.651Z","buy","maker"
"0.73010000","200.80000000","2024-05-25T19:48:09.651Z","buy","maker"
"0.73010000","68.20000000","2024-05-25T19:48:07.705Z","buy","maker"
"0.73010000","6.80000000","2024-05-25T19:48:07.705Z","buy","maker"
"0.73020000","69.00000000","2024-05-25T19:48:03.253Z","sell","maker"
"0.73010000","32.70000000","2024-05-25T19:48:03.253Z","sell","maker"
"0.73000000","0.10000000","2024-05-25T19:48:02.076Z","buy","maker"
"0.73010000","18.60000000","2024-05-25T19:47:59.159Z","sell","maker"
"0.73000000","41.70000000","2024-05-25T19:47:59.159Z","sell","maker"
"0.73000000","4.80000000","2024-05-25T19:47:59.159Z","sell","maker"
"0.72980000","295.50000000","2024-05-25T19:47:37.716Z","buy","maker"
"0.72990000","317.60000000","2024-05-25T19:47:37.716Z","buy","maker"
"0.72990000","683.00000000","2024-05-25T19:47:37.716Z","buy","maker"
"0.72970000","16.80000000","2024-05-25T19:47:04.660Z","sell","maker"
"0.72950000","159.40000000","2024-05-25T19:46:48.092Z","buy","maker"
"0.72960000","285.50000000","2024-05-25T19:46:48.092Z","buy","maker"
"0.72970000","0.30000000","2024-05-25T19:46:47.443Z","sell","maker"
"0.72940000","23.30000000","2024-05-25T19:46:36.873Z","buy","maker"
"0.72950000","28.00000000","2024-05-25T19:46:29.845Z","sell","maker"
"0.72960000","65.10000000","2024-05-25T19:45:26.262Z","sell","maker"
"0.72960000","301.50000000","2024-05-25T19:45:20.233Z","sell","maker"
"0.72960000","304.30000000","2024-05-25T19:45:06.547Z","buy","maker"
"0.72980000","34.00000000","2024-05-25T19:44:24.841Z","buy","maker"
"0.72950000","947.00000000","2024-05-25T19:43:51.767Z","buy","maker"
"0.72950000","684.10000000","2024-05-25T19:43:51.767Z","buy","maker"
"0.72950000","306.50000000","2024-05-25T19:43:51.767Z","buy","maker"
"0.72950000","527.50000000","2024-05-25T19:43:51.767Z","buy","maker"
"0.72960000","788.70000000","2024-05-25T19:43:51.767Z","buy","maker"
"0.72960000","684.10000000","2024-05-25T19:43:51.767Z","buy","maker"
"0.72960000","846.50000000","2024-05-25T19:43:51.767Z","buy","maker"
"0.72960000","407.00000000","2024-05-25T19:43:51.767Z","buy","maker"
"0.72960000","314.70000000","2024-05-25T19:43:51.767Z","buy","maker"
"0.72970000","1234.20000000","2024-05-25T19:43:51.767Z","buy","maker"
"0.72980000","516.70000000","2024-05-25T19:43:51.767Z","buy","maker"
"0.72980000","274.70000000","2024-05-25T19:43:51.767Z","buy","maker"
"0.72990000","51.60000000","2024-05-25T19:43:41.377Z","sell","maker"
"0.72980000","10.00000000","2024-05-25T19:43:38.591Z","buy","maker"
"0.72990000","125.30000000","2024-05-25T19:43:27.399Z","sell","maker"
"0.72970000","146.00000000","2024-05-25T19:43:27.399Z","sell","maker"
"0.72970000","13.60000000","2024-05-25T19:43:22.680Z","sell","maker"
"0.72970000","10.00000000","2024-05-25T19:43:16.820Z","sell","maker"
"0.72970000","4.80000000","2024-05-25T19:42:58.198Z","sell","maker"
"0.72970000","1.40000000","2024-05-25T19:42:51.799Z","sell","maker"
"0.72970000","1.80000000","2024-05-25T19:42:49.576Z","sell","maker"
"0.72970000","1.50000000","2024-05-25T19:42:45.212Z","sell","maker"
"0.72970000","678.40000000","2024-05-25T19:42:29.782Z","sell","maker"
"0.72950000","66.90000000","2024-05-25T19:42:08.539Z","buy","maker"
"0.72950000","159.40000000","2024-05-25T19:42:05.748Z","buy","maker"
"0.72970000","816.20000000","2024-05-25T19:42:05.403Z","buy","maker"
"0.72970000","684.10000000","2024-05-25T19:42:05.403Z","buy","maker"
"0.72980000","684.10000000","2024-05-25T19:42:05.403Z","buy","maker"
"0.72970000","1219.60000000","2024-05-25T19:42:05.392Z","buy","maker"
"0.72970000","1644.40000000","2024-05-25T19:42:05.392Z","buy","maker"
"0.72970000","336.20000000","2024-05-25T19:42:05.392Z","buy","maker"
"0.72980000","548.00000000","2024-05-25T19:42:05.390Z","buy","maker"
"0.72980000","243.10000000","2024-05-25T19:42:05.390Z","buy","maker"
"0.72980000","2496.20000000","2024-05-25T19:42:05.389Z","buy","maker"
"0.72980000","684.10000000","2024-05-25T19:42:05.389Z","buy","maker"
"0.72990000","684.10000000","2024-05-25T19:42:05.389Z","buy","maker"
"0.73000000","265.00000000","2024-05-25T19:42:05.389Z","buy","maker"
"0.73000000","1010.30000000","2024-05-25T19:42:05.389Z","buy","maker"
"0.73010000","220.60000000","2024-05-25T19:41:26.614Z","buy","maker"
"0.73010000","286.10000000","2024-05-25T19:41:26.614Z","buy","maker"
"0.73010000","659.10000000","2024-05-25T19:41:26.614Z","buy","maker"
"0.73010000","132.90000000","2024-05-25T19:41:16.542Z","sell","maker"
"0.73030000","236.00000000","2024-05-25T19:40:59.964Z","sell","maker"
"0.73030000","684.10000000","2024-05-25T19:40:59.964Z","sell","maker"
"0.73030000","405.40000000","2024-05-25T19:40:59.964Z","sell","maker"
"0.73000000","21.40000000","2024-05-25T19:40:43.165Z","buy","maker"
"0.73000000","27.70000000","2024-05-25T19:39:52.109Z","buy","maker"
"0.73000000","1.70000000","2024-05-25T19:39:51.787Z","buy","maker"
"0.73020000","37.90000000","2024-05-25T19:39:26.581Z","buy","maker"
"0.73030000","4.90000000","2024-05-25T19:39:12.787Z","sell","maker"
"0.73000000","54.80000000","2024-05-25T19:39:05.003Z","buy","maker"
"0.73000000","109.60000000","2024-05-25T19:39:03.268Z","buy","maker"
"0.73020000","33.90000000","2024-05-25T19:38:46.366Z","sell","maker"
"0.73020000","143.50000000","2024-05-25T19:38:26.988Z","sell","maker"
"0.73000000","103.80000000","2024-05-25T19:38:25.510Z","buy","maker"
"0.73010000","72.00000000","2024-05-25T19:37:33.149Z","buy","maker"
"0.73010000","216.30000000","2024-05-25T19:37:28.912Z","buy","maker"
"0.73040000","12.20000000","2024-05-25T19:37:19.709Z","sell","maker"
"0.73070000","342.10000000","2024-05-25T19:36:57.739Z","buy","maker"
"0.73060000","20.00000000","2024-05-25T19:36:38.951Z","sell","maker"
"0.73050000","291.80000000","2024-05-25T19:36:30.647Z","buy","maker"
"0.73050000","50.40000000","2024-05-25T19:36:30.647Z","buy","maker"
"0.73060000","72.70000000","2024-05-25T19:35:52.280Z","sell","maker"
"0.73060000","1427.30000000","2024-05-25T19:35:52.280Z","sell","maker"
"0.73060000","234.60000000","2024-05-25T19:35:44.765Z","sell","maker"
"0.73060000","25.00000000","2024-05-25T19:35:44.765Z","sell","maker"
"0.73060000","32.10000000","2024-05-25T19:35:19.403Z","sell","maker"
"0.73050000","286.00000000","2024-05-25T19:35:12.994Z","buy","maker"
"0.73050000","686.20000000","2024-05-25T19:33:50.760Z","buy","maker"
"0.73050000","310.30000000","2024-05-25T19:33:50.760Z","buy","maker"
"0.73050000","468.00000000","2024-05-25T19:33:50.760Z","buy","maker"
"0.73050000","7.90000000","2024-05-25T19:33:45.501Z","sell","maker"
"0.73050000","1.60000000","2024-05-25T19:33:35.427Z","sell","maker"
"0.73030000","35.90000000","2024-05-25T19:33:35.134Z","sell","maker"
"0.73020000","33.10000000","2024-05-25T19:33:29.666Z","buy","maker"
"0.73000000","31.60000000","2024-05-25T19:33:07.854Z","buy","maker"
"0.73010000","639.80000000","2024-05-25T19:32:57.781Z","sell","maker"
"0.73010000","691.40000000","2024-05-25T19:32:57.781Z","sell","maker"
"0.73000000","135.60000000","2024-05-25T19:32:43.922Z","sell","maker"
"0.72910000","1044.30000000","2024-05-25T19:32:07.559Z","sell","maker"
"0.72910000","1.40000000","2024-05-25T19:32:06.686Z","sell","maker"
"0.72900000","553.20000000","2024-05-25T19:32:03.113Z","buy","maker"
"0.72900000","548.60000000","2024-05-25T19:32:03.113Z","buy","maker"
"0.72900000","760.40000000","2024-05-25T19:32:03.113Z","buy","maker"
"0.72920000","19.30000000","2024-05-25T19:31:57.917Z","buy","maker"
"0.72940000","38.00000000","2024-05-25T19:31:52.099Z","sell","maker"
"0.72920000","20.80000000","2024-05-25T19:31:42.212Z","buy","maker"
"0.72950000","49.90000000","2024-05-25T19:31:23.242Z","sell","maker"
"0.72950000","41.40000000","2024-05-25T19:31:23.242Z","sell","maker"
"0.72950000","11.60000000","2024-05-25T19:31:10.641Z","sell","maker"
"0.72950000","21.80000000","2024-05-25T19:31:10.549Z","sell","maker"
"0.72940000","2.20000000","2024-05-25T19:31:05.002Z","sell","maker"
"0.72940000","0.20000000","2024-05-25T19:31:04.162Z","sell","maker"
"0.72950000","12.20000000","2024-05-25T19:30:56.480Z","sell","maker"
"0.72940000","16.00000000","2024-05-25T19:30:41.458Z","buy","maker"
"0.72950000","27.10000000","2024-05-25T19:30:35.306Z","sell","maker"
"0.72970000","0.70000000","2024-05-25T19:30:16.645Z","sell","maker"
"0.72970000","58.30000000","2024-05-25T19:30:12.727Z","sell","maker"
"0.72980000","2.10000000","2024-05-25T19:29:58.094Z","buy","maker"
"0.72980000","274.20000000","2024-05-25T19:29:58.094Z","buy","maker"
"0.72990000","133.50000000","2024-05-25T19:29:49.723Z","sell","maker"
"0.72990000","0.90000000","2024-05-25T19:29:25.073Z","sell","maker"
"0.72990000","46.10000000","2024-05-25T19:28:35.610Z","sell","maker"
"0.72990000","34.00000000","2024-05-25T19:28:26.626Z","sell","maker"
"0.72980000","0.30000000","2024-05-25T19:28:14.280Z","buy","maker"
"0.72980000","1.40000000","2024-05-25T19:28:14.280Z","buy","maker"
"0.72960000","137.00000000","2024-05-25T19:27:39.714Z","buy","maker"
"0.72970000","438.30000000","2024-05-25T19:27:06.628Z","sell","maker"
"0.72970000","14.60000000","2024-05-25T19:27:06.628Z","sell","maker"
"0.72960000","687.90000000","2024-05-25T19:26:59.526Z","buy","maker"
"0.72960000","1062.80000000","2024-05-25T19:26:58.449Z","sell","maker"
"0.72950000","5.00000000","2024-05-25T19:26:17.278Z","sell","maker"
"0.72930000","48.20000000","2024-05-25T19:26:14.040Z","buy","maker"
"0.72950000","1.40000000","2024-05-25T19:26:14.040Z","buy","maker"
"0.72950000","229.00000000","2024-05-25T19:26:14.040Z","buy","maker"
"0.72960000","61.70000000","2024-05-25T19:26:12.700Z","sell","maker"
"0.72960000","1085.20000000","2024-05-25T19:26:02.990Z","sell","maker"
"0.72930000","1180.50000000","2024-05-25T19:25:47.343Z","sell","maker"
"0.72930000","980.00000000","2024-05-25T19:25:47.343Z","sell","maker"
"0.72920000","98.30000000","2024-05-25T19:25:45.411Z","buy","maker"
"0.72930000","20.20000000","2024-05-25T19:25:35.832Z","sell","maker"
"0.72930000","29.70000000","2024-05-25T19:25:07.839Z","buy","maker"
"0.72940000","203.50000000","2024-05-25T19:25:06.265Z","sell","maker"
"0.72940000","61.60000000","2024-05-25T19:24:38.389Z","sell","maker"
"0.72960000","3.20000000","2024-05-25T19:24:17.265Z","sell","maker"
"0.72960000","3.10000000","2024-05-25T19:24:15.507Z","sell","maker"
"0.72960000","6.20000000","2024-05-25T19:24:13.483Z","sell","maker"
"0.72960000","9.60000000","2024-05-25T19:24:12.468Z","sell","maker"
"0.72960000","15.50000000","2024-05-25T19:24:11.450Z","sell","maker"
"0.72960000","10.30000000","2024-05-25T19:24:10.440Z","sell","maker"
"0.72960000","33.80000000","2024-05-25T19:24:10.320Z","buy","maker"
"0.72960000","2.70000000","2024-05-25T19:24:10.320Z","buy","maker"
"0.72960000","215.00000000","2024-05-25T19:24:10.320Z","buy","maker"
"0.72970000","5.40000000","2024-05-25T19:23:42.373Z","sell","maker"
"0.72960000","396.60000000","2024-05-25T19:23:32.935Z","buy","maker"
"0.72940000","25.00000000","2024-05-25T19:22:05.944Z","sell","maker"
"0.72940000","31.60000000","2024-05-25T19:22:02.246Z","sell","maker"
"0.72940000","8.40000000","2024-05-25T19:21:54.815Z","sell","maker"
"0.72920000","184.50000000","2024-05-25T19:21:50.565Z","buy","maker"
"0.72930000","237.80000000","2024-05-25T19:21:50.565Z","buy","maker"
"0.72930000","57.80000000","2024-05-25T19:21:50.565Z","buy","maker"
"0.72930000","214.70000000","2024-05-25T19:21:50.565Z","buy","maker"
"0.72930000","210.10000000","2024-05-25T19:21:39.197Z","buy","maker"
"0.72930000","98.70000000","2024-05-25T19:21:39.197Z","buy","maker"
"0.72950000","2.90000000","2024-05-25T19:21:39.173Z","buy","maker"
"0.72950000","250.10000000","2024-05-25T19:21:39.173Z","buy","maker"
"0.72950000","41.10000000","2024-05-25T19:21:30.037Z","buy","maker"
"0.72940000","19.40000000","2024-05-25T19:20:49.984Z","buy","maker"
"0.72940000","19.80000000","2024-05-25T19:20:18.863Z","buy","maker"
"0.72940000","375.70000000","2024-05-25T19:20:04.415Z","sell","maker"
"0.72930000","9.80000000","2024-05-25T19:19:54.566Z","buy","maker"
"0.72940000","2.80000000","2024-05-25T19:19:42.391Z","sell","maker"
"0.72940000","4.40000000","2024-05-25T19:19:41.235Z","sell","maker"
"0.72930000","25.10000000","2024-05-25T19:18:24.370Z","sell","maker"
"0.72920000","97.70000000","2024-05-25T19:18:09.976Z","buy","maker"
"0.72920000","3.30000000","2024-05-25T19:18:08.937Z","buy","maker"
"0.72920000","27.20000000","2024-05-25T19:18:04.666Z","buy","maker"
"0.72960000","34.00000000","2024-05-25T19:17:56.995Z","sell","maker"
"0.72940000","66.40000000","2024-05-25T19:17:52.389Z","buy","maker"
"0.72960000","12.20000000","2024-05-25T19:17:48.324Z","sell","maker"
"0.72940000","139.00000000","2024-05-25T19:17:41.467Z","buy","maker"
"0.72960000","2.00000000","2024-05-25T19:17:41.126Z","buy","maker"
"0.72970000","1.40000000","2024-05-25T19:17:41.102Z","buy","maker"
"0.72970000","171.00000000","2024-05-25T19:17:41.102Z","buy","maker"
"0.72970000","104.20000000","2024-05-25T19:17:41.054Z","buy","maker"
"0.72970000","782.80000000","2024-05-25T19:17:41.054Z","buy","maker"
"0.72970000","995.70000000","2024-05-25T19:17:08.065Z","sell","maker"
"0.72970000","72.00000000","2024-05-25T19:17:08.065Z","sell","maker"
"0.72980000","10.40000000","2024-05-25T19:15:53.900Z","buy","maker"
"0.73000000","8.90000000","2024-05-25T19:15:38.921Z","sell","maker"
"0.73000000","72.50000000","2024-05-25T19:15:17.007Z","sell","maker"
"0.73000000","380.60000000","2024-05-25T19:15:17.007Z","sell","maker"
"0.73000000","47.50000000","2024-05-25T19:15:08.911Z","sell","maker"
"0.73000000","329.00000000","2024-05-25T19:15:03.616Z","sell","maker"
"0.73000000","137.30000000","2024-05-25T19:14:49.357Z","sell","maker"
"0.72960000","38.90000000","2024-05-25T19:14:45.229Z","buy","maker"
"0.72960000","210.50000000","2024-05-25T19:14:45.229Z","buy","maker"
"0.72960000","5.40000000","2024-05-25T19:14:45.229Z","buy","maker"
"0.72970000","2.50000000","2024-05-25T19:14:45.229Z","buy","maker"
"0.72970000","253.50000000","2024-05-25T19:14:45.229Z","buy","maker"
"0.72970000","369.90000000","2024-05-25T19:14:45.229Z","buy","maker"
"0.73000000","5.80000000","2024-05-25T19:14:32.470Z","sell","maker"
"0.73000000","18.90000000","2024-05-25T19:14:31.455Z","sell","maker"
"0.73010000","74.70000000","2024-05-25T19:14:30.501Z","buy","maker"
"0.73010000","325.00000000","2024-05-25T19:14:30.501Z","buy","maker"
"0.73010000","1.40000000","2024-05-25T19:14:30.501Z","buy","maker"
"0.73010000","287.80000000","2024-05-25T19:14:30.501Z","buy","maker"
"0.73010000","374.00000000","2024-05-25T19:13:11.598Z","sell","maker"
"0.73010000","530.90000000","2024-05-25T19:13:11.598Z","sell","maker"
"0.73010000","760.40000000","2024-05-25T19:13:11.598Z","sell","maker"
"0.73010000","1218.10000000","2024-05-25T19:13:11.598Z","sell","maker"
"0.73000000","371.30000000","2024-05-25T19:12:41.338Z","buy","maker"
"0.73000000","760.40000000","2024-05-25T19:12:41.332Z","sell","maker"
"0.73000000","234.70000000","2024-05-25T19:12:41.332Z","sell","maker"
"0.73000000","47.80000000","2024-05-25T19:12:37.680Z","sell","maker"
"0.73000000","406.90000000","2024-05-25T19:12:15.713Z","sell","maker"
"0.72970000","95.50000000","2024-05-25T19:12:10.053Z","buy","maker"
"0.72970000","541.50000000","2024-05-25T19:12:10.053Z","buy","maker"
"0.72970000","754.00000000","2024-05-25T19:12:10.053Z","buy","maker"
"0.72990000","170.60000000","2024-05-25T19:12:10.053Z","buy","maker"
"0.72990000","89.50000000","2024-05-25T19:12:10.053Z","buy","maker"
"0.72990000","10.50000000","2024-05-25T19:12:00.336Z","buy","maker"
"0.72970000","6.40000000","2024-05-25T19:11:38.697Z","buy","maker"
"0.72990000","6.80000000","2024-05-25T19:11:26.065Z","sell","maker"
"0.72990000","2.80000000","2024-05-25T19:11:21.576Z","buy","maker"
"0.72990000","196.00000000","2024-05-25T19:11:21.576Z","buy","maker"
"0.72990000","178.50000000","2024-05-25T19:11:21.576Z","buy","maker"
"0.72970000","7.80000000","2024-05-25T19:09:16.012Z","sell","maker"
"0.72880000","1.80000000","2024-05-25T19:08:52.158Z","sell","maker"
"0.72870000","0.40000000","2024-05-25T19:08:46.528Z","buy","maker"
"0.72870000","375.40000000","2024-05-25T19:08:46.528Z","buy","maker"
"0.72870000","68.00000000","2024-05-25T19:08:46.528Z","buy","maker"
"0.72870000","595.20000000","2024-05-25T19:08:46.528Z","buy","maker"
"0.72880000","198.30000000","2024-05-25T19:08:41.888Z","sell","maker"
"0.72880000","245.30000000","2024-05-25T19:08:34.782Z","sell","maker"
"0.72880000","4.70000000","2024-05-25T19:08:34.782Z","sell","maker"
"0.72870000","11.00000000","2024-05-25T19:08:23.437Z","buy","maker"
"0.72870000","168.20000000","2024-05-25T19:08:23.437Z","buy","maker"
"0.72870000","549.40000000","2024-05-25T19:08:23.437Z","buy","maker"
"0.72870000","1.40000000","2024-05-25T19:08:23.437Z","buy","maker"
"0.72870000","271.10000000","2024-05-25T19:08:23.437Z","buy","maker"
"0.72870000","184.70000000","2024-05-25T19:07:33.344Z","buy","maker"
"0.72900000","136.70000000","2024-05-25T19:07:26.619Z","sell","maker"
"0.72900000","760.40000000","2024-05-25T19:07:18.155Z","buy","maker"
"0.72900000","922.60000000","2024-05-25T19:07:18.155Z","buy","maker"
"0.72910000","587.10000000","2024-05-25T19:07:18.154Z","buy","maker"
"0.72910000","760.40000000","2024-05-25T19:07:18.154Z","buy","maker"
"0.72940000","162.50000000","2024-05-25T19:07:15.205Z","sell","maker"
"0.72930000","760.40000000","2024-05-25T19:07:15.205Z","sell","maker"
"0.72930000","442.90000000","2024-05-25T19:07:15.205Z","sell","maker"
"0.72930000","470.60000000","2024-05-25T19:07:07.531Z","sell","maker"
"0.72930000","886.80000000","2024-05-25T19:07:07.531Z","sell","maker"
"0.72900000","12.00000000","2024-05-25T19:06:55.641Z","buy","maker"
"0.72920000","4.10000000","2024-05-25T19:06:42.367Z","sell","maker"
"0.72900000","3.10000000","2024-05-25T19:06:17.291Z","buy","maker"
"0.72900000","2.70000000","2024-05-25T19:06:17.291Z","buy","maker"
"0.72900000","8.60000000","2024-05-25T19:06:17.291Z","buy","maker"
"0.72890000","305.70000000","2024-05-25T19:05:08.681Z","sell","maker"
"0.72880000","294.30000000","2024-05-25T19:05:08.681Z","sell","maker"
"0.72890000","3.90000000","2024-05-25T19:04:56.499Z","sell","maker"
"0.72860000","22.90000000","2024-05-25T19:04:48.179Z","buy","maker"
"0.72870000","44.80000000","2024-05-25T19:04:41.316Z","sell","maker"
"0.72870000","6.80000000","2024-05-25T19:04:35.379Z","sell","maker"
"0.72870000","6.80000000","2024-05-25T19:04:24.353Z","sell","maker"
"0.72870000","1.30000000","2024-05-25T19:04:22.907Z","buy","maker"