"price","volume","timestamp","type"
"0.7277","3700.8","2024-05-25T21:46:13.716Z","ask"
"0.7278","4483.1","2024-05-25T21:46:13.716Z","ask"
"0.7279","3844.7","2024-05-25T21:46:13.716Z","ask"
"0.728","5772.7","2024-05-25T21:46:13.716Z","ask"
"0.7281","5732.1","2024-05-25T21:46:13.716Z","ask"
"0.7282","6343.1","2024-05-25T21:46:13.716Z","ask"
"0.7283","7489.9","2024-05-25T21:46:13.716Z","ask"
"0.7284","8326","2024-05-25T21:46:13.716Z","ask"
"0.7285","16467.3","2024-05-25T21:46:13.716Z","ask"
"0.7286","4965.4","2024-05-25T21:46:13.716Z","ask"
"0.7287","46802.7","2024-05-25T21:46:13.716Z","ask"
"0.7288","6643.2","2024-05-25T21:46:13.716Z","ask"
"0.7289","7147.9","2024-05-25T21:46:13.716Z","ask"
"0.729","4264.9","2024-05-25T21:46:13.716Z","ask"
"0.7291","24698.9","2024-05-25T21:46:13.716Z","ask"
"0.7292","44.5","2024-05-25T21:46:13.716Z","ask"
"0.7297","13885","2024-05-25T21:46:13.716Z","ask"
"0.7299","17921.8","2024-05-25T21:46:13.716Z","ask"
"0.7301","1719.9","2024-05-25T21:46:13.716Z","ask"
"0.7308","170","2024-05-25T21:46:13.716Z","ask"
"0.7309","5046","2024-05-25T21:46:13.716Z","ask"
"0.731","137.4","2024-05-25T21:46:13.716Z","ask"
"0.7312","22523.9","2024-05-25T21:46:13.716Z","ask"
"0.7314","4.9","2024-05-25T21:46:13.716Z","ask"
"0.7321","6055.1","2024-05-25T21:46:13.716Z","ask"
"0.7323","1721.9","2024-05-25T21:46:13.716Z","ask"
"0.7326","36.7","2024-05-25T21:46:13.716Z","ask"
"0.7328","34175.9","2024-05-25T21:46:13.716Z","ask"
"0.733","48.4","2024-05-25T21:46:13.716Z","ask"
"0.7331","0.2","2024-05-25T21:46:13.716Z","ask"
"0.7334","572.7","2024-05-25T21:46:13.716Z","ask"
"0.7335","137.1","2024-05-25T21:46:13.716Z","ask"
"0.7338","73.4","2024-05-25T21:46:13.716Z","ask"
"0.7339","14.9","2024-05-25T21:46:13.716Z","ask"
"0.734","493.1","2024-05-25T21:46:13.716Z","ask"
"0.7345","572.7","2024-05-25T21:46:13.716Z","ask"
"0.7346","93.7","2024-05-25T21:46:13.716Z","ask"
"0.735","2773.3","2024-05-25T21:46:13.716Z","ask"
"0.7352","24.1","2024-05-25T21:46:13.716Z","ask"
"0.7353","12084.5","2024-05-25T21:46:13.716Z","ask"
"0.7354","177.7","2024-05-25T21:46:13.716Z","ask"
"0.7355","8134.8","2024-05-25T21:46:13.716Z","ask"
"0.7356","628.7","2024-05-25T21:46:13.716Z","ask"
"0.7362","40.7","2024-05-25T21:46:13.716Z","ask"
"0.7365","33.6","2024-05-25T21:46:13.717Z","ask"
"0.7366","572.7","2024-05-25T21:46:13.717Z","ask"
"0.7367","7.8","2024-05-25T21:46:13.717Z","ask"
"0.737","438.6","2024-05-25T21:46:13.717Z","ask"
"0.7374","67.5","2024-05-25T21:46:13.717Z","ask"
"0.7375","30.8","2024-05-25T21:46:13.717Z","ask"
"0.7376","35.6","2024-05-25T21:46:13.717Z","ask"
"0.7379","31.3","2024-05-25T21:46:13.717Z","ask"
"0.7383","14.8","2024-05-25T21:46:13.717Z","ask"
"0.7386","368.8","2024-05-25T21:46:13.717Z","ask"
"0.7389","54.1","2024-05-25T21:46:13.717Z","ask"
"0.739","136.1","2024-05-25T21:46:13.717Z","ask"
"0.7394","37.2","2024-05-25T21:46:13.717Z","ask"
"0.7398","91.1","2024-05-25T21:46:13.717Z","ask"
"0.7399","26.2","2024-05-25T21:46:13.717Z","ask"
"0.74","690","2024-05-25T21:46:13.717Z","ask"
"0.7401","192.5","2024-05-25T21:46:13.717Z","ask"
"0.7407","116.5","2024-05-25T21:46:13.717Z","ask"
"0.7408","433","2024-05-25T21:46:13.717Z","ask"
"0.7409","5203","2024-05-25T21:46:13.717Z","ask"
"0.741","973","2024-05-25T21:46:13.717Z","ask"
"0.7412","297.6","2024-05-25T21:46:13.717Z","ask"
"0.7413","117.5","2024-05-25T21:46:13.717Z","ask"
"0.7414","35.4","2024-05-25T21:46:13.717Z","ask"
"0.7415","800","2024-05-25T21:46:13.717Z","ask"
"0.7418","1216.3","2024-05-25T21:46:13.717Z","ask"
"0.742","3897.4","2024-05-25T21:46:13.717Z","ask"
"0.7421","2.7","2024-05-25T21:46:13.717Z","ask"
"0.7422","641","2024-05-25T21:46:13.717Z","ask"
"0.7424","73.2","2024-05-25T21:46:13.717Z","ask"
"0.7427","14.6","2024-05-25T21:46:13.717Z","ask"
"0.7432","6.3","2024-05-25T21:46:13.717Z","ask"
"0.7433","68.2","2024-05-25T21:46:13.717Z","ask"
"0.7438","243.8","2024-05-25T21:46:13.717Z","ask"
"0.7441","4.9","2024-05-25T21:46:13.717Z","ask"
"0.7444","626.5","2024-05-25T21:46:13.717Z","ask"
"0.7445","1391.8","2024-05-25T21:46:13.717Z","ask"
"0.745","35.2","2024-05-25T21:46:13.717Z","ask"
"0.7451","32.8","2024-05-25T21:46:13.717Z","ask"
"0.7453","19.4","2024-05-25T21:46:13.717Z","ask"
"0.7455","19.4","2024-05-25T21:46:13.717Z","ask"
"0.7456","14.4","2024-05-25T21:46:13.717Z","ask"
"0.7461","21","2024-05-25T21:46:13.717Z","ask"
"0.7462","107.6","2024-05-25T21:46:13.717Z","ask"
"0.7465","84.5","2024-05-25T21:46:13.717Z","ask"
"0.7466","20.1","2024-05-25T21:46:13.717Z","ask"
"0.7472","14.5","2024-05-25T21:46:13.717Z","ask"
"0.7476","2.8","2024-05-25T21:46:13.717Z","ask"
"0.7478","9.3","2024-05-25T21:46:13.717Z","ask"
"0.748","5702","2024-05-25T21:46:13.717Z","ask"
"0.7482","25","2024-05-25T21:46:13.717Z","ask"
"0.7483","425.3","2024-05-25T21:46:13.717Z","ask"
"0.7484","4.9","2024-05-25T21:46:13.717Z","ask"
"0.7485","97.5","2024-05-25T21:46:13.717Z","ask"
"0.7486","186.4","2024-05-25T21:46:13.717Z","ask"
"0.7487","163.5","2024-05-25T21:46:13.717Z","ask"
"0.7488","45.7","2024-05-25T21:46:13.717Z","ask"
"0.7494","11","2024-05-25T21:46:13.717Z","ask"
"0.7499","7822.2","2024-05-25T21:46:13.717Z","ask"
"0.75","14683.3","2024-05-25T21:46:13.717Z","ask"
"0.7503","97.6","2024-05-25T21:46:13.717Z","ask"
"0.7509","75.8","2024-05-25T21:46:13.717Z","ask"
"0.7517","14.4","2024-05-25T21:46:13.717Z","ask"
"0.752","602","2024-05-25T21:46:13.717Z","ask"
"0.7521","35.7","2024-05-25T21:46:13.717Z","ask"
"0.7524","297.6","2024-05-25T21:46:13.717Z","ask"
"0.7525","36.8","2024-05-25T21:46:13.717Z","ask"
"0.7527","4.9","2024-05-25T21:46:13.717Z","ask"
"0.7528","11.5","2024-05-25T21:46:13.717Z","ask"
"0.753","1.4","2024-05-25T21:46:13.717Z","ask"
"0.7533","15.2","2024-05-25T21:46:13.717Z","ask"
"0.7534","71.2","2024-05-25T21:46:13.717Z","ask"
"0.7535","138.5","2024-05-25T21:46:13.717Z","ask"
"0.7536","32.4","2024-05-25T21:46:13.717Z","ask"
"0.7537","9.2","2024-05-25T21:46:13.717Z","ask"
"0.7538","19.2","2024-05-25T21:46:13.717Z","ask"
"0.754","13.5","2024-05-25T21:46:13.717Z","ask"
"0.7548","79.8","2024-05-25T21:46:13.717Z","ask"
"0.7549","1635.8","2024-05-25T21:46:13.717Z","ask"
"0.755","2759.8","2024-05-25T21:46:13.717Z","ask"
"0.7554","133.1","2024-05-25T21:46:13.717Z","ask"
"0.7555","5","2024-05-25T21:46:13.717Z","ask"
"0.7558","243.8","2024-05-25T21:46:13.717Z","ask"
"0.756","235.3","2024-05-25T21:46:13.717Z","ask"
"0.7561","115","2024-05-25T21:46:13.717Z","ask"
"0.7562","14.4","2024-05-25T21:46:13.717Z","ask"
"0.7563","34.7","2024-05-25T21:46:13.717Z","ask"
"0.7564","119.2","2024-05-25T21:46:13.717Z","ask"
"0.7566","6.2","2024-05-25T21:46:13.717Z","ask"
"0.7567","15.2","2024-05-25T21:46:13.717Z","ask"
"0.7568","32867.9","2024-05-25T21:46:13.717Z","ask"
"0.7569","30004.9","2024-05-25T21:46:13.717Z","ask"
"0.757","49.5","2024-05-25T21:46:13.717Z","ask"
"0.7575","2888.3","2024-05-25T21:46:13.717Z","ask"
"0.7577","42.1","2024-05-25T21:46:13.717Z","ask"
"0.758","38287.3","2024-05-25T21:46:13.717Z","ask"
"0.7586","149.3","2024-05-25T21:46:13.717Z","ask"
"0.7589","41.9","2024-05-25T21:46:13.717Z","ask"
"0.759","746.6","2024-05-25T21:46:13.717Z","ask"
"0.7592","56.5","2024-05-25T21:46:13.717Z","ask"
"0.7594","14","2024-05-25T21:46:13.717Z","ask"
"0.7596","76.7","2024-05-25T21:46:13.717Z","ask"
"0.7598","14.4","2024-05-25T21:46:13.717Z","ask"
"0.76","41105.6","2024-05-25T21:46:13.717Z","ask"
"0.7601","55.5","2024-05-25T21:46:13.717Z","ask"
"0.7602","500","2024-05-25T21:46:13.717Z","ask"
"0.7606","6","2024-05-25T21:46:13.717Z","ask"
"0.7607","14.3","2024-05-25T21:46:13.717Z","ask"
"0.7608","300","2024-05-25T21:46:13.717Z","ask"
"0.761","132.2","2024-05-25T21:46:13.717Z","ask"
"0.7612","51.2","2024-05-25T21:46:13.717Z","ask"
"0.7617","19.4","2024-05-25T21:46:13.717Z","ask"
"0.7618","66.6","2024-05-25T21:46:13.717Z","ask"
"0.762","19.5","2024-05-25T21:46:13.717Z","ask"
"0.7621","19","2024-05-25T21:46:13.717Z","ask"
"0.7622","235.3","2024-05-25T21:46:13.717Z","ask"
"0.7624","32.1","2024-05-25T21:46:13.717Z","ask"
"0.7626","30.1","2024-05-25T21:46:13.717Z","ask"
"0.7635","833.7","2024-05-25T21:46:13.717Z","ask"
"0.7636","308.4","2024-05-25T21:46:13.717Z","ask"
"0.7639","93.2","2024-05-25T21:46:13.717Z","ask"
"0.7644","117.3","2024-05-25T21:46:13.717Z","ask"
"0.7645","71.2","2024-05-25T21:46:13.717Z","ask"
"0.7649","47.7","2024-05-25T21:46:13.717Z","ask"
"0.765","16547.1","2024-05-25T21:46:13.717Z","ask"
"0.7651","478.2","2024-05-25T21:46:13.717Z","ask"
"0.7653","4","2024-05-25T21:46:13.717Z","ask"
"0.7655","14","2024-05-25T21:46:13.717Z","ask"
"0.7657","4662.2","2024-05-25T21:46:13.717Z","ask"
"0.7658","25","2024-05-25T21:46:13.717Z","ask"
"0.7661","1968.3","2024-05-25T21:46:13.717Z","ask"
"0.7662","13.2","2024-05-25T21:46:13.717Z","ask"
"0.7667","131.2","2024-05-25T21:46:13.717Z","ask"
"0.7668","4","2024-05-25T21:46:13.717Z","ask"
"0.767","270","2024-05-25T21:46:13.717Z","ask"
"0.7671","4.1","2024-05-25T21:46:13.717Z","ask"
"0.7672","29.2","2024-05-25T21:46:13.717Z","ask"
"0.7675","11.2","2024-05-25T21:46:13.717Z","ask"
"0.7677","34.2","2024-05-25T21:46:13.717Z","ask"
"0.7678","71.4","2024-05-25T21:46:13.717Z","ask"
"0.7679","48.8","2024-05-25T21:46:13.717Z","ask"
"0.768","5809","2024-05-25T21:46:13.717Z","ask"
"0.7682","13.5","2024-05-25T21:46:13.717Z","ask"
"0.7683","485.5","2024-05-25T21:46:13.717Z","ask"
"0.7688","310.2","2024-05-25T21:46:13.717Z","ask"
"0.7695","19.5","2024-05-25T21:46:13.717Z","ask"
"0.7697","89.4","2024-05-25T21:46:13.717Z","ask"
"0.7698","1.4","2024-05-25T21:46:13.717Z","ask"
"0.7699","4899.1","2024-05-25T21:46:13.717Z","ask"
"0.77","9974.2","2024-05-25T21:46:13.717Z","ask"
"0.7704","6","2024-05-25T21:46:13.717Z","ask"
"0.7707","18.7","2024-05-25T21:46:13.717Z","ask"
"0.7709","2056.7","2024-05-25T21:46:13.717Z","ask"
"0.771","17572","2024-05-25T21:46:13.717Z","ask"
"0.7711","40.4","2024-05-25T21:46:13.717Z","ask"
"0.7713","31.7","2024-05-25T21:46:13.717Z","ask"
"0.7715","43","2024-05-25T21:46:13.717Z","ask"
"0.7716","1595.4","2024-05-25T21:46:13.717Z","ask"
"0.7717","111.9","2024-05-25T21:46:13.717Z","ask"
"0.7718","112.9","2024-05-25T21:46:13.717Z","ask"
"0.772","40709.5","2024-05-25T21:46:13.717Z","ask"
"0.7721","6.9","2024-05-25T21:46:13.717Z","ask"
"0.7722","22.9","2024-05-25T21:46:13.717Z","ask"
"0.7724","185.7","2024-05-25T21:46:13.717Z","ask"
"0.7725","1049.6","2024-05-25T21:46:13.717Z","ask"
"0.7727","2","2024-05-25T21:46:13.717Z","ask"
"0.773","183972.3","2024-05-25T21:46:13.717Z","ask"
"0.7733","1.9","2024-05-25T21:46:13.717Z","ask"
"0.7735","56743.6","2024-05-25T21:46:13.717Z","ask"
"0.7736","73.6","2024-05-25T21:46:13.717Z","ask"
"0.7738","69.2","2024-05-25T21:46:13.717Z","ask"
"0.774","11789.9","2024-05-25T21:46:13.717Z","ask"
"0.7741","14.4","2024-05-25T21:46:13.717Z","ask"
"0.7746","6.8","2024-05-25T21:46:13.717Z","ask"
"0.7748","1500","2024-05-25T21:46:13.717Z","ask"
"0.775","1262.6","2024-05-25T21:46:13.717Z","ask"
"0.7752","298.6","2024-05-25T21:46:13.717Z","ask"
"0.7753","33.8","2024-05-25T21:46:13.717Z","ask"
"0.7755","5","2024-05-25T21:46:13.717Z","ask"
"0.7758","229","2024-05-25T21:46:13.717Z","ask"
"0.776","258.4","2024-05-25T21:46:13.717Z","ask"
"0.7769","149","2024-05-25T21:46:13.717Z","ask"
"0.777","1631.1","2024-05-25T21:46:13.717Z","ask"
"0.7771","0.1","2024-05-25T21:46:13.717Z","ask"
"0.7772","18.3","2024-05-25T21:46:13.717Z","ask"
"0.7773","6763.6","2024-05-25T21:46:13.717Z","ask"
"0.7776","9","2024-05-25T21:46:13.717Z","ask"
"0.7777","13421","2024-05-25T21:46:13.717Z","ask"
"0.7779","0.4","2024-05-25T21:46:13.717Z","ask"
"0.778","923.4","2024-05-25T21:46:13.717Z","ask"
"0.7782","4.9","2024-05-25T21:46:13.717Z","ask"
"0.7783","19","2024-05-25T21:46:13.717Z","ask"
"0.7785","2000","2024-05-25T21:46:13.717Z","ask"
"0.7786","70.1","2024-05-25T21:46:13.717Z","ask"
"0.7789","385.4","2024-05-25T21:46:13.717Z","ask"
"0.779","200","2024-05-25T21:46:13.717Z","ask"
"0.7791","145.6","2024-05-25T21:46:13.717Z","ask"
"0.7792","18.5","2024-05-25T21:46:13.717Z","ask"
"0.7793","54","2024-05-25T21:46:13.717Z","ask"
"0.7798","7.8","2024-05-25T21:46:13.717Z","ask"
"0.78","38114.6","2024-05-25T21:46:13.717Z","ask"
"0.7801","31.3","2024-05-25T21:46:13.717Z","ask"
"0.7806","1","2024-05-25T21:46:13.717Z","ask"
"0.7807","65","2024-05-25T21:46:13.717Z","ask"
"0.7809","3.9","2024-05-25T21:46:13.717Z","ask"
"0.781","1296","2024-05-25T21:46:13.717Z","ask"
"0.7811","19.2","2024-05-25T21:46:13.717Z","ask"
"0.7814","84.5","2024-05-25T21:46:13.717Z","ask"
"0.7817","3.9","2024-05-25T21:46:13.717Z","ask"
"0.7818","55","2024-05-25T21:46:13.717Z","ask"
"0.7819","821.5","2024-05-25T21:46:13.717Z","ask"
"0.7822","2717.8","2024-05-25T21:46:13.717Z","ask"
"0.7824","67.5","2024-05-25T21:46:13.717Z","ask"
"0.7825","4.9","2024-05-25T21:46:13.717Z","ask"
"0.7827","1","2024-05-25T21:46:13.717Z","ask"
"0.783","1284.1","2024-05-25T21:46:13.717Z","ask"
"0.7831","33.5","2024-05-25T21:46:13.717Z","ask"
"0.7832","679.3","2024-05-25T21:46:13.717Z","ask"
"0.7834","27","2024-05-25T21:46:13.717Z","ask"
"0.7837","8.9","2024-05-25T21:46:13.717Z","ask"
"0.7838","128.4","2024-05-25T21:46:13.717Z","ask"
"0.7839","25","2024-05-25T21:46:13.717Z","ask"
"0.7843","5.9","2024-05-25T21:46:13.717Z","ask"
"0.7844","8508.2","2024-05-25T21:46:13.717Z","ask"
"0.785","1471.1","2024-05-25T21:46:13.717Z","ask"
"0.7851","1813.4","2024-05-25T21:46:13.717Z","ask"
"0.7852","72.5","2024-05-25T21:46:13.717Z","ask"
"0.7858","54.6","2024-05-25T21:46:13.717Z","ask"
"0.786","25.6","2024-05-25T21:46:13.717Z","ask"
"0.7864","28.5","2024-05-25T21:46:13.717Z","ask"
"0.7866","300","2024-05-25T21:46:13.717Z","ask"
"0.7868","302.5","2024-05-25T21:46:13.717Z","ask"
"0.7869","600","2024-05-25T21:46:13.717Z","ask"
"0.7871","554.2","2024-05-25T21:46:13.717Z","ask"
"0.7872","1","2024-05-25T21:46:13.717Z","ask"
"0.7873","71.2","2024-05-25T21:46:13.717Z","ask"
"0.7874","110.7","2024-05-25T21:46:13.717Z","ask"
"0.7875","1235.1","2024-05-25T21:46:13.717Z","ask"
"0.7876","316.9","2024-05-25T21:46:13.717Z","ask"
"0.7877","350","2024-05-25T21:46:13.717Z","ask"
"0.7879","235.1","2024-05-25T21:46:13.717Z","ask"
"0.788","58421.3","2024-05-25T21:46:13.717Z","ask"
"0.7881","18.3","2024-05-25T21:46:13.717Z","ask"
"0.7883","14.4","2024-05-25T21:46:13.717Z","ask"
"0.7885","405.2","2024-05-25T21:46:13.717Z","ask"
"0.789","198.7","2024-05-25T21:46:13.717Z","ask"
"0.7891","0.3","2024-05-25T21:46:13.717Z","ask"
"0.7892","31","2024-05-25T21:46:13.717Z","ask"
"0.7896","10127.4","2024-05-25T21:46:13.717Z","ask"
"0.7898","8.8","2024-05-25T21:46:13.717Z","ask"
"0.7899","337.2","2024-05-25T21:46:13.717Z","ask"
"0.79","5922.7","2024-05-25T21:46:13.717Z","ask"
"0.7901","34","2024-05-25T21:46:13.717Z","ask"
"0.7902","275.3","2024-05-25T21:46:13.717Z","ask"
"0.7903","3.9","2024-05-25T21:46:13.717Z","ask"
"0.7904","139.1","2024-05-25T21:46:13.717Z","ask"
"0.7905","3.6","2024-05-25T21:46:13.717Z","ask"
"0.791","1724.5","2024-05-25T21:46:13.717Z","ask"
"0.7912","14.6","2024-05-25T21:46:13.717Z","ask"
"0.7913","5.9","2024-05-25T21:46:13.717Z","ask"
"0.7914","22.4","2024-05-25T21:46:13.717Z","ask"
"0.7917","312.7","2024-05-25T21:46:13.717Z","ask"
"0.7918","26.7","2024-05-25T21:46:13.717Z","ask"
"0.792","25650","2024-05-25T21:46:13.717Z","ask"
"0.7922","354.7","2024-05-25T21:46:13.717Z","ask"
"0.7924","31.9","2024-05-25T21:46:13.717Z","ask"
"0.7927","10.4","2024-05-25T21:46:13.717Z","ask"
"0.7929","18.9","2024-05-25T21:46:13.717Z","ask"
"0.7934","84.5","2024-05-25T21:46:13.717Z","ask"
"0.794","59833.3","2024-05-25T21:46:13.717Z","ask"
"0.795","133","2024-05-25T21:46:13.717Z","ask"
"0.7951","68.3","2024-05-25T21:46:13.717Z","ask"
"0.7953","4.9","2024-05-25T21:46:13.717Z","ask"
"0.7954","126.4","2024-05-25T21:46:13.717Z","ask"
"0.796","260.6","2024-05-25T21:46:13.717Z","ask"
"0.7961","26.7","2024-05-25T21:46:13.717Z","ask"
"0.7962","3195.5","2024-05-25T21:46:13.717Z","ask"
"0.7966","250","2024-05-25T21:46:13.717Z","ask"
"0.7967","13.4","2024-05-25T21:46:13.717Z","ask"
"0.7968","18.5","2024-05-25T21:46:13.717Z","ask"
"0.7969","71.4","2024-05-25T21:46:13.717Z","ask"
"0.797","104","2024-05-25T21:46:13.717Z","ask"
"0.7971","0.1","2024-05-25T21:46:13.717Z","ask"
"0.7975","18215.3","2024-05-25T21:46:13.717Z","ask"
"0.7981","115","2024-05-25T21:46:13.717Z","ask"
"0.7984","1266.1","2024-05-25T21:46:13.717Z","ask"
"0.7985","216.7","2024-05-25T21:46:13.717Z","ask"
"0.7987","297.6","2024-05-25T21:46:13.717Z","ask"
"0.7988","71.2","2024-05-25T21:46:13.717Z","ask"
"0.7989","32.8","2024-05-25T21:46:13.717Z","ask"
"0.799","226","2024-05-25T21:46:13.717Z","ask"
"0.7994","53.6","2024-05-25T21:46:13.717Z","ask"
"0.7996","4.9","2024-05-25T21:46:13.717Z","ask"
"0.7998","18.9","2024-05-25T21:46:13.717Z","ask"
"0.8","46823.1","2024-05-25T21:46:13.717Z","ask"
"0.8001","63.4","2024-05-25T21:46:13.717Z","ask"
"0.8003","525.3","2024-05-25T21:46:13.717Z","ask"
"0.8006","0.6","2024-05-25T21:46:13.717Z","ask"
"0.8011","344.3","2024-05-25T21:46:13.717Z","ask"
"0.8013","136.7","2024-05-25T21:46:13.717Z","ask"
"0.802","868","2024-05-25T21:46:13.717Z","ask"
"0.8023","8.7","2024-05-25T21:46:13.717Z","ask"
"0.8024","25","2024-05-25T21:46:13.717Z","ask"
"0.8025","124.6","2024-05-25T21:46:13.717Z","ask"
"0.8026","14.4","2024-05-25T21:46:13.717Z","ask"
"0.8029","545.1","2024-05-25T21:46:13.717Z","ask"
"0.803","18725","2024-05-25T21:46:13.717Z","ask"
"0.8033","108.5","2024-05-25T21:46:13.717Z","ask"
"0.8034","408.1","2024-05-25T21:46:13.717Z","ask"
"0.8036","19.2","2024-05-25T21:46:13.717Z","ask"
"0.8038","112.3","2024-05-25T21:46:13.717Z","ask"
"0.804","12767.3","2024-05-25T21:46:13.717Z","ask"
"0.8041","152.3","2024-05-25T21:46:13.717Z","ask"
"0.8045","18.7","2024-05-25T21:46:13.717Z","ask"
"0.8046","26.3","2024-05-25T21:46:13.717Z","ask"
"0.8047","344","2024-05-25T21:46:13.717Z","ask"
"0.8048","18.6","2024-05-25T21:46:13.717Z","ask"
"0.8049","1373.6","2024-05-25T21:46:13.717Z","ask"
"0.8055","5","2024-05-25T21:46:13.717Z","ask"
"0.8056","84.5","2024-05-25T21:46:13.717Z","ask"
"0.8057","5.8","2024-05-25T21:46:13.717Z","ask"
"0.8059","85.4","2024-05-25T21:46:13.717Z","ask"
"0.806","6203.4","2024-05-25T21:46:13.717Z","ask"
"0.8061","27.8","2024-05-25T21:46:13.717Z","ask"
"0.8063","311.4","2024-05-25T21:46:13.717Z","ask"
"0.8069","14.1","2024-05-25T21:46:13.717Z","ask"
"0.8071","432.1","2024-05-25T21:46:13.717Z","ask"
"0.8072","233.6","2024-05-25T21:46:13.717Z","ask"
"0.8075","19.1","2024-05-25T21:46:13.717Z","ask"
"0.8076","30.3","2024-05-25T21:46:13.717Z","ask"
"0.8078","257.7","2024-05-25T21:46:13.717Z","ask"
"0.808","92.6","2024-05-25T21:46:13.717Z","ask"
"0.8081","4.9","2024-05-25T21:46:13.717Z","ask"
"0.8086","8.6","2024-05-25T21:46:13.717Z","ask"
"0.8087","39.7","2024-05-25T21:46:13.717Z","ask"
"0.8089","369.3","2024-05-25T21:46:13.717Z","ask"
"0.809","89.9","2024-05-25T21:46:13.717Z","ask"
"0.8092","5898","2024-05-25T21:46:13.717Z","ask"
"0.8094","7.2","2024-05-25T21:46:13.717Z","ask"
"0.8097","33.1","2024-05-25T21:46:13.717Z","ask"
"0.8098","3.8","2024-05-25T21:46:13.717Z","ask"
"0.81","14324.3","2024-05-25T21:46:13.717Z","ask"
"0.8106","71.2","2024-05-25T21:46:13.717Z","ask"
"0.8107","58.7","2024-05-25T21:46:13.717Z","ask"
"0.8108","297.6","2024-05-25T21:46:13.717Z","ask"
"0.811","4483.9","2024-05-25T21:46:13.717Z","ask"
"0.8111","21.8","2024-05-25T21:46:13.717Z","ask"
"0.8112","300","2024-05-25T21:46:13.717Z","ask"
"0.8116","20.5","2024-05-25T21:46:13.717Z","ask"
"0.812","1845.9","2024-05-25T21:46:13.717Z","ask"
"0.8123","4.9","2024-05-25T21:46:13.717Z","ask"
"0.8129","5.7","2024-05-25T21:46:13.717Z","ask"
"0.8132","185.4","2024-05-25T21:46:13.717Z","ask"
"0.8133","78.7","2024-05-25T21:46:13.717Z","ask"
"0.8138","3.1","2024-05-25T21:46:13.717Z","ask"
"0.8139","44.6","2024-05-25T21:46:13.717Z","ask"
"0.8141","629.3","2024-05-25T21:46:13.717Z","ask"
"0.8147","24.5","2024-05-25T21:46:13.717Z","ask"
"0.8149","58.4","2024-05-25T21:46:13.717Z","ask"
"0.8156","19","2024-05-25T21:46:13.717Z","ask"
"0.8161","67.4","2024-05-25T21:46:13.717Z","ask"
"0.8164","236.6","2024-05-25T21:46:13.717Z","ask"
"0.8166","4.9","2024-05-25T21:46:13.717Z","ask"
"0.8168","14.4","2024-05-25T21:46:13.717Z","ask"
"0.8169","29.9","2024-05-25T21:46:13.717Z","ask"
"0.817","991.4","2024-05-25T21:46:13.717Z","ask"
"0.8171","18.4","2024-05-25T21:46:13.717Z","ask"
"0.8176","25.9","2024-05-25T21:46:13.717Z","ask"
"0.8178","67.5","2024-05-25T21:46:13.717Z","ask"
"0.818","250","2024-05-25T21:46:13.717Z","ask"
"0.8182","25","2024-05-25T21:46:13.717Z","ask"
"0.8184","25.2","2024-05-25T21:46:13.717Z","ask"
"0.8191","87","2024-05-25T21:46:13.717Z","ask"
"0.8192","122.8","2024-05-25T21:46:13.717Z","ask"
"0.8194","1036.1","2024-05-25T21:46:13.717Z","ask"
"0.8197","106.3","2024-05-25T21:46:13.717Z","ask"
"0.8198","378.7","2024-05-25T21:46:13.717Z","ask"
"0.8199","61.9","2024-05-25T21:46:13.717Z","ask"
"0.82","9081.1","2024-05-25T21:46:13.717Z","ask"
"0.8202","5.7","2024-05-25T21:46:13.717Z","ask"
"0.8204","105.2","2024-05-25T21:46:13.717Z","ask"
"0.821","69.3","2024-05-25T21:46:13.717Z","ask"
"0.8213","8.5","2024-05-25T21:46:13.717Z","ask"
"0.8214","25","2024-05-25T21:46:13.717Z","ask"
"0.8216","176.2","2024-05-25T21:46:13.717Z","ask"
"0.8219","1.9","2024-05-25T21:46:13.717Z","ask"
"0.822","30.7","2024-05-25T21:46:13.717Z","ask"
"0.8222","949","2024-05-25T21:46:13.717Z","ask"
"0.8225","71.2","2024-05-25T21:46:13.717Z","ask"
"0.8226","1","2024-05-25T21:46:13.717Z","ask"
"0.823","813.8","2024-05-25T21:46:13.717Z","ask"
"0.8231","41.9","2024-05-25T21:46:13.717Z","ask"
"0.8233","122.2","2024-05-25T21:46:13.717Z","ask"
"0.8238","18.8","2024-05-25T21:46:13.717Z","ask"
"0.824","88","2024-05-25T21:46:13.717Z","ask"
"0.8241","17.5","2024-05-25T21:46:13.717Z","ask"
"0.8245","30.3","2024-05-25T21:46:13.717Z","ask"
"0.825","102480.1","2024-05-25T21:46:13.717Z","ask"
"0.8253","129.4","2024-05-25T21:46:13.717Z","ask"
"0.8257","189.6","2024-05-25T21:46:13.717Z","ask"
"0.8262","694.6","2024-05-25T21:46:13.717Z","ask"
"0.8263","36512.3","2024-05-25T21:46:13.717Z","ask"
"0.8264","29.6","2024-05-25T21:46:13.717Z","ask"
"0.8265","25.6","2024-05-25T21:46:13.717Z","ask"
"0.8272","252.9","2024-05-25T21:46:13.717Z","ask"
"0.8273","31.7","2024-05-25T21:46:13.717Z","ask"
"0.8274","51.8","2024-05-25T21:46:13.717Z","ask"
"0.8275","7999.4","2024-05-25T21:46:13.717Z","ask"
"0.8276","5.6","2024-05-25T21:46:13.717Z","ask"
"0.8277","8.4","2024-05-25T21:46:13.717Z","ask"
"0.8278","30.1","2024-05-25T21:46:13.717Z","ask"
"0.828","18.7","2024-05-25T21:46:13.717Z","ask"
"0.8286","523.9","2024-05-25T21:46:13.717Z","ask"
"0.8289","0.8","2024-05-25T21:46:13.717Z","ask"
"0.8295","18","2024-05-25T21:46:13.717Z","ask"
"0.8297","3013","2024-05-25T21:46:13.717Z","ask"
"0.83","17696.1","2024-05-25T21:46:13.717Z","ask"
"0.8301","67.5","2024-05-25T21:46:13.717Z","ask"
"0.8303","210.7","2024-05-25T21:46:13.717Z","ask"
"0.8305","80.4","2024-05-25T21:46:13.717Z","ask"
"0.8308","110.1","2024-05-25T21:46:13.717Z","ask"
"0.831","500","2024-05-25T21:46:13.717Z","ask"
"0.8311","14.4","2024-05-25T21:46:13.717Z","ask"
"0.8313","52.8","2024-05-25T21:46:13.717Z","ask"
"0.8314","121","2024-05-25T21:46:13.717Z","ask"
"0.8321","18.6","2024-05-25T21:46:13.717Z","ask"
"0.8328","87.1","2024-05-25T21:46:13.717Z","ask"
"0.833","39097","2024-05-25T21:46:13.717Z","ask"
"0.8333","68.3","2024-05-25T21:46:13.717Z","ask"
"0.8334","17.3","2024-05-25T21:46:13.717Z","ask"
"0.8335","6.3","2024-05-25T21:46:13.717Z","ask"
"0.8342","8.3","2024-05-25T21:46:13.717Z","ask"
"0.8347","71.2","2024-05-25T21:46:13.717Z","ask"
"0.835","290.2","2024-05-25T21:46:13.717Z","ask"
"0.8351","5.6","2024-05-25T21:46:13.717Z","ask"
"0.8353","297.6","2024-05-25T21:46:13.717Z","ask"
"0.8354","25.3","2024-05-25T21:46:13.717Z","ask"
"0.8355","31.4","2024-05-25T21:46:13.717Z","ask"
"0.8359","149","2024-05-25T21:46:13.717Z","ask"
"0.836","230325.2","2024-05-25T21:46:13.717Z","ask"
"0.8363","122.7","2024-05-25T21:46:13.717Z","ask"
"0.8368","4707.1","2024-05-25T21:46:13.717Z","ask"
"0.8371","0.1","2024-05-25T21:46:13.717Z","ask"
"0.8374","103.1","2024-05-25T21:46:13.717Z","ask"
"0.8375","120.1","2024-05-25T21:46:13.717Z","ask"
"0.8376","497.4","2024-05-25T21:46:13.717Z","ask"
"0.8387","9.8","2024-05-25T21:46:13.717Z","ask"
"0.8395","194.2","2024-05-25T21:46:13.717Z","ask"
"0.8397","63.4","2024-05-25T21:46:13.717Z","ask"
"0.8398","25.2","2024-05-25T21:46:13.717Z","ask"
"0.84","13179.5","2024-05-25T21:46:13.717Z","ask"
"0.8402","108","2024-05-25T21:46:13.717Z","ask"
"0.8403","60.4","2024-05-25T21:46:13.717Z","ask"
"0.8404","18.4","2024-05-25T21:46:13.717Z","ask"
"0.8408","33.3","2024-05-25T21:46:13.717Z","ask"
"0.8416","1.7","2024-05-25T21:46:13.717Z","ask"
"0.8418","137.1","2024-05-25T21:46:13.717Z","ask"
"0.842","3","2024-05-25T21:46:13.717Z","ask"
"0.8421","2985.1","2024-05-25T21:46:13.717Z","ask"
"0.8424","67.5","2024-05-25T21:46:13.717Z","ask"
"0.8426","22.6","2024-05-25T21:46:13.717Z","ask"
"0.8431","200","2024-05-25T21:46:13.717Z","ask"
"0.8437","119.2","2024-05-25T21:46:13.717Z","ask"
"0.8439","31.1","2024-05-25T21:46:13.717Z","ask"
"0.844","24153.1","2024-05-25T21:46:13.717Z","ask"
"0.8443","25.1","2024-05-25T21:46:13.717Z","ask"
"0.8447","18.3","2024-05-25T21:46:13.717Z","ask"
"0.845","823","2024-05-25T21:46:13.717Z","ask"
"0.8452","59.1","2024-05-25T21:46:13.717Z","ask"
"0.8453","14.4","2024-05-25T21:46:13.717Z","ask"
"0.8455","1255.4","2024-05-25T21:46:13.717Z","ask"
"0.8457","4123.2","2024-05-25T21:46:13.717Z","ask"
"0.8458","67.3","2024-05-25T21:46:13.717Z","ask"
"0.846","1448.1","2024-05-25T21:46:13.717Z","ask"
"0.8466","54.5","2024-05-25T21:46:13.717Z","ask"
"0.8469","26.5","2024-05-25T21:46:13.717Z","ask"
"0.847","37.5","2024-05-25T21:46:13.717Z","ask"
"0.8471","0.1","2024-05-25T21:46:13.717Z","ask"
"0.8474","8.2","2024-05-25T21:46:13.717Z","ask"
"0.848","7508.5","2024-05-25T21:46:13.717Z","ask"
"0.8481","30.9","2024-05-25T21:46:13.717Z","ask"
"0.8482","105","2024-05-25T21:46:13.717Z","ask"
"0.8488","43.1","2024-05-25T21:46:13.717Z","ask"
"0.849","13480","2024-05-25T21:46:13.717Z","ask"
"0.8493","1373","2024-05-25T21:46:13.717Z","ask"
"0.8494","22450","2024-05-25T21:46:13.717Z","ask"
"0.8499","118.3","2024-05-25T21:46:13.717Z","ask"
"0.85","71141","2024-05-25T21:46:13.717Z","ask"
"0.8501","5.5","2024-05-25T21:46:13.717Z","ask"
"0.8506","31.5","2024-05-25T21:46:13.717Z","ask"
"0.8509","54.2","2024-05-25T21:46:13.717Z","ask"
"0.851","380.2","2024-05-25T21:46:13.717Z","ask"
"0.852","20.8","2024-05-25T21:46:13.717Z","ask"
"0.8521","17","2024-05-25T21:46:13.717Z","ask"
"0.8523","30.8","2024-05-25T21:46:13.717Z","ask"
"0.8525","3336.8","2024-05-25T21:46:13.717Z","ask"
"0.8529","207.5","2024-05-25T21:46:13.717Z","ask"
"0.8531","18.1","2024-05-25T21:46:13.717Z","ask"
"0.8533","102.1","2024-05-25T21:46:13.717Z","ask"
"0.8534","24.8","2024-05-25T21:46:13.717Z","ask"
"0.8535","38.9","2024-05-25T21:46:13.717Z","ask"
"0.854","8.1","2024-05-25T21:46:13.717Z","ask"
"0.8544","3.6","2024-05-25T21:46:13.717Z","ask"
"0.8545","178.1","2024-05-25T21:46:13.717Z","ask"
"0.8546","101","2024-05-25T21:46:13.717Z","ask"
"0.855","67.5","2024-05-25T21:46:13.717Z","ask"
"0.8551","53.9","2024-05-25T21:46:13.717Z","ask"
"0.8552","12763.8","2024-05-25T21:46:13.717Z","ask"
"0.8553","19.9","2024-05-25T21:46:13.717Z","ask"
"0.8555","28.6","2024-05-25T21:46:13.717Z","ask"
"0.856","93.2","2024-05-25T21:46:13.717Z","ask"
"0.8562","4117.3","2024-05-25T21:46:13.717Z","ask"
"0.8563","50.1","2024-05-25T21:46:13.717Z","ask"
"0.8564","2.9","2024-05-25T21:46:13.717Z","ask"
"0.8565","30.6","2024-05-25T21:46:13.717Z","ask"
"0.8571","0.1","2024-05-25T21:46:13.717Z","ask"
"0.8574","18","2024-05-25T21:46:13.717Z","ask"
"0.8577","5.4","2024-05-25T21:46:13.717Z","ask"
"0.858","24.7","2024-05-25T21:46:13.717Z","ask"
"0.8584","66.3","2024-05-25T21:46:13.717Z","ask"
"0.8591","43.1","2024-05-25T21:46:13.717Z","ask"
"0.8594","53.7","2024-05-25T21:46:13.717Z","ask"
"0.8596","14.4","2024-05-25T21:46:13.717Z","ask"
"0.8599","6.1","2024-05-25T21:46:13.717Z","ask"
"0.86","3557.2","2024-05-25T21:46:13.717Z","ask"
"0.8601","84.4","2024-05-25T21:46:13.717Z","ask"
"0.8606","25","2024-05-25T21:46:13.717Z","ask"
"0.8607","8.1","2024-05-25T21:46:13.717Z","ask"
"0.8609","30.5","2024-05-25T21:46:13.717Z","ask"
"0.8612","58.9","2024-05-25T21:46:13.717Z","ask"
"0.8617","34.7","2024-05-25T21:46:13.717Z","ask"
"0.8625","116.6","2024-05-25T21:46:13.717Z","ask"
"0.8626","24.5","2024-05-25T21:46:13.717Z","ask"
"0.8631","0.1","2024-05-25T21:46:13.717Z","ask"
"0.8634","1710.4","2024-05-25T21:46:13.717Z","ask"
"0.8637","53.4","2024-05-25T21:46:13.717Z","ask"
"0.8646","19.7","2024-05-25T21:46:13.717Z","ask"
"0.8647","2433.3","2024-05-25T21:46:13.717Z","ask"
"0.865","1800.7","2024-05-25T21:46:13.717Z","ask"
"0.8652","30.3","2024-05-25T21:46:13.717Z","ask"
"0.8654","28.2","2024-05-25T21:46:13.717Z","ask"
"0.8655","37.6","2024-05-25T21:46:13.717Z","ask"
"0.8656","342.8","2024-05-25T21:46:13.717Z","ask"
"0.866","17.9","2024-05-25T21:46:13.717Z","ask"
"0.8671","0.2","2024-05-25T21:46:13.717Z","ask"
"0.8672","24.4","2024-05-25T21:46:13.717Z","ask"
"0.8675","8","2024-05-25T21:46:13.717Z","ask"
"0.868","53.1","2024-05-25T21:46:13.717Z","ask"
"0.8681","25.8","2024-05-25T21:46:13.717Z","ask"
"0.8685","23.7","2024-05-25T21:46:13.717Z","ask"
"0.8686","479.6","2024-05-25T21:46:13.717Z","ask"
"0.8688","11.2","2024-05-25T21:46:13.717Z","ask"
"0.8689","115.7","2024-05-25T21:46:13.717Z","ask"
"0.8691","0.1","2024-05-25T21:46:13.717Z","ask"
"0.8694","83.4","2024-05-25T21:46:13.717Z","ask"
"0.8695","30.2","2024-05-25T21:46:13.717Z","ask"
"0.8699","455.3","2024-05-25T21:46:13.717Z","ask"
"0.87","14078.7","2024-05-25T21:46:13.717Z","ask"
"0.8703","17.8","2024-05-25T21:46:13.717Z","ask"
"0.8706","100.1","2024-05-25T21:46:13.717Z","ask"
"0.8708","9.5","2024-05-25T21:46:13.717Z","ask"
"0.8711","2.9","2024-05-25T21:46:13.718Z","ask"
"0.8712","49.2","2024-05-25T21:46:13.718Z","ask"
"0.8713","65.3","2024-05-25T21:46:13.718Z","ask"
"0.8714","16.6","2024-05-25T21:46:13.718Z","ask"
"0.8717","1000.5","2024-05-25T21:46:13.718Z","ask"
"0.8718","30.8","2024-05-25T21:46:13.718Z","ask"
"0.8719","24.3","2024-05-25T21:46:13.718Z","ask"
"0.8722","99","2024-05-25T21:46:13.718Z","ask"
"0.8723","52.9","2024-05-25T21:46:13.718Z","ask"
"0.8727","429","2024-05-25T21:46:13.718Z","ask"
"0.8731","20.3","2024-05-25T21:46:13.718Z","ask"
"0.8732","5.3","2024-05-25T21:46:13.718Z","ask"
"0.8738","14.4","2024-05-25T21:46:13.718Z","ask"
"0.8739","37.5","2024-05-25T21:46:13.718Z","ask"
"0.8741","19.5","2024-05-25T21:46:13.718Z","ask"
"0.8743","8","2024-05-25T21:46:13.718Z","ask"
"0.8747","17.7","2024-05-25T21:46:13.718Z","ask"
"0.875","200","2024-05-25T21:46:13.718Z","ask"
"0.8751","0.1","2024-05-25T21:46:13.718Z","ask"
"0.8753","114.9","2024-05-25T21:46:13.718Z","ask"
"0.8755","330.7","2024-05-25T21:46:13.718Z","ask"
"0.8757","38","2024-05-25T21:46:13.718Z","ask"
"0.876","164.8","2024-05-25T21:46:13.718Z","ask"
"0.8765","24.2","2024-05-25T21:46:13.718Z","ask"
"0.8768","52.6","2024-05-25T21:46:13.718Z","ask"
"0.8771","0.2","2024-05-25T21:46:13.718Z","ask"
"0.8782","29.9","2024-05-25T21:46:13.718Z","ask"
"0.8789","82.5","2024-05-25T21:46:13.718Z","ask"
"0.879","1600.6","2024-05-25T21:46:13.718Z","ask"
"0.8791","0.1","2024-05-25T21:46:13.718Z","ask"
"0.88","267659.6","2024-05-25T21:46:13.718Z","ask"
"0.881","30.3","2024-05-25T21:46:13.718Z","ask"
"0.8811","7.9","2024-05-25T21:46:13.718Z","ask"
"0.8812","69","2024-05-25T21:46:13.718Z","ask"
"0.8813","24","2024-05-25T21:46:13.718Z","ask"
"0.882","791","2024-05-25T21:46:13.718Z","ask"
"0.8825","57.5","2024-05-25T21:46:13.718Z","ask"
"0.8826","29.7","2024-05-25T21:46:13.718Z","ask"
"0.8835","17.5","2024-05-25T21:46:13.718Z","ask"
"0.8837","236.1","2024-05-25T21:46:13.718Z","ask"
"0.884","1020","2024-05-25T21:46:13.718Z","ask"
"0.8843","64.4","2024-05-25T21:46:13.718Z","ask"
"0.8845","100","2024-05-25T21:46:13.718Z","ask"
"0.885","100","2024-05-25T21:46:13.718Z","ask"
"0.8855","5","2024-05-25T21:46:13.718Z","ask"
"0.8856","79.7","2024-05-25T21:46:13.718Z","ask"
"0.8859","48.4","2024-05-25T21:46:13.718Z","ask"
"0.886","26.8","2024-05-25T21:46:13.718Z","ask"
"0.887","29.6","2024-05-25T21:46:13.718Z","ask"
"0.8871","0.1","2024-05-25T21:46:13.718Z","ask"
"0.8873","71.5","2024-05-25T21:46:13.718Z","ask"
"0.8878","17.4","2024-05-25T21:46:13.718Z","ask"
"0.888","8689.9","2024-05-25T21:46:13.718Z","ask"
"0.8881","22.2","2024-05-25T21:46:13.718Z","ask"
"0.8882","98.1","2024-05-25T21:46:13.718Z","ask"
"0.8884","81.6","2024-05-25T21:46:13.718Z","ask"
"0.8887","161.9","2024-05-25T21:46:13.718Z","ask"
"0.8888","25893.1","2024-05-25T21:46:13.718Z","ask"
"0.8889","5.2","2024-05-25T21:46:13.718Z","ask"
"0.8892","1.2","2024-05-25T21:46:13.718Z","ask"
"0.8895","1.2","2024-05-25T21:46:13.718Z","ask"
"0.8898","25.2","2024-05-25T21:46:13.718Z","ask"
"0.89","14420.3","2024-05-25T21:46:13.718Z","ask"
"0.8901","51.8","2024-05-25T21:46:13.718Z","ask"
"0.8902","97","2024-05-25T21:46:13.718Z","ask"
"0.8908","23.8","2024-05-25T21:46:13.718Z","ask"
"0.891","296.2","2024-05-25T21:46:13.718Z","ask"
"0.8911","16.2","2024-05-25T21:46:13.718Z","ask"
"0.8913","1045.2","2024-05-25T21:46:13.718Z","ask"
"0.8914","29.4","2024-05-25T21:46:13.718Z","ask"
"0.8923","17.3","2024-05-25T21:46:13.718Z","ask"
"0.8932","609.6","2024-05-25T21:46:13.718Z","ask"
"0.8934","19.1","2024-05-25T21:46:13.718Z","ask"
"0.8935","1171.3","2024-05-25T21:46:13.718Z","ask"
"0.894","312.1","2024-05-25T21:46:13.718Z","ask"
"0.8943","23.1","2024-05-25T21:46:13.718Z","ask"
"0.8945","53.2","2024-05-25T21:46:13.718Z","ask"
"0.8948","19.8","2024-05-25T21:46:13.718Z","ask"
"0.8949","149","2024-05-25T21:46:13.718Z","ask"
"0.895","524.9","2024-05-25T21:46:13.718Z","ask"
"0.8951","0.1","2024-05-25T21:46:13.718Z","ask"
"0.8956","23.6","2024-05-25T21:46:13.718Z","ask"
"0.8957","1.2","2024-05-25T21:46:13.718Z","ask"
"0.8958","29.3","2024-05-25T21:46:13.718Z","ask"
"0.8959","50.3","2024-05-25T21:46:13.718Z","ask"
"0.8968","17.2","2024-05-25T21:46:13.718Z","ask"
"0.897","228.8","2024-05-25T21:46:13.718Z","ask"
"0.8971","0.2","2024-05-25T21:46:13.718Z","ask"
"0.8976","63.4","2024-05-25T21:46:13.718Z","ask"
"0.8979","80.8","2024-05-25T21:46:13.718Z","ask"
"0.8984","124.8","2024-05-25T21:46:13.718Z","ask"
"0.8988","50000","2024-05-25T21:46:13.718Z","ask"
"0.899","51.3","2024-05-25T21:46:13.718Z","ask"
"0.8996","463.1","2024-05-25T21:46:13.718Z","ask"
"0.8998","977","2024-05-25T21:46:13.718Z","ask"
"0.8999","6395","2024-05-25T21:46:13.718Z","ask"
"0.9","104988.3","2024-05-25T21:46:13.718Z","ask"
"0.9003","52.6","2024-05-25T21:46:13.718Z","ask"
"0.9008","189.6","2024-05-25T21:46:13.718Z","ask"
"0.901","63.6","2024-05-25T21:46:13.718Z","ask"
"0.9012","20","2024-05-25T21:46:13.718Z","ask"
"0.9018","25","2024-05-25T21:46:13.718Z","ask"
"0.902","1047.7","2024-05-25T21:46:13.718Z","ask"
"0.9023","14.4","2024-05-25T21:46:13.718Z","ask"
"0.9025","11.2","2024-05-25T21:46:13.718Z","ask"
"0.9028","252.9","2024-05-25T21:46:13.718Z","ask"
"0.9031","18.8","2024-05-25T21:46:13.718Z","ask"
"0.9034","51","2024-05-25T21:46:13.718Z","ask"
"0.9035","3.2","2024-05-25T21:46:13.718Z","ask"
"0.904","9.1","2024-05-25T21:46:13.718Z","ask"
"0.9045","56.1","2024-05-25T21:46:13.718Z","ask"
"0.9046","22.8","2024-05-25T21:46:13.718Z","ask"
"0.9049","29","2024-05-25T21:46:13.718Z","ask"
"0.905","11248.1","2024-05-25T21:46:13.718Z","ask"
"0.9052","23.4","2024-05-25T21:46:13.718Z","ask"
"0.9058","17.1","2024-05-25T21:46:13.718Z","ask"
"0.906","29441.4","2024-05-25T21:46:13.718Z","ask"
"0.9062","123.2","2024-05-25T21:46:13.718Z","ask"
"0.9076","79.9","2024-05-25T21:46:13.718Z","ask"
"0.9077","794.7","2024-05-25T21:46:13.718Z","ask"
"0.908","50.8","2024-05-25T21:46:13.718Z","ask"
"0.9085","95","2024-05-25T21:46:13.718Z","ask"
"0.909","8620","2024-05-25T21:46:13.718Z","ask"
"0.9091","7.6","2024-05-25T21:46:13.718Z","ask"
"0.9093","28.8","2024-05-25T21:46:13.718Z","ask"
"0.9094","1080.1","2024-05-25T21:46:13.718Z","ask"
"0.9098","2.3","2024-05-25T21:46:13.718Z","ask"
"0.91","3150","2024-05-25T21:46:13.718Z","ask"
"0.9101","23.3","2024-05-25T21:46:13.718Z","ask"
"0.9103","17","2024-05-25T21:46:13.718Z","ask"
"0.9105","12.4","2024-05-25T21:46:13.718Z","ask"
"0.9107","7.1","2024-05-25T21:46:13.718Z","ask"
"0.911","62.5","2024-05-25T21:46:13.718Z","ask"
"0.9111","15.9","2024-05-25T21:46:13.718Z","ask"
"0.9121","24.6","2024-05-25T21:46:13.718Z","ask"
"0.9122","5.8","2024-05-25T21:46:13.718Z","ask"
"0.9125","1.6","2024-05-25T21:46:13.718Z","ask"
"0.9126","10050.5","2024-05-25T21:46:13.718Z","ask"
"0.913","18.6","2024-05-25T21:46:13.718Z","ask"
"0.9132","5.1","2024-05-25T21:46:13.718Z","ask"
"0.9133","41.4","2024-05-25T21:46:13.718Z","ask"
"0.9139","28.7","2024-05-25T21:46:13.718Z","ask"
"0.9149","40","2024-05-25T21:46:13.718Z","ask"
"0.915","201.5","2024-05-25T21:46:13.718Z","ask"
"0.9158","458.8","2024-05-25T21:46:13.718Z","ask"
"0.9162","64.8","2024-05-25T21:46:13.718Z","ask"
"0.9163","46.8","2024-05-25T21:46:13.718Z","ask"
"0.9166","14.4","2024-05-25T21:46:13.718Z","ask"
"0.9167","29.3","2024-05-25T21:46:13.718Z","ask"
"0.9168","26.5","2024-05-25T21:46:13.718Z","ask"
"0.917","19.3","2024-05-25T21:46:13.718Z","ask"
"0.9171","50.4","2024-05-25T21:46:13.718Z","ask"
"0.9175","79","2024-05-25T21:46:13.718Z","ask"
"0.918","513.3","2024-05-25T21:46:13.718Z","ask"
"0.9183","1107.1","2024-05-25T21:46:13.718Z","ask"
"0.9184","28.5","2024-05-25T21:46:13.718Z","ask"
"0.9185","2.3","2024-05-25T21:46:13.718Z","ask"
"0.919","218.2","2024-05-25T21:46:13.718Z","ask"
"0.9195","16.8","2024-05-25T21:46:13.718Z","ask"
"0.9197","7.5","2024-05-25T21:46:13.718Z","ask"
"0.9199","23","2024-05-25T21:46:13.718Z","ask"
"0.92","7685.2","2024-05-25T21:46:13.718Z","ask"
"0.9205","48.1","2024-05-25T21:46:13.718Z","ask"
"0.921","197125.3","2024-05-25T21:46:13.718Z","ask"
"0.9212","9","2024-05-25T21:46:13.718Z","ask"
"0.9213","15.7","2024-05-25T21:46:13.718Z","ask"
"0.9214","5","2024-05-25T21:46:13.718Z","ask"
"0.9218","50","2024-05-25T21:46:13.718Z","ask"
"0.9219","3813.1","2024-05-25T21:46:13.718Z","ask"
"0.922","50","2024-05-25T21:46:13.718Z","ask"
"0.9229","555","2024-05-25T21:46:13.718Z","ask"
"0.923","18.4","2024-05-25T21:46:13.718Z","ask"
"0.9231","53.4","2024-05-25T21:46:13.718Z","ask"
"0.9234","7.5","2024-05-25T21:46:13.718Z","ask"
"0.924","16.7","2024-05-25T21:46:13.718Z","ask"
"0.9244","155.7","2024-05-25T21:46:13.718Z","ask"
"0.9246","94.2","2024-05-25T21:46:13.718Z","ask"
"0.9247","84.5","2024-05-25T21:46:13.718Z","ask"
"0.925","1.9","2024-05-25T21:46:13.718Z","ask"
"0.9256","4914","2024-05-25T21:46:13.718Z","ask"
"0.926","15030","2024-05-25T21:46:13.718Z","ask"
"0.9263","49.8","2024-05-25T21:46:13.718Z","ask"
"0.927","54.7","2024-05-25T21:46:13.718Z","ask"
"0.9271","0.1","2024-05-25T21:46:13.718Z","ask"
"0.9272","93.1","2024-05-25T21:46:13.718Z","ask"
"0.9274","104.5","2024-05-25T21:46:13.718Z","ask"
"0.9277","28.3","2024-05-25T21:46:13.718Z","ask"
"0.928","138","2024-05-25T21:46:13.718Z","ask"
"0.9287","16.6","2024-05-25T21:46:13.718Z","ask"
"0.9288","10185.3","2024-05-25T21:46:13.718Z","ask"
"0.929","200.1","2024-05-25T21:46:13.718Z","ask"
"0.9291","486","2024-05-25T21:46:13.718Z","ask"
"0.9296","5","2024-05-25T21:46:13.718Z","ask"
"0.9297","22.8","2024-05-25T21:46:13.718Z","ask"
"0.93","73838.5","2024-05-25T21:46:13.718Z","ask"
"0.9306","447.7","2024-05-25T21:46:13.718Z","ask"
"0.9307","7.5","2024-05-25T21:46:13.718Z","ask"
"0.9308","14.4","2024-05-25T21:46:13.718Z","ask"
"0.931","52.8","2024-05-25T21:46:13.718Z","ask"
"0.9311","95","2024-05-25T21:46:13.718Z","ask"
"0.9317","15.5","2024-05-25T21:46:13.718Z","ask"
"0.9318","22.1","2024-05-25T21:46:13.718Z","ask"
"0.9319","5594.3","2024-05-25T21:46:13.718Z","ask"
"0.932","1033","2024-05-25T21:46:13.718Z","ask"
"0.9323","28.1","2024-05-25T21:46:13.718Z","ask"
"0.9324","6","2024-05-25T21:46:13.718Z","ask"
"0.9325","40.6","2024-05-25T21:46:13.718Z","ask"
"0.9326","38","2024-05-25T21:46:13.718Z","ask"
"0.933","4000","2024-05-25T21:46:13.718Z","ask"
"0.9331","18.2","2024-05-25T21:46:13.718Z","ask"
"0.9332","7","2024-05-25T21:46:13.718Z","ask"
"0.9333","16.6","2024-05-25T21:46:13.718Z","ask"
"0.934","745","2024-05-25T21:46:13.718Z","ask"
"0.9342","1677.7","2024-05-25T21:46:13.718Z","ask"
"0.9344","56","2024-05-25T21:46:13.718Z","ask"
"0.9345","35934.1","2024-05-25T21:46:13.718Z","ask"
"0.9347","97.5","2024-05-25T21:46:13.718Z","ask"
"0.9348","22.6","2024-05-25T21:46:13.718Z","ask"
"0.9349","24","2024-05-25T21:46:13.718Z","ask"
"0.935","99.9","2024-05-25T21:46:13.718Z","ask"
"0.9357","49.3","2024-05-25T21:46:13.718Z","ask"
"0.936","6065.5","2024-05-25T21:46:13.718Z","ask"
"0.9363","11.2","2024-05-25T21:46:13.718Z","ask"
"0.9369","303.2","2024-05-25T21:46:13.718Z","ask"
"0.937","13084.1","2024-05-25T21:46:13.718Z","ask"
"0.9371","0.2","2024-05-25T21:46:13.718Z","ask"
"0.9374","80.7","2024-05-25T21:46:13.718Z","ask"
"0.9376","3.6","2024-05-25T21:46:13.718Z","ask"
"0.9378","20785.3","2024-05-25T21:46:13.718Z","ask"
"0.938","269.8","2024-05-25T21:46:13.718Z","ask"
"0.9381","26","2024-05-25T21:46:13.718Z","ask"
"0.9385","60.7","2024-05-25T21:46:13.718Z","ask"
"0.9386","37.4","2024-05-25T21:46:13.718Z","ask"
"0.9389","10185.5","2024-05-25T21:46:13.718Z","ask"
"0.939","336.9","2024-05-25T21:46:13.718Z","ask"
"0.9397","22.5","2024-05-25T21:46:13.718Z","ask"
"0.9399","32.3","2024-05-25T21:46:13.718Z","ask"
"0.94","23656.8","2024-05-25T21:46:13.718Z","ask"
"0.9404","49","2024-05-25T21:46:13.718Z","ask"
"0.9405","700","2024-05-25T21:46:13.718Z","ask"
"0.941","608","2024-05-25T21:46:13.718Z","ask"
"0.9416","27.8","2024-05-25T21:46:13.718Z","ask"
"0.942","893.7","2024-05-25T21:46:13.718Z","ask"
"0.9421","15.3","2024-05-25T21:46:13.718Z","ask"
"0.9426","16.4","2024-05-25T21:46:13.718Z","ask"
"0.943","5000","2024-05-25T21:46:13.718Z","ask"
"0.9433","93.6","2024-05-25T21:46:13.718Z","ask"
"0.9434","18","2024-05-25T21:46:13.718Z","ask"
"0.9436","55.5","2024-05-25T21:46:13.718Z","ask"
"0.9442","150","2024-05-25T21:46:13.718Z","ask"
"0.9444","100","2024-05-25T21:46:13.718Z","ask"
"0.9448","47.4","2024-05-25T21:46:13.718Z","ask"
"0.945","1976","2024-05-25T21:46:13.718Z","ask"
"0.9451","63.2","2024-05-25T21:46:13.718Z","ask"
"0.9453","7.4","2024-05-25T21:46:13.718Z","ask"
"0.9463","118.9","2024-05-25T21:46:13.718Z","ask"
"0.9464","4.9","2024-05-25T21:46:13.718Z","ask"
"0.947","100000","2024-05-25T21:46:13.718Z","ask"
"0.9471","0.2","2024-05-25T21:46:13.718Z","ask"
"0.9474","16.3","2024-05-25T21:46:13.718Z","ask"
"0.9475","76.5","2024-05-25T21:46:13.718Z","ask"
"0.9478","45.2","2024-05-25T21:46:13.718Z","ask"
"0.948","1","2024-05-25T21:46:13.718Z","ask"
"0.9483","2.7","2024-05-25T21:46:13.718Z","ask"
"0.9488","5646.8","2024-05-25T21:46:13.718Z","ask"
"0.9489","25.7","2024-05-25T21:46:13.718Z","ask"
"0.949","7789","2024-05-25T21:46:13.718Z","ask"
"0.9498","48.6","2024-05-25T21:46:13.718Z","ask"
"0.9499","22.3","2024-05-25T21:46:13.718Z","ask"
"0.95","51455.7","2024-05-25T21:46:13.718Z","ask"
"0.9509","934","2024-05-25T21:46:13.718Z","ask"
"0.951","1000","2024-05-25T21:46:13.718Z","ask"
"0.9511","27.6","2024-05-25T21:46:13.718Z","ask"
"0.9514","164.2","2024-05-25T21:46:13.718Z","ask"
"0.9518","612.1","2024-05-25T21:46:13.718Z","ask"
"0.952","18535","2024-05-25T21:46:13.718Z","ask"
"0.9521","16.2","2024-05-25T21:46:13.718Z","ask"
"0.9522","2143.5","2024-05-25T21:46:13.718Z","ask"
"0.9526","112.4","2024-05-25T21:46:13.718Z","ask"
"0.9527","15.2","2024-05-25T21:46:13.718Z","ask"
"0.9528","7.3","2024-05-25T21:46:13.718Z","ask"
"0.953","6105.9","2024-05-25T21:46:13.718Z","ask"
"0.9535","57.8","2024-05-25T21:46:13.718Z","ask"
"0.9537","17.8","2024-05-25T21:46:13.718Z","ask"
"0.9538","149","2024-05-25T21:46:13.718Z","ask"
"0.954","13140.4","2024-05-25T21:46:13.718Z","ask"
"0.9543","17280","2024-05-25T21:46:13.718Z","ask"
"0.9546","48.3","2024-05-25T21:46:13.718Z","ask"
"0.9549","27.1","2024-05-25T21:46:13.718Z","ask"
"0.9558","27.4","2024-05-25T21:46:13.718Z","ask"
"0.9564","8.6","2024-05-25T21:46:13.718Z","ask"
"0.9568","16.2","2024-05-25T21:46:13.718Z","ask"
"0.957","4859.9","2024-05-25T21:46:13.718Z","ask"
"0.9571","0.2","2024-05-25T21:46:13.718Z","ask"
"0.9572","1000","2024-05-25T21:46:13.718Z","ask"
"0.9577","75.7","2024-05-25T21:46:13.718Z","ask"
"0.9583","523.4","2024-05-25T21:46:13.718Z","ask"
"0.9587","1000","2024-05-25T21:46:13.718Z","ask"
"0.9588","1500","2024-05-25T21:46:13.718Z","ask"
"0.959","7560","2024-05-25T21:46:13.718Z","ask"
"0.9593","14.4","2024-05-25T21:46:13.718Z","ask"
"0.9594","48.1","2024-05-25T21:46:13.718Z","ask"
"0.9595","21.5","2024-05-25T21:46:13.718Z","ask"
"0.9597","3.2","2024-05-25T21:46:13.718Z","ask"
"0.9599","25.4","2024-05-25T21:46:13.718Z","ask"
"0.96","10147.4","2024-05-25T21:46:13.718Z","ask"
"0.9601","22","2024-05-25T21:46:13.718Z","ask"
"0.9602","7.2","2024-05-25T21:46:13.718Z","ask"
"0.9606","27.3","2024-05-25T21:46:13.718Z","ask"
"0.9614","149.7","2024-05-25T21:46:13.718Z","ask"
"0.9616","537.2","2024-05-25T21:46:13.718Z","ask"
"0.9617","16.1","2024-05-25T21:46:13.718Z","ask"
"0.9618","168","2024-05-25T21:46:13.718Z","ask"
"0.962","61.5","2024-05-25T21:46:13.718Z","ask"
"0.9622","26.5","2024-05-25T21:46:13.718Z","ask"
"0.9624","54.4","2024-05-25T21:46:13.718Z","ask"
"0.9626","90.5","2024-05-25T21:46:13.718Z","ask"
"0.9628","109.4","2024-05-25T21:46:13.718Z","ask"
"0.9632","18.4","2024-05-25T21:46:13.718Z","ask"
"0.9634","147.7","2024-05-25T21:46:13.718Z","ask"
"0.9635","4.8","2024-05-25T21:46:13.718Z","ask"
"0.9638","44.5","2024-05-25T21:46:13.718Z","ask"
"0.9641","17.7","2024-05-25T21:46:13.718Z","ask"
"0.9642","1576.9","2024-05-25T21:46:13.718Z","ask"
"0.9645","2.6","2024-05-25T21:46:13.718Z","ask"
"0.9646","113","2024-05-25T21:46:13.718Z","ask"
"0.965","2000","2024-05-25T21:46:13.718Z","ask"
"0.9653","49.1","2024-05-25T21:46:13.718Z","ask"
"0.9659","89.4","2024-05-25T21:46:13.718Z","ask"
"0.9665","16","2024-05-25T21:46:13.718Z","ask"
"0.9668","115.5","2024-05-25T21:46:13.718Z","ask"
"0.967","1315","2024-05-25T21:46:13.718Z","ask"
"0.9671","0.1","2024-05-25T21:46:13.718Z","ask"
"0.9672","25","2024-05-25T21:46:13.718Z","ask"
"0.9675","2262.1","2024-05-25T21:46:13.718Z","ask"
"0.9677","3.2","2024-05-25T21:46:13.718Z","ask"
"0.9678","7.2","2024-05-25T21:46:13.718Z","ask"
"0.9681","74.9","2024-05-25T21:46:13.718Z","ask"
"0.9686","3.2","2024-05-25T21:46:13.718Z","ask"
"0.9687","4087.1","2024-05-25T21:46:13.718Z","ask"
"0.9688","1500","2024-05-25T21:46:13.718Z","ask"
"0.9691","47.6","2024-05-25T21:46:13.718Z","ask"
"0.9692","6","2024-05-25T21:46:13.718Z","ask"
"0.9695","187.2","2024-05-25T21:46:13.718Z","ask"
"0.9699","21692.6","2024-05-25T21:46:13.718Z","ask"
"0.97","7539","2024-05-25T21:46:13.718Z","ask"
"0.9702","27","2024-05-25T21:46:13.718Z","ask"
"0.9707","400","2024-05-25T21:46:13.718Z","ask"
"0.971","25.2","2024-05-25T21:46:13.718Z","ask"
"0.9713","15.9","2024-05-25T21:46:13.718Z","ask"
"0.9717","97.5","2024-05-25T21:46:13.718Z","ask"
"0.9719","53.9","2024-05-25T21:46:13.718Z","ask"
"0.9725","102.4","2024-05-25T21:46:13.718Z","ask"
"0.9736","14.4","2024-05-25T21:46:13.718Z","ask"
"0.9737","52.1","2024-05-25T21:46:13.718Z","ask"
"0.9739","47.3","2024-05-25T21:46:13.718Z","ask"
"0.9744","100","2024-05-25T21:46:13.718Z","ask"
"0.9746","8.5","2024-05-25T21:46:13.718Z","ask"
"0.975","4658.7","2024-05-25T21:46:13.718Z","ask"
"0.9751","27","2024-05-25T21:46:13.718Z","ask"
"0.9754","7.1","2024-05-25T21:46:13.718Z","ask"
"0.9755","5.9","2024-05-25T21:46:13.718Z","ask"
"0.9756","2.2","2024-05-25T21:46:13.718Z","ask"
"0.976","102.1","2024-05-25T21:46:13.718Z","ask"
"0.9761","0.1","2024-05-25T21:46:13.718Z","ask"
"0.9762","15.8","2024-05-25T21:46:13.718Z","ask"
"0.9763","500.6","2024-05-25T21:46:13.718Z","ask"
"0.977","2000","2024-05-25T21:46:13.718Z","ask"
"0.9771","0.1","2024-05-25T21:46:13.718Z","ask"
"0.978","1487.8","2024-05-25T21:46:13.718Z","ask"
"0.9787","905.7","2024-05-25T21:46:13.718Z","ask"
"0.9788","1547.1","2024-05-25T21:46:13.718Z","ask"
"0.9799","26.7","2024-05-25T21:46:13.718Z","ask"
"0.98","32141.7","2024-05-25T21:46:13.718Z","ask"
"0.9801","43.7","2024-05-25T21:46:13.718Z","ask"
"0.9802","90","2024-05-25T21:46:13.718Z","ask"
"0.9805","152.2","2024-05-25T21:46:13.718Z","ask"
"0.9809","21.6","2024-05-25T21:46:13.718Z","ask"
"0.981","18.4","2024-05-25T21:46:13.718Z","ask"
"0.9813","58","2024-05-25T21:46:13.718Z","ask"
"0.9816","53.3","2024-05-25T21:46:13.718Z","ask"
"0.982","169586.7","2024-05-25T21:46:13.718Z","ask"
"0.9823","47.7","2024-05-25T21:46:13.718Z","ask"
"0.9829","53.1","2024-05-25T21:46:13.718Z","ask"
"0.983","7.1","2024-05-25T21:46:13.718Z","ask"
"0.9837","46.9","2024-05-25T21:46:13.718Z","ask"
"0.9839","10.2","2024-05-25T21:46:13.718Z","ask"
"0.984","1153.9","2024-05-25T21:46:13.718Z","ask"
"0.9842","50","2024-05-25T21:46:13.718Z","ask"
"0.9845","20.9","2024-05-25T21:46:13.718Z","ask"
"0.9846","3.1","2024-05-25T21:46:13.718Z","ask"
"0.9848","26.6","2024-05-25T21:46:13.718Z","ask"
"0.985","548.2","2024-05-25T21:46:13.718Z","ask"
"0.9858","87.5","2024-05-25T21:46:13.718Z","ask"
"0.9859","42.9","2024-05-25T21:46:13.718Z","ask"
"0.986","255","2024-05-25T21:46:13.718Z","ask"
"0.987","304.8","2024-05-25T21:46:13.718Z","ask"
"0.9871","0.2","2024-05-25T21:46:13.718Z","ask"
"0.9872","17.9","2024-05-25T21:46:13.718Z","ask"
"0.9874","460","2024-05-25T21:46:13.718Z","ask"
"0.9878","14.4","2024-05-25T21:46:13.718Z","ask"
"0.988","13532.3","2024-05-25T21:46:13.718Z","ask"
"0.9886","46.6","2024-05-25T21:46:13.718Z","ask"
"0.989","621.9","2024-05-25T21:46:13.718Z","ask"
"0.9895","50","2024-05-25T21:46:13.718Z","ask"
"0.9898","26.5","2024-05-25T21:46:13.718Z","ask"
"0.9899","15.6","2024-05-25T21:46:13.718Z","ask"
"0.99","34645.1","2024-05-25T21:46:13.718Z","ask"
"0.9903","172.4","2024-05-25T21:46:13.718Z","ask"
"0.9907","7","2024-05-25T21:46:13.718Z","ask"
"0.9909","15.6","2024-05-25T21:46:13.718Z","ask"
"0.991","519","2024-05-25T21:46:13.718Z","ask"
"0.9913","52.8","2024-05-25T21:46:13.718Z","ask"
"0.992","1077","2024-05-25T21:46:13.718Z","ask"
"0.9925","2864.2","2024-05-25T21:46:13.718Z","ask"
"0.9927","419.7","2024-05-25T21:46:13.718Z","ask"
"0.993","519","2024-05-25T21:46:13.718Z","ask"
"0.9931","8.3","2024-05-25T21:46:13.718Z","ask"
"0.9933","994.5","2024-05-25T21:46:13.718Z","ask"
"0.9936","71","2024-05-25T21:46:13.718Z","ask"
"0.9944","100","2024-05-25T21:46:13.718Z","ask"
"0.9947","26.4","2024-05-25T21:46:13.718Z","ask"
"0.995","541","2024-05-25T21:46:13.718Z","ask"
"0.9953","1333.3","2024-05-25T21:46:13.718Z","ask"
"0.9955","100","2024-05-25T21:46:13.718Z","ask"
"0.9958","15.5","2024-05-25T21:46:13.718Z","ask"
"0.996","57.2","2024-05-25T21:46:13.718Z","ask"
"0.9961","3","2024-05-25T21:46:13.718Z","ask"
"0.9963","46.5","2024-05-25T21:46:13.718Z","ask"
"0.9969","43","2024-05-25T21:46:13.718Z","ask"
"0.9971","0.1","2024-05-25T21:46:13.718Z","ask"
"0.9973","49.4","2024-05-25T21:46:13.718Z","ask"
"0.9974","69185.5","2024-05-25T21:46:13.718Z","ask"
"0.9978","53.3","2024-05-25T21:46:13.718Z","ask"
"0.998","33473","2024-05-25T21:46:13.718Z","ask"
"0.9984","187.2","2024-05-25T21:46:13.718Z","ask"
"0.9985","7","2024-05-25T21:46:13.718Z","ask"
"0.9986","46.2","2024-05-25T21:46:13.718Z","ask"
"0.9987","398.8","2024-05-25T21:46:13.718Z","ask"
"0.9988","1500","2024-05-25T21:46:13.718Z","ask"
"0.999","5666.9","2024-05-25T21:46:13.718Z","ask"
"0.9997","26.2","2024-05-25T21:46:13.718Z","ask"
"0.9999","39955.7","2024-05-25T21:46:13.718Z","ask"
"1","305827.1","2024-05-25T21:46:13.718Z","ask"
"1.0008","15.4","2024-05-25T21:46:13.718Z","ask"
"1.001","87.8","2024-05-25T21:46:13.718Z","ask"
"1.0012","52.3","2024-05-25T21:46:13.718Z","ask"
"1.0021","15.6","2024-05-25T21:46:13.718Z","ask"
"1.0036","45.9","2024-05-25T21:46:13.718Z","ask"
"1.0038","11.2","2024-05-25T21:46:13.718Z","ask"
"1.004","100","2024-05-25T21:46:13.718Z","ask"
"1.0044","29.8","2024-05-25T21:46:13.718Z","ask"
"1.0046","26.1","2024-05-25T21:46:13.718Z","ask"
"1.0051","169.9","2024-05-25T21:46:13.718Z","ask"
"1.0052","24.3","2024-05-25T21:46:13.718Z","ask"
"1.0059","556.9","2024-05-25T21:46:13.718Z","ask"
"1.0062","85.8","2024-05-25T21:46:13.718Z","ask"
"1.0063","6.9","2024-05-25T21:46:13.718Z","ask"
"1.0065","9","2024-05-25T21:46:13.718Z","ask"
"1.007","6.4","2024-05-25T21:46:13.718Z","ask"
"1.0071","0.1","2024-05-25T21:46:13.718Z","ask"
"1.0075","21","2024-05-25T21:46:13.718Z","ask"
"1.008","22060.7","2024-05-25T21:46:13.718Z","ask"
"1.0083","5640.7","2024-05-25T21:46:13.718Z","ask"
"1.0086","45.7","2024-05-25T21:46:13.718Z","ask"
"1.009","93.3","2024-05-25T21:46:13.718Z","ask"
"1.0096","26","2024-05-25T21:46:13.718Z","ask"
"1.0099","6774.3","2024-05-25T21:46:13.718Z","ask"
"1.01","5132.9","2024-05-25T21:46:13.718Z","ask"
"1.0105","26.5","2024-05-25T21:46:13.718Z","ask"
"1.0108","726","2024-05-25T21:46:13.718Z","ask"
"1.0109","56.3","2024-05-25T21:46:13.718Z","ask"
"1.011","51.8","2024-05-25T21:46:13.718Z","ask"
"1.0117","17.5","2024-05-25T21:46:13.718Z","ask"
"1.0128","149","2024-05-25T21:46:13.718Z","ask"
"1.013","49.6","2024-05-25T21:46:13.718Z","ask"
"1.0137","45.5","2024-05-25T21:46:13.718Z","ask"
"1.0138","42.3","2024-05-25T21:46:13.718Z","ask"
"1.014","1.4","2024-05-25T21:46:13.718Z","ask"
"1.0142","9.8","2024-05-25T21:46:13.718Z","ask"
"1.0145","1020","2024-05-25T21:46:13.718Z","ask"
"1.0147","25.8","2024-05-25T21:46:13.718Z","ask"
"1.0149","4.6","2024-05-25T21:46:13.718Z","ask"
"1.0154","1246.7","2024-05-25T21:46:13.718Z","ask"
"1.0159","15.2","2024-05-25T21:46:13.718Z","ask"
"1.016","22247.9","2024-05-25T21:46:13.718Z","ask"
"1.0161","3","2024-05-25T21:46:13.718Z","ask"
"1.0163","14.4","2024-05-25T21:46:13.718Z","ask"
"1.0168","24","2024-05-25T21:46:13.718Z","ask"
"1.0171","0.1","2024-05-25T21:46:13.718Z","ask"
"1.0181","16.7","2024-05-25T21:46:13.718Z","ask"
"1.0187","45.3","2024-05-25T21:46:13.718Z","ask"
"1.0188","4184.2","2024-05-25T21:46:13.718Z","ask"
"1.019","40519","2024-05-25T21:46:13.718Z","ask"
"1.0196","6579","2024-05-25T21:46:13.718Z","ask"
"1.0197","25.7","2024-05-25T21:46:13.718Z","ask"
"1.02","8881.3","2024-05-25T21:46:13.718Z","ask"
"1.0202","167.4","2024-05-25T21:46:13.718Z","ask"
"1.0203","1027","2024-05-25T21:46:13.718Z","ask"
"1.021","66.4","2024-05-25T21:46:13.718Z","ask"
"1.0222","6.8","2024-05-25T21:46:13.718Z","ask"
"1.0225","53.7","2024-05-25T21:46:13.718Z","ask"
"1.0226","49.6","2024-05-25T21:46:13.718Z","ask"
"1.0227","2.9","2024-05-25T21:46:13.718Z","ask"
"1.023","754","2024-05-25T21:46:13.718Z","ask"
"1.0233","10000","2024-05-25T21:46:13.718Z","ask"
"1.0237","5","2024-05-25T21:46:13.718Z","ask"
"1.0239","45","2024-05-25T21:46:13.718Z","ask"
"1.0244","100","2024-05-25T21:46:13.718Z","ask"
"1.0249","25.6","2024-05-25T21:46:13.718Z","ask"
"1.025","21","2024-05-25T21:46:13.718Z","ask"
"1.0256","5000","2024-05-25T21:46:13.718Z","ask"
"1.0257","4.5","2024-05-25T21:46:13.718Z","ask"
"1.026","1303.2","2024-05-25T21:46:13.718Z","ask"
"1.0261","1467","2024-05-25T21:46:13.718Z","ask"
"1.0262","5.1","2024-05-25T21:46:13.718Z","ask"
"1.027","84","2024-05-25T21:46:13.718Z","ask"
"1.0271","0.1","2024-05-25T21:46:13.718Z","ask"
"1.028","1452","2024-05-25T21:46:13.718Z","ask"
"1.0286","23.7","2024-05-25T21:46:13.718Z","ask"
"1.029","44.8","2024-05-25T21:46:13.718Z","ask"
"1.0296","104.7","2024-05-25T21:46:13.718Z","ask"
"1.0298","19.5","2024-05-25T21:46:13.718Z","ask"
"1.03","24397.8","2024-05-25T21:46:13.718Z","ask"
"1.0302","6.7","2024-05-25T21:46:13.718Z","ask"
"1.0304","1600","2024-05-25T21:46:13.718Z","ask"
"1.031","14174.5","2024-05-25T21:46:13.718Z","ask"
"1.0312","50.8","2024-05-25T21:46:13.718Z","ask"
"1.0313","15","2024-05-25T21:46:13.718Z","ask"
"1.0315","1.5","2024-05-25T21:46:13.718Z","ask"
"1.0316","2.8","2024-05-25T21:46:13.718Z","ask"
"1.0318","90","2024-05-25T21:46:13.718Z","ask"
"1.032","2695","2024-05-25T21:46:13.718Z","ask"
"1.0322","2.4","2024-05-25T21:46:13.718Z","ask"
"1.033","7411","2024-05-25T21:46:13.718Z","ask"
"1.0333","50.4","2024-05-25T21:46:13.718Z","ask"
"1.0334","1115","2024-05-25T21:46:13.718Z","ask"
"1.0339","390.8","2024-05-25T21:46:13.718Z","ask"
"1.034","164920","2024-05-25T21:46:13.718Z","ask"
"1.0341","44.6","2024-05-25T21:46:13.718Z","ask"
"1.035","6750","2024-05-25T21:46:13.718Z","ask"
"1.0351","25.3","2024-05-25T21:46:13.718Z","ask"
"1.0354","164.9","2024-05-25T21:46:13.718Z","ask"
"1.0357","25.9","2024-05-25T21:46:13.718Z","ask"
"1.036","760","2024-05-25T21:46:13.718Z","ask"
"1.0361","1984.1","2024-05-25T21:46:13.718Z","ask"
"1.0363","566","2024-05-25T21:46:13.718Z","ask"
"1.0364","14.9","2024-05-25T21:46:13.718Z","ask"
"1.0366","2","2024-05-25T21:46:13.718Z","ask"
"1.0369","17.1","2024-05-25T21:46:13.718Z","ask"
"1.0371","0.2","2024-05-25T21:46:13.718Z","ask"
"1.0375","11.2","2024-05-25T21:46:13.718Z","ask"
"1.0378","3","2024-05-25T21:46:13.718Z","ask"
"1.0379","0.1","2024-05-25T21:46:13.718Z","ask"
"1.0383","6.7","2024-05-25T21:46:13.718Z","ask"
"1.0384","361.2","2024-05-25T21:46:13.718Z","ask"
"1.0387","50.2","2024-05-25T21:46:13.718Z","ask"
"1.0394","44.4","2024-05-25T21:46:13.718Z","ask"
"1.0395","302.5","2024-05-25T21:46:13.718Z","ask"
"1.04","30733","2024-05-25T21:46:13.718Z","ask"
"1.0403","25.2","2024-05-25T21:46:13.718Z","ask"
"1.0404","59.3","2024-05-25T21:46:13.718Z","ask"
"1.0405","23.5","2024-05-25T21:46:13.718Z","ask"
"1.0408","800.4","2024-05-25T21:46:13.718Z","ask"
"1.041","500","2024-05-25T21:46:13.718Z","ask"
"1.0414","105","2024-05-25T21:46:13.718Z","ask"
"1.0416","322","2024-05-25T21:46:13.718Z","ask"
"1.042","2000","2024-05-25T21:46:13.718Z","ask"
"1.0428","250","2024-05-25T21:46:13.718Z","ask"
"1.044","1498.3","2024-05-25T21:46:13.718Z","ask"
"1.0442","4.4","2024-05-25T21:46:13.718Z","ask"
"1.0444","100","2024-05-25T21:46:13.718Z","ask"
"1.0447","44.1","2024-05-25T21:46:13.718Z","ask"
"1.045","493","2024-05-25T21:46:13.718Z","ask"
"1.0455","25.1","2024-05-25T21:46:13.718Z","ask"
"1.0456","10","2024-05-25T21:46:13.718Z","ask"
"1.0459","20.2","2024-05-25T21:46:13.718Z","ask"
"1.046","154.8","2024-05-25T21:46:13.718Z","ask"
"1.0464","6.6","2024-05-25T21:46:13.718Z","ask"
"1.0466","2.9","2024-05-25T21:46:13.718Z","ask"
"1.0468","14.8","2024-05-25T21:46:13.718Z","ask"
"1.047","3.4","2024-05-25T21:46:13.718Z","ask"
"1.0471","0.1","2024-05-25T21:46:13.718Z","ask"
"1.0476","2.9","2024-05-25T21:46:13.718Z","ask"
"1.0477","50","2024-05-25T21:46:13.718Z","ask"
"1.0479","500","2024-05-25T21:46:13.718Z","ask"
"1.048","48.4","2024-05-25T21:46:13.718Z","ask"
"1.0481","82.3","2024-05-25T21:46:13.718Z","ask"
"1.0485","95.8","2024-05-25T21:46:13.718Z","ask"
"1.049","48.1","2024-05-25T21:46:13.718Z","ask"
"1.0496","11967.5","2024-05-25T21:46:13.718Z","ask"
"1.0498","2.4","2024-05-25T21:46:13.718Z","ask"
"1.0499","7151.4","2024-05-25T21:46:13.718Z","ask"
"1.05","54357.5","2024-05-25T21:46:13.718Z","ask"
"1.0502","10000","2024-05-25T21:46:13.718Z","ask"
"1.0504","100","2024-05-25T21:46:13.718Z","ask"
"1.0505","476.9","2024-05-25T21:46:13.718Z","ask"
"1.0507","6056.6","2024-05-25T21:46:13.718Z","ask"
"1.051","162.5","2024-05-25T21:46:13.718Z","ask"
"1.0516","69.9","2024-05-25T21:46:13.718Z","ask"
"1.0518","500","2024-05-25T21:46:13.718Z","ask"
"1.052","200","2024-05-25T21:46:13.718Z","ask"
"1.0521","14.7","2024-05-25T21:46:13.718Z","ask"
"1.0526","23.2","2024-05-25T21:46:13.719Z","ask"
"1.0533","13.7","2024-05-25T21:46:13.719Z","ask"
"1.0536","4.4","2024-05-25T21:46:13.719Z","ask"
"1.0546","6.6","2024-05-25T21:46:13.719Z","ask"
"1.0549","116.3","2024-05-25T21:46:13.719Z","ask"
"1.0551","68.7","2024-05-25T21:46:13.719Z","ask"
"1.0552","43.7","2024-05-25T21:46:13.719Z","ask"
"1.0553","979.3","2024-05-25T21:46:13.719Z","ask"
"1.0554","10","2024-05-25T21:46:13.719Z","ask"
"1.056","7227.8","2024-05-25T21:46:13.719Z","ask"
"1.0569","900.2","2024-05-25T21:46:13.719Z","ask"
"1.057","101.4","2024-05-25T21:46:13.719Z","ask"
"1.0571","0.2","2024-05-25T21:46:13.719Z","ask"
"1.0572","20","2024-05-25T21:46:13.719Z","ask"
"1.0573","14.6","2024-05-25T21:46:13.719Z","ask"
"1.0579","38","2024-05-25T21:46:13.719Z","ask"
"1.058","991","2024-05-25T21:46:13.719Z","ask"
"1.0588","2","2024-05-25T21:46:13.719Z","ask"
"1.06","23705.1","2024-05-25T21:46:13.719Z","ask"
"1.0606","43.5","2024-05-25T21:46:13.719Z","ask"
"1.061","991.6","2024-05-25T21:46:13.719Z","ask"
"1.0613","24.7","2024-05-25T21:46:13.719Z","ask"
"1.0616","25.3","2024-05-25T21:46:13.719Z","ask"
"1.062","2386.4","2024-05-25T21:46:13.719Z","ask"
"1.0621","974.8","2024-05-25T21:46:13.719Z","ask"
"1.0622","721.5","2024-05-25T21:46:13.719Z","ask"
"1.0623","0.2","2024-05-25T21:46:13.719Z","ask"
"1.0626","31.2","2024-05-25T21:46:13.719Z","ask"
"1.0628","9.9","2024-05-25T21:46:13.719Z","ask"
"1.0629","26.4","2024-05-25T21:46:13.719Z","ask"
"1.063","4.4","2024-05-25T21:46:13.719Z","ask"
"1.0631","20","2024-05-25T21:46:13.719Z","ask"
"1.0638","303.2","2024-05-25T21:46:13.719Z","ask"
"1.0648","1000.6","2024-05-25T21:46:13.719Z","ask"
"1.065","1570.5","2024-05-25T21:46:13.719Z","ask"
"1.0651","13.6","2024-05-25T21:46:13.719Z","ask"
"1.0653","33.4","2024-05-25T21:46:13.719Z","ask"
"1.0659","43.3","2024-05-25T21:46:13.719Z","ask"
"1.0663","43.1","2024-05-25T21:46:13.719Z","ask"
"1.0664","68","2024-05-25T21:46:13.719Z","ask"
"1.0665","24.6","2024-05-25T21:46:13.719Z","ask"
"1.0667","160.1","2024-05-25T21:46:13.719Z","ask"
"1.0671","0.1","2024-05-25T21:46:13.719Z","ask"
"1.0677","2.7","2024-05-25T21:46:13.719Z","ask"
"1.0679","14.5","2024-05-25T21:46:13.719Z","ask"
"1.068","1600","2024-05-25T21:46:13.719Z","ask"
"1.0686","19.8","2024-05-25T21:46:13.719Z","ask"
"1.0687","306.5","2024-05-25T21:46:13.719Z","ask"
"1.0691","2666.5","2024-05-25T21:46:13.719Z","ask"
"1.0697","80.7","2024-05-25T21:46:13.719Z","ask"
"1.07","19258.9","2024-05-25T21:46:13.719Z","ask"
"1.0702","469.1","2024-05-25T21:46:13.719Z","ask"
"1.0705","3075.7","2024-05-25T21:46:13.719Z","ask"
"1.071","14110.1","2024-05-25T21:46:13.719Z","ask"
"1.0711","101.6","2024-05-25T21:46:13.719Z","ask"
"1.0712","6.5","2024-05-25T21:46:13.719Z","ask"
"1.0713","54.2","2024-05-25T21:46:13.719Z","ask"
"1.0716","85.5","2024-05-25T21:46:13.719Z","ask"
"1.0718","149","2024-05-25T21:46:13.719Z","ask"
"1.0719","24.4","2024-05-25T21:46:13.719Z","ask"
"1.0722","43.1","2024-05-25T21:46:13.719Z","ask"
"1.0726","53.1","2024-05-25T21:46:13.719Z","ask"
"1.0728","53.1","2024-05-25T21:46:13.719Z","ask"
"1.0732","14.4","2024-05-25T21:46:13.719Z","ask"
"1.0741","2","2024-05-25T21:46:13.719Z","ask"
"1.0743","19.7","2024-05-25T21:46:13.719Z","ask"
"1.0744","100","2024-05-25T21:46:13.719Z","ask"
"1.0749","10","2024-05-25T21:46:13.719Z","ask"
"1.075","17.3","2024-05-25T21:46:13.719Z","ask"
"1.0751","0.1","2024-05-25T21:46:13.719Z","ask"
"1.0768","42.8","2024-05-25T21:46:13.719Z","ask"
"1.0771","36.1","2024-05-25T21:46:13.719Z","ask"
"1.0772","24.3","2024-05-25T21:46:13.719Z","ask"
"1.0777","80","2024-05-25T21:46:13.719Z","ask"
"1.0778","2.8","2024-05-25T21:46:13.719Z","ask"
"1.0781","67.3","2024-05-25T21:46:13.719Z","ask"
"1.0786","14.3","2024-05-25T21:46:13.719Z","ask"
"1.0796","6.4","2024-05-25T21:46:13.719Z","ask"
"1.08","8444.6","2024-05-25T21:46:13.719Z","ask"
"1.0804","126.3","2024-05-25T21:46:13.719Z","ask"
"1.0814","1473.2","2024-05-25T21:46:13.719Z","ask"
"1.0817","133","2024-05-25T21:46:13.719Z","ask"
"1.0822","42.6","2024-05-25T21:46:13.719Z","ask"
"1.0823","4.3","2024-05-25T21:46:13.719Z","ask"
"1.0826","24.2","2024-05-25T21:46:13.719Z","ask"
"1.0827","157.7","2024-05-25T21:46:13.719Z","ask"
"1.0833","48.3","2024-05-25T21:46:13.719Z","ask"
"1.084","14.3","2024-05-25T21:46:13.719Z","ask"
"1.0844","20.7","2024-05-25T21:46:13.719Z","ask"
"1.0845","39.5","2024-05-25T21:46:13.719Z","ask"
"1.0859","2.7","2024-05-25T21:46:13.719Z","ask"
"1.086","19.7","2024-05-25T21:46:13.719Z","ask"
"1.0862","80","2024-05-25T21:46:13.719Z","ask"
"1.0865","3593.7","2024-05-25T21:46:13.719Z","ask"
"1.087","36772.9","2024-05-25T21:46:13.719Z","ask"
"1.0871","0.1","2024-05-25T21:46:13.719Z","ask"
"1.0877","42.4","2024-05-25T21:46:13.719Z","ask"
"1.088","43.7","2024-05-25T21:46:13.719Z","ask"
"1.0881","6.4","2024-05-25T21:46:13.719Z","ask"
"1.0885","4.9","2024-05-25T21:46:13.719Z","ask"
"1.0888","266.6","2024-05-25T21:46:13.719Z","ask"
"1.0889","52.3","2024-05-25T21:46:13.719Z","ask"
"1.089","46.3","2024-05-25T21:46:13.719Z","ask"
"1.0892","18.4","2024-05-25T21:46:13.719Z","ask"
"1.0894","14.2","2024-05-25T21:46:13.719Z","ask"
"1.0896","33.7","2024-05-25T21:46:13.719Z","ask"
"1.0897","66.5","2024-05-25T21:46:13.719Z","ask"
"1.09","14477.3","2024-05-25T21:46:13.719Z","ask"
"1.0917","79","2024-05-25T21:46:13.719Z","ask"
"1.0918","500","2024-05-25T21:46:13.719Z","ask"
"1.092","4.2","2024-05-25T21:46:13.719Z","ask"
"1.0921","250","2024-05-25T21:46:13.719Z","ask"
"1.0922","23","2024-05-25T21:46:13.719Z","ask"
"1.0923","17602.8","2024-05-25T21:46:13.719Z","ask"
"1.0924","125.1","2024-05-25T21:46:13.719Z","ask"
"1.0932","42.2","2024-05-25T21:46:13.719Z","ask"
"1.0933","2.8","2024-05-25T21:46:13.719Z","ask"
"1.094","1448.3","2024-05-25T21:46:13.719Z","ask"
"1.0944","110","2024-05-25T21:46:13.719Z","ask"
"1.0946","18.2","2024-05-25T21:46:13.719Z","ask"
"1.0949","14.1","2024-05-25T21:46:13.719Z","ask"
"1.095","584.1","2024-05-25T21:46:13.719Z","ask"
"1.0951","7.1","2024-05-25T21:46:13.719Z","ask"
"1.0954","1818.6","2024-05-25T21:46:13.719Z","ask"
"1.0956","160","2024-05-25T21:46:13.719Z","ask"
"1.0958","14.1","2024-05-25T21:46:13.719Z","ask"
"1.096","21955.1","2024-05-25T21:46:13.719Z","ask"
"1.0966","6.3","2024-05-25T21:46:13.719Z","ask"
"1.0971","0.1","2024-05-25T21:46:13.719Z","ask"
"1.0972","27.8","2024-05-25T21:46:13.719Z","ask"
"1.0976","519.3","2024-05-25T21:46:13.719Z","ask"
"1.0985","26.5","2024-05-25T21:46:13.719Z","ask"
"1.0988","42","2024-05-25T21:46:13.719Z","ask"
"1.0989","155.4","2024-05-25T21:46:13.719Z","ask"
"1.099","12667.7","2024-05-25T21:46:13.719Z","ask"
"1.0998","4.1","2024-05-25T21:46:13.719Z","ask"
"1.0999","11560.5","2024-05-25T21:46:13.719Z","ask"
"1.1","352773","2024-05-25T21:46:13.719Z","ask"
"1.1004","14","2024-05-25T21:46:13.719Z","ask"
"1.1006","162.5","2024-05-25T21:46:13.719Z","ask"
"1.1007","46.1","2024-05-25T21:46:13.719Z","ask"
"1.1008","50","2024-05-25T21:46:13.719Z","ask"
"1.1013","9.9","2024-05-25T21:46:13.719Z","ask"
"1.1014","224.5","2024-05-25T21:46:13.719Z","ask"
"1.1015","65.8","2024-05-25T21:46:13.719Z","ask"
"1.1018","4.2","2024-05-25T21:46:13.719Z","ask"
"1.102","18.9","2024-05-25T21:46:13.719Z","ask"
"1.1022","22.2","2024-05-25T21:46:13.719Z","ask"
"1.1023","124.8","2024-05-25T21:46:13.719Z","ask"
"1.1028","891.6","2024-05-25T21:46:13.719Z","ask"
"1.1029","38.9","2024-05-25T21:46:13.719Z","ask"
"1.103","555","2024-05-25T21:46:13.719Z","ask"
"1.1035","19.2","2024-05-25T21:46:13.719Z","ask"
"1.1036","1521","2024-05-25T21:46:13.719Z","ask"
"1.1038","475.7","2024-05-25T21:46:13.719Z","ask"
"1.1043","61.8","2024-05-25T21:46:13.719Z","ask"
"1.1045","2.3","2024-05-25T21:46:13.719Z","ask"
"1.1049","47.4","2024-05-25T21:46:13.719Z","ask"
"1.105","1568.2","2024-05-25T21:46:13.719Z","ask"
"1.1052","51.5","2024-05-25T21:46:13.719Z","ask"
"1.1053","6.3","2024-05-25T21:46:13.719Z","ask"
"1.1058","14","2024-05-25T21:46:13.719Z","ask"
"1.1075","317","2024-05-25T21:46:13.719Z","ask"
"1.1077","31.8","2024-05-25T21:46:13.719Z","ask"
"1.108","125.6","2024-05-25T21:46:13.719Z","ask"
"1.1083","211.3","2024-05-25T21:46:13.719Z","ask"
"1.109","17.1","2024-05-25T21:46:13.719Z","ask"
"1.1094","19.1","2024-05-25T21:46:13.719Z","ask"
"1.1099","41.5","2024-05-25T21:46:13.719Z","ask"
"1.11","104865.4","2024-05-25T21:46:13.719Z","ask"
"1.1103","5708.9","2024-05-25T21:46:13.719Z","ask"
"1.1106","4024.5","2024-05-25T21:46:13.719Z","ask"
"1.1107","193.5","2024-05-25T21:46:13.719Z","ask"
"1.1108","17.6","2024-05-25T21:46:13.719Z","ask"
"1.1111","1532","2024-05-25T21:46:13.719Z","ask"
"1.1114","13.9","2024-05-25T21:46:13.719Z","ask"
"1.1115","20.2","2024-05-25T21:46:13.719Z","ask"
"1.1117","4.2","2024-05-25T21:46:13.719Z","ask"
"1.1125","2.8","2024-05-25T21:46:13.719Z","ask"
"1.1129","202.9","2024-05-25T21:46:13.719Z","ask"
"1.1133","18083.6","2024-05-25T21:46:13.719Z","ask"
"1.1134","65.1","2024-05-25T21:46:13.719Z","ask"
"1.1136","1000","2024-05-25T21:46:13.719Z","ask"
"1.1138","2013","2024-05-25T21:46:13.719Z","ask"
"1.1139","6.2","2024-05-25T21:46:13.719Z","ask"
"1.1142","77.5","2024-05-25T21:46:13.719Z","ask"
"1.115","217.4","2024-05-25T21:46:13.719Z","ask"
"1.1151","24.1","2024-05-25T21:46:13.719Z","ask"
"1.1153","153.1","2024-05-25T21:46:13.719Z","ask"
"1.1154","19","2024-05-25T21:46:13.719Z","ask"
"1.1155","41.3","2024-05-25T21:46:13.719Z","ask"
"1.1158","46.9","2024-05-25T21:46:13.719Z","ask"
"1.1159","10.3","2024-05-25T21:46:13.719Z","ask"
"1.1161","15.9","2024-05-25T21:46:13.719Z","ask"
"1.117","13.8","2024-05-25T21:46:13.719Z","ask"
"1.118","500","2024-05-25T21:46:13.719Z","ask"
"1.119","119941.9","2024-05-25T21:46:13.719Z","ask"
"1.1195","2.7","2024-05-25T21:46:13.719Z","ask"
"1.12","82706.3","2024-05-25T21:46:13.719Z","ask"
"1.1205","183.7","2024-05-25T21:46:13.719Z","ask"
"1.121","4026.7","2024-05-25T21:46:13.719Z","ask"
"1.1211","99.9","2024-05-25T21:46:13.719Z","ask"
"1.1213","23","2024-05-25T21:46:13.719Z","ask"
"1.1216","4.1","2024-05-25T21:46:13.719Z","ask"
"1.1217","38.2","2024-05-25T21:46:13.719Z","ask"
"1.1218","50.7","2024-05-25T21:46:13.719Z","ask"
"1.1221","1126.4","2024-05-25T21:46:13.719Z","ask"
"1.1227","6.2","2024-05-25T21:46:13.719Z","ask"
"1.1229","15.1","2024-05-25T21:46:13.719Z","ask"
"1.1231","100","2024-05-25T21:46:13.719Z","ask"
"1.1234","203.2","2024-05-25T21:46:13.719Z","ask"
"1.1244","100","2024-05-25T21:46:13.719Z","ask"
"1.1249","752.5","2024-05-25T21:46:13.719Z","ask"
"1.125","1627.9","2024-05-25T21:46:13.719Z","ask"
"1.1252","97.1","2024-05-25T21:46:13.719Z","ask"
"1.1255","64.4","2024-05-25T21:46:13.719Z","ask"
"1.1263","12.8","2024-05-25T21:46:13.719Z","ask"
"1.1267","38","2024-05-25T21:46:13.719Z","ask"
"1.1268","540.9","2024-05-25T21:46:13.719Z","ask"
"1.1269","46.5","2024-05-25T21:46:13.719Z","ask"
"1.1279","21.6","2024-05-25T21:46:13.719Z","ask"
"1.1281","44.9","2024-05-25T21:46:13.719Z","ask"
"1.1298","1.5","2024-05-25T21:46:13.719Z","ask"
"1.13","118831.5","2024-05-25T21:46:13.719Z","ask"
"1.1305","1250","2024-05-25T21:46:13.719Z","ask"
"1.1308","149","2024-05-25T21:46:13.719Z","ask"
"1.1315","6.1","2024-05-25T21:46:13.719Z","ask"
"1.1317","4.1","2024-05-25T21:46:13.719Z","ask"
"1.132","1312.8","2024-05-25T21:46:13.719Z","ask"
"1.1325","40.7","2024-05-25T21:46:13.719Z","ask"
"1.133","3000","2024-05-25T21:46:13.719Z","ask"
"1.1337","18.2","2024-05-25T21:46:13.719Z","ask"
"1.1338","13.6","2024-05-25T21:46:13.719Z","ask"
"1.135","4062","2024-05-25T21:46:13.719Z","ask"
"1.1354","653.9","2024-05-25T21:46:13.719Z","ask"
"1.1357","487.6","2024-05-25T21:46:13.719Z","ask"
"1.136","3247","2024-05-25T21:46:13.719Z","ask"
"1.1363","390","2024-05-25T21:46:13.719Z","ask"
"1.137","26625","2024-05-25T21:46:13.719Z","ask"
"1.1372","75.9","2024-05-25T21:46:13.719Z","ask"
"1.1378","63.7","2024-05-25T21:46:13.719Z","ask"
"1.138","243.9","2024-05-25T21:46:13.719Z","ask"
"1.1383","40.5","2024-05-25T21:46:13.719Z","ask"
"1.1386","50","2024-05-25T21:46:13.719Z","ask"
"1.1388","11.2","2024-05-25T21:46:13.719Z","ask"
"1.1389","512.7","2024-05-25T21:46:13.719Z","ask"
"1.1393","19.7","2024-05-25T21:46:13.719Z","ask"
"1.1394","638.1","2024-05-25T21:46:13.719Z","ask"
"1.1399","1787.9","2024-05-25T21:46:13.719Z","ask"
"1.14","3011.4","2024-05-25T21:46:13.719Z","ask"
"1.1403","6.1","2024-05-25T21:46:13.719Z","ask"
"1.1405","104394.2","2024-05-25T21:46:13.719Z","ask"
"1.1407","37.6","2024-05-25T21:46:13.719Z","ask"
"1.141","21.4","2024-05-25T21:46:13.719Z","ask"
"1.1414","1.8","2024-05-25T21:46:13.719Z","ask"
"1.1415","46.9","2024-05-25T21:46:13.719Z","ask"
"1.1419","4.1","2024-05-25T21:46:13.719Z","ask"
"1.142","517","2024-05-25T21:46:13.719Z","ask"
"1.1424","21.3","2024-05-25T21:46:13.719Z","ask"
"1.1426","2.2","2024-05-25T21:46:13.719Z","ask"
"1.1429","23.5","2024-05-25T21:46:13.719Z","ask"
"1.143","200","2024-05-25T21:46:13.719Z","ask"
"1.1434","80","2024-05-25T21:46:13.719Z","ask"
"1.1439","15.5","2024-05-25T21:46:13.719Z","ask"
"1.144","40.3","2024-05-25T21:46:13.719Z","ask"
"1.1444","100","2024-05-25T21:46:13.719Z","ask"
"1.145","31446","2024-05-25T21:46:13.719Z","ask"
"1.1451","13.5","2024-05-25T21:46:13.719Z","ask"
"1.1476","14.8","2024-05-25T21:46:13.719Z","ask"
"1.1478","43.7","2024-05-25T21:46:13.719Z","ask"
"1.148","1000","2024-05-25T21:46:13.719Z","ask"
"1.1493","51.6","2024-05-25T21:46:13.719Z","ask"
"1.1495","2790.4","2024-05-25T21:46:13.719Z","ask"
"1.1498","40.1","2024-05-25T21:46:13.719Z","ask"
"1.15","136683.1","2024-05-25T21:46:13.719Z","ask"
"1.1501","63","2024-05-25T21:46:13.719Z","ask"
"1.1506","184.9","2024-05-25T21:46:13.719Z","ask"
"1.1509","13.4","2024-05-25T21:46:13.719Z","ask"
"1.1518","18.4","2024-05-25T21:46:13.719Z","ask"
"1.1521","4","2024-05-25T21:46:13.719Z","ask"
"1.153","750.3","2024-05-25T21:46:13.719Z","ask"
"1.1534","75","2024-05-25T21:46:13.719Z","ask"
"1.1542","21.2","2024-05-25T21:46:13.719Z","ask"
"1.1543","300","2024-05-25T21:46:13.719Z","ask"
"1.1546","4.6","2024-05-25T21:46:13.720Z","ask"
"1.155","446","2024-05-25T21:46:13.720Z","ask"
"1.1556","89.2","2024-05-25T21:46:13.720Z","ask"
"1.1561","43.9","2024-05-25T21:46:13.720Z","ask"
"1.1566","30","2024-05-25T21:46:13.720Z","ask"
"1.1567","13.4","2024-05-25T21:46:13.720Z","ask"
"1.1575","200","2024-05-25T21:46:13.720Z","ask"
"1.158","22096.5","2024-05-25T21:46:13.720Z","ask"
"1.1583","6","2024-05-25T21:46:13.720Z","ask"
"1.1591","58","2024-05-25T21:46:13.720Z","ask"
"1.1595","1685","2024-05-25T21:46:13.720Z","ask"
"1.16","25360.1","2024-05-25T21:46:13.720Z","ask"
"1.1601","36.9","2024-05-25T21:46:13.720Z","ask"
"1.1602","15.9","2024-05-25T21:46:13.720Z","ask"
"1.1603","7217.2","2024-05-25T21:46:13.720Z","ask"
"1.1606","74.4","2024-05-25T21:46:13.720Z","ask"
"1.1607","45.1","2024-05-25T21:46:13.720Z","ask"
"1.161","13.3","2024-05-25T21:46:13.720Z","ask"
"1.1615","39.7","2024-05-25T21:46:13.720Z","ask"
"1.1617","792.3","2024-05-25T21:46:13.720Z","ask"
"1.162","973.7","2024-05-25T21:46:13.720Z","ask"
"1.1621","2.2","2024-05-25T21:46:13.720Z","ask"
"1.1625","10990.6","2024-05-25T21:46:13.720Z","ask"
"1.1626","75.7","2024-05-25T21:46:13.720Z","ask"
"1.1634","790.7","2024-05-25T21:46:13.720Z","ask"
"1.164","12187","2024-05-25T21:46:13.720Z","ask"
"1.1642","18.2","2024-05-25T21:46:13.720Z","ask"
"1.1644","44.4","2024-05-25T21:46:13.720Z","ask"
"1.1646","12.4","2024-05-25T21:46:13.720Z","ask"
"1.1653","61.2","2024-05-25T21:46:13.720Z","ask"
"1.1655","17.3","2024-05-25T21:46:13.720Z","ask"
"1.1657","171.9","2024-05-25T21:46:13.720Z","ask"
"1.1673","39.5","2024-05-25T21:46:13.720Z","ask"
"1.1674","5.9","2024-05-25T21:46:13.720Z","ask"
"1.1676","20.9","2024-05-25T21:46:13.720Z","ask"
"1.1679","113.9","2024-05-25T21:46:13.720Z","ask"
"1.1684","13.2","2024-05-25T21:46:13.720Z","ask"
"1.169","8873.6","2024-05-25T21:46:13.720Z","ask"
"1.1696","1.7","2024-05-25T21:46:13.720Z","ask"
"1.17","15342.4","2024-05-25T21:46:13.720Z","ask"
"1.1705","18.1","2024-05-25T21:46:13.720Z","ask"
"1.1714","22.9","2024-05-25T21:46:13.720Z","ask"
"1.1717","704.6","2024-05-25T21:46:13.720Z","ask"
"1.1722","44.7","2024-05-25T21:46:13.720Z","ask"
"1.1723","87.8","2024-05-25T21:46:13.720Z","ask"
"1.1725","11.2","2024-05-25T21:46:13.720Z","ask"
"1.1726","250","2024-05-25T21:46:13.720Z","ask"
"1.1727","4.5","2024-05-25T21:46:13.720Z","ask"
"1.1729","63","2024-05-25T21:46:13.720Z","ask"
"1.173","4","2024-05-25T21:46:13.720Z","ask"
"1.1732","39.3","2024-05-25T21:46:13.720Z","ask"
"1.174","211.8","2024-05-25T21:46:13.720Z","ask"
"1.1743","13.2","2024-05-25T21:46:13.720Z","ask"
"1.1744","200","2024-05-25T21:46:13.720Z","ask"
"1.175","2000","2024-05-25T21:46:13.720Z","ask"
"1.1752","61.7","2024-05-25T21:46:13.720Z","ask"
"1.1758","1360.3","2024-05-25T21:46:13.720Z","ask"
"1.1763","8.5","2024-05-25T21:46:13.720Z","ask"
"1.1766","5.9","2024-05-25T21:46:13.720Z","ask"
"1.1768","18","2024-05-25T21:46:13.720Z","ask"
"1.177","300","2024-05-25T21:46:13.720Z","ask"
"1.1777","12.3","2024-05-25T21:46:13.720Z","ask"
"1.178","16.2","2024-05-25T21:46:13.720Z","ask"
"1.179","8639.4","2024-05-25T21:46:13.720Z","ask"
"1.1792","39.1","2024-05-25T21:46:13.720Z","ask"
"1.1798","36.3","2024-05-25T21:46:13.720Z","ask"
"1.18","46322.5","2024-05-25T21:46:13.720Z","ask"
"1.1802","13.1","2024-05-25T21:46:13.720Z","ask"
"1.181","20.7","2024-05-25T21:46:13.720Z","ask"
"1.182","1450.6","2024-05-25T21:46:13.720Z","ask"
"1.1823","43.7","2024-05-25T21:46:13.720Z","ask"
"1.1828","2299.7","2024-05-25T21:46:13.720Z","ask"
"1.1831","17.9","2024-05-25T21:46:13.720Z","ask"
"1.1835","3.9","2024-05-25T21:46:13.720Z","ask"
"1.1836","90.9","2024-05-25T21:46:13.720Z","ask"
"1.1837","110.4","2024-05-25T21:46:13.720Z","ask"
"1.1838","44.2","2024-05-25T21:46:13.720Z","ask"
"1.1845","72.9","2024-05-25T21:46:13.720Z","ask"
"1.1848","42.8","2024-05-25T21:46:13.720Z","ask"
"1.185","5982.7","2024-05-25T21:46:13.720Z","ask"
"1.1852","38.9","2024-05-25T21:46:13.720Z","ask"
"1.1857","14.3","2024-05-25T21:46:13.720Z","ask"
"1.1858","5.9","2024-05-25T21:46:13.720Z","ask"
"1.1862","26","2024-05-25T21:46:13.720Z","ask"
"1.1878","2.6","2024-05-25T21:46:13.720Z","ask"
"1.188","271.2","2024-05-25T21:46:13.720Z","ask"
"1.1893","357.7","2024-05-25T21:46:13.720Z","ask"
"1.1894","17.8","2024-05-25T21:46:13.720Z","ask"
"1.1897","149","2024-05-25T21:46:13.720Z","ask"
"1.19","34115.9","2024-05-25T21:46:13.720Z","ask"
"1.1905","47.8","2024-05-25T21:46:13.720Z","ask"
"1.1909","12.1","2024-05-25T21:46:13.720Z","ask"
"1.191","400","2024-05-25T21:46:13.720Z","ask"
"1.1911","38.7","2024-05-25T21:46:13.720Z","ask"
"1.1921","13","2024-05-25T21:46:13.720Z","ask"
"1.1922","167.4","2024-05-25T21:46:13.720Z","ask"
"1.1928","440.6","2024-05-25T21:46:13.720Z","ask"
"1.193","721.9","2024-05-25T21:46:13.720Z","ask"
"1.194","3.9","2024-05-25T21:46:13.720Z","ask"
"1.1944","200","2024-05-25T21:46:13.720Z","ask"
"1.1947","285.5","2024-05-25T21:46:13.720Z","ask"
"1.1948","20.4","2024-05-25T21:46:13.720Z","ask"
"1.195","567.1","2024-05-25T21:46:13.720Z","ask"
"1.1951","5.8","2024-05-25T21:46:13.720Z","ask"
"1.1955","43.8","2024-05-25T21:46:13.720Z","ask"
"1.1958","17.7","2024-05-25T21:46:13.720Z","ask"
"1.196","861","2024-05-25T21:46:13.720Z","ask"
"1.1968","749.1","2024-05-25T21:46:13.720Z","ask"
"1.1969","9","2024-05-25T21:46:13.720Z","ask"
"1.197","10945","2024-05-25T21:46:13.720Z","ask"
"1.1971","57.2","2024-05-25T21:46:13.720Z","ask"
"1.1972","365.2","2024-05-25T21:46:13.720Z","ask"
"1.1981","21.3","2024-05-25T21:46:13.720Z","ask"
"1.1987","14.2","2024-05-25T21:46:13.720Z","ask"
"1.1988","17.2","2024-05-25T21:46:13.720Z","ask"
"1.199","145.6","2024-05-25T21:46:13.720Z","ask"
"1.1999","5580.7","2024-05-25T21:46:13.720Z","ask"
"1.2","292346.1","2024-05-25T21:46:13.720Z","ask"
"1.2004","43","2024-05-25T21:46:13.720Z","ask"
"1.2005","22.3","2024-05-25T21:46:13.720Z","ask"
"1.2009","60.4","2024-05-25T21:46:13.720Z","ask"
"1.201","1019.2","2024-05-25T21:46:13.720Z","ask"
"1.2014","14.7","2024-05-25T21:46:13.720Z","ask"
"1.2021","2.6","2024-05-25T21:46:13.720Z","ask"
"1.2022","17.6","2024-05-25T21:46:13.720Z","ask"
"1.2029","758.1","2024-05-25T21:46:13.720Z","ask"
"1.2032","38.3","2024-05-25T21:46:13.720Z","ask"
"1.2033","555.1","2024-05-25T21:46:13.720Z","ask"
"1.2036","75","2024-05-25T21:46:13.720Z","ask"
"1.2042","12.8","2024-05-25T21:46:13.720Z","ask"
"1.2043","12","2024-05-25T21:46:13.720Z","ask"
"1.2045","5.8","2024-05-25T21:46:13.720Z","ask"
"1.2047","3.8","2024-05-25T21:46:13.720Z","ask"
"1.2048","756.5","2024-05-25T21:46:13.720Z","ask"
"1.2052","761.4","2024-05-25T21:46:13.720Z","ask"
"1.2057","4.5","2024-05-25T21:46:13.720Z","ask"
"1.2063","11.2","2024-05-25T21:46:13.720Z","ask"
"1.207","474","2024-05-25T21:46:13.720Z","ask"
"1.2074","43.4","2024-05-25T21:46:13.720Z","ask"
"1.2083","47.1","2024-05-25T21:46:13.720Z","ask"
"1.2086","20.2","2024-05-25T21:46:13.720Z","ask"
"1.2087","17.5","2024-05-25T21:46:13.720Z","ask"
"1.2088","71.4","2024-05-25T21:46:13.720Z","ask"
"1.2093","38.1","2024-05-25T21:46:13.720Z","ask"
"1.2099","363.7","2024-05-25T21:46:13.720Z","ask"
"1.21","20735.2","2024-05-25T21:46:13.720Z","ask"
"1.2103","133.7","2024-05-25T21:46:13.720Z","ask"
"1.2107","753.1","2024-05-25T21:46:13.720Z","ask"
"1.211","3394","2024-05-25T21:46:13.720Z","ask"
"1.2115","850.2","2024-05-25T21:46:13.720Z","ask"
"1.2119","14","2024-05-25T21:46:13.720Z","ask"
"1.212","8940","2024-05-25T21:46:13.720Z","ask"
"1.2122","729","2024-05-25T21:46:13.720Z","ask"
"1.2123","11137","2024-05-25T21:46:13.720Z","ask"
"1.2139","5.7","2024-05-25T21:46:13.720Z","ask"
"1.214","59.7","2024-05-25T21:46:13.720Z","ask"
"1.2142","41.8","2024-05-25T21:46:13.720Z","ask"
"1.2144","200","2024-05-25T21:46:13.720Z","ask"
"1.2146","496.8","2024-05-25T21:46:13.720Z","ask"
"1.2152","21.1","2024-05-25T21:46:13.720Z","ask"
"1.2153","37.9","2024-05-25T21:46:13.720Z","ask"
"1.2155","3.8","2024-05-25T21:46:13.720Z","ask"
"1.2164","12.7","2024-05-25T21:46:13.720Z","ask"
"1.2167","4.5","2024-05-25T21:46:13.720Z","ask"
"1.2168","205","2024-05-25T21:46:13.720Z","ask"
"1.217","500","2024-05-25T21:46:13.720Z","ask"
"1.2177","11.8","2024-05-25T21:46:13.720Z","ask"
"1.2185","13.3","2024-05-25T21:46:13.720Z","ask"
"1.2187","150.4","2024-05-25T21:46:13.720Z","ask"
"1.2189","42.4","2024-05-25T21:46:13.720Z","ask"
"1.219","4750","2024-05-25T21:46:13.720Z","ask"
"1.2193","42.9","2024-05-25T21:46:13.720Z","ask"
"1.2198","106.7","2024-05-25T21:46:13.720Z","ask"
"1.22","4486.1","2024-05-25T21:46:13.720Z","ask"
"1.2203","35.1","2024-05-25T21:46:13.720Z","ask"
"1.2215","37.7","2024-05-25T21:46:13.720Z","ask"
"1.2217","17.3","2024-05-25T21:46:13.720Z","ask"
"1.222","225","2024-05-25T21:46:13.720Z","ask"
"1.2225","12.6","2024-05-25T21:46:13.720Z","ask"
"1.2226","20","2024-05-25T21:46:13.720Z","ask"
"1.2234","5.7","2024-05-25T21:46:13.720Z","ask"
"1.2246","4.3","2024-05-25T21:46:13.720Z","ask"
"1.2249","600","2024-05-25T21:46:13.720Z","ask"
"1.225","3379.4","2024-05-25T21:46:13.720Z","ask"
"1.2251","13.9","2024-05-25T21:46:13.720Z","ask"
"1.2263","46.4","2024-05-25T21:46:13.720Z","ask"
"1.2264","3.8","2024-05-25T21:46:13.720Z","ask"
"1.2271","77.4","2024-05-25T21:46:13.720Z","ask"
"1.2274","200","2024-05-25T21:46:13.720Z","ask"
"1.2277","37.6","2024-05-25T21:46:13.720Z","ask"
"1.2278","4.5","2024-05-25T21:46:13.720Z","ask"
"1.228","900.1","2024-05-25T21:46:13.720Z","ask"
"1.2281","1.7","2024-05-25T21:46:13.720Z","ask"
"1.2283","31.1","2024-05-25T21:46:13.720Z","ask"
"1.2285","6","2024-05-25T21:46:13.720Z","ask"
"1.2287","12.6","2024-05-25T21:46:13.720Z","ask"
"1.229","4000","2024-05-25T21:46:13.720Z","ask"
"1.2295","14","2024-05-25T21:46:13.720Z","ask"
"1.23","15425.3","2024-05-25T21:46:13.720Z","ask"
"1.2305","21.8","2024-05-25T21:46:13.720Z","ask"
"1.2309","83.6","2024-05-25T21:46:13.720Z","ask"
"1.2313","14.4","2024-05-25T21:46:13.720Z","ask"
"1.2314","54.2","2024-05-25T21:46:13.720Z","ask"
"1.232","94038.1","2024-05-25T21:46:13.720Z","ask"
"1.2321","60.3","2024-05-25T21:46:13.720Z","ask"
"1.2322","405.7","2024-05-25T21:46:13.720Z","ask"
"1.233","2005.6","2024-05-25T21:46:13.720Z","ask"
"1.2336","1.2","2024-05-25T21:46:13.720Z","ask"
"1.2337","69.9","2024-05-25T21:46:13.720Z","ask"
"1.2338","36.6","2024-05-25T21:46:13.720Z","ask"
"1.2339","37.4","2024-05-25T21:46:13.720Z","ask"
"1.2348","17.1","2024-05-25T21:46:13.720Z","ask"
"1.2349","12.5","2024-05-25T21:46:13.720Z","ask"
"1.235","133.8","2024-05-25T21:46:13.720Z","ask"
"1.2361","276.9","2024-05-25T21:46:13.720Z","ask"
"1.2368","19.7","2024-05-25T21:46:13.720Z","ask"
"1.2373","3.7","2024-05-25T21:46:13.720Z","ask"
"1.2376","41.7","2024-05-25T21:46:13.720Z","ask"
"1.238","10485","2024-05-25T21:46:13.720Z","ask"
"1.2382","537","2024-05-25T21:46:13.720Z","ask"
"1.2386","18.4","2024-05-25T21:46:13.720Z","ask"
"1.239","28968.6","2024-05-25T21:46:13.720Z","ask"
"1.2395","202.6","2024-05-25T21:46:13.720Z","ask"
"1.24","47673.9","2024-05-25T21:46:13.720Z","ask"
"1.2402","39.7","2024-05-25T21:46:13.720Z","ask"
"1.2405","58.5","2024-05-25T21:46:13.720Z","ask"
"1.2409","430","2024-05-25T21:46:13.720Z","ask"
"1.241","108.4","2024-05-25T21:46:13.720Z","ask"
"1.2411","46.9","2024-05-25T21:46:13.720Z","ask"
"1.2414","17","2024-05-25T21:46:13.720Z","ask"
"1.2427","5.5","2024-05-25T21:46:13.720Z","ask"
"1.2436","827.2","2024-05-25T21:46:13.720Z","ask"
"1.2444","240.7","2024-05-25T21:46:13.720Z","ask"
"1.2446","45.1","2024-05-25T21:46:13.720Z","ask"
"1.2447","160","2024-05-25T21:46:13.720Z","ask"
"1.245","2234.9","2024-05-25T21:46:13.720Z","ask"
"1.2452","11.6","2024-05-25T21:46:13.720Z","ask"
"1.2457","36.2","2024-05-25T21:46:13.720Z","ask"
"1.2464","37","2024-05-25T21:46:13.720Z","ask"
"1.247","883.8","2024-05-25T21:46:13.720Z","ask"
"1.2474","12.4","2024-05-25T21:46:13.720Z","ask"
"1.2475","100","2024-05-25T21:46:13.720Z","ask"
"1.248","1278.4","2024-05-25T21:46:13.720Z","ask"
"1.2481","16.9","2024-05-25T21:46:13.720Z","ask"
"1.2484","199.8","2024-05-25T21:46:13.720Z","ask"
"1.2487","149","2024-05-25T21:46:13.720Z","ask"
"1.2495","100","2024-05-25T21:46:13.720Z","ask"
"1.25","230485","2024-05-25T21:46:13.720Z","ask"
"1.2501","1.2","2024-05-25T21:46:13.720Z","ask"
"1.2504","1344.4","2024-05-25T21:46:13.720Z","ask"
"1.251","13000","2024-05-25T21:46:13.720Z","ask"
"1.2512","749.1","2024-05-25T21:46:13.720Z","ask"
"1.2514","0.1","2024-05-25T21:46:13.720Z","ask"
"1.2515","7.9","2024-05-25T21:46:13.720Z","ask"
"1.2519","1963.8","2024-05-25T21:46:13.720Z","ask"
"1.252","1000","2024-05-25T21:46:13.720Z","ask"
"1.2521","13.6","2024-05-25T21:46:13.720Z","ask"
"1.2522","1687.8","2024-05-25T21:46:13.720Z","ask"
"1.2524","5.5","2024-05-25T21:46:13.720Z","ask"
"1.2527","36.8","2024-05-25T21:46:13.720Z","ask"
"1.2528","32.3","2024-05-25T21:46:13.720Z","ask"
"1.253","6277","2024-05-25T21:46:13.720Z","ask"
"1.2536","12.3","2024-05-25T21:46:13.720Z","ask"
"1.2539","57.8","2024-05-25T21:46:13.720Z","ask"
"1.254","5548","2024-05-25T21:46:13.720Z","ask"
"1.2548","16.9","2024-05-25T21:46:13.720Z","ask"
"1.255","9000","2024-05-25T21:46:13.720Z","ask"
"1.2551","580.5","2024-05-25T21:46:13.720Z","ask"
"1.256","5848.1","2024-05-25T21:46:13.720Z","ask"
"1.2563","417.8","2024-05-25T21:46:13.720Z","ask"
"1.2566","41.1","2024-05-25T21:46:13.720Z","ask"
"1.2574","480.8","2024-05-25T21:46:13.720Z","ask"
"1.2577","53.7","2024-05-25T21:46:13.720Z","ask"
"1.258","105.9","2024-05-25T21:46:13.720Z","ask"
"1.2581","18.9","2024-05-25T21:46:13.720Z","ask"
"1.2585","68.6","2024-05-25T21:46:13.720Z","ask"
"1.259","258.4","2024-05-25T21:46:13.720Z","ask"
"1.2591","68.8","2024-05-25T21:46:13.720Z","ask"
"1.2592","11.5","2024-05-25T21:46:13.720Z","ask"
"1.2596","3.7","2024-05-25T21:46:13.720Z","ask"
"1.2599","295.3","2024-05-25T21:46:13.720Z","ask"
"1.26","42961.4","2024-05-25T21:46:13.720Z","ask"
"1.2611","21.3","2024-05-25T21:46:13.720Z","ask"
"1.2616","16.8","2024-05-25T21:46:13.720Z","ask"
"1.262","14","2024-05-25T21:46:13.720Z","ask"
"1.2622","33.9","2024-05-25T21:46:13.720Z","ask"
"1.2623","5.5","2024-05-25T21:46:13.720Z","ask"
"1.2632","45.7","2024-05-25T21:46:13.720Z","ask"
"1.2635","101.9","2024-05-25T21:46:13.720Z","ask"
"1.264","1226","2024-05-25T21:46:13.720Z","ask"
"1.2646","43.6","2024-05-25T21:46:13.720Z","ask"
"1.2647","2.1","2024-05-25T21:46:13.720Z","ask"
"1.2655","186.7","2024-05-25T21:46:13.720Z","ask"
"1.2657","462.9","2024-05-25T21:46:13.720Z","ask"
"1.2658","13.4","2024-05-25T21:46:13.720Z","ask"
"1.266","281.7","2024-05-25T21:46:13.720Z","ask"
"1.2661","18397.5","2024-05-25T21:46:13.720Z","ask"
"1.2663","12.2","2024-05-25T21:46:13.720Z","ask"
"1.2669","526.8","2024-05-25T21:46:13.720Z","ask"
"1.267","70","2024-05-25T21:46:13.720Z","ask"
"1.2672","1058.8","2024-05-25T21:46:13.720Z","ask"
"1.2674","7.2","2024-05-25T21:46:13.720Z","ask"
"1.2676","57.2","2024-05-25T21:46:13.720Z","ask"
"1.2684","58","2024-05-25T21:46:13.720Z","ask"
"1.2693","349.2","2024-05-25T21:46:13.720Z","ask"
"1.2699","35.5","2024-05-25T21:46:13.720Z","ask"
"1.27","49871.2","2024-05-25T21:46:13.720Z","ask"
"1.2706","356.1","2024-05-25T21:46:13.720Z","ask"
"1.2709","3.6","2024-05-25T21:46:13.720Z","ask"
"1.2719","68","2024-05-25T21:46:13.720Z","ask"
"1.272","8.7","2024-05-25T21:46:13.720Z","ask"
"1.2721","696.5","2024-05-25T21:46:13.721Z","ask"
"1.2722","5.6","2024-05-25T21:46:13.721Z","ask"
"1.2727","27","2024-05-25T21:46:13.721Z","ask"
"1.2733","126.6","2024-05-25T21:46:13.721Z","ask"
"1.2734","11.3","2024-05-25T21:46:13.721Z","ask"
"1.2738","11.2","2024-05-25T21:46:13.721Z","ask"
"1.2744","223","2024-05-25T21:46:13.721Z","ask"
"1.275","166.1","2024-05-25T21:46:13.721Z","ask"
"1.2752","16.6","2024-05-25T21:46:13.721Z","ask"
"1.2753","39.8","2024-05-25T21:46:13.721Z","ask"
"1.2756","809","2024-05-25T21:46:13.721Z","ask"
"1.2759","40.5","2024-05-25T21:46:13.721Z","ask"
"1.276","2862","2024-05-25T21:46:13.721Z","ask"
"1.2761","1221","2024-05-25T21:46:13.721Z","ask"
"1.2762","60","2024-05-25T21:46:13.721Z","ask"
"1.277","8445.8","2024-05-25T21:46:13.721Z","ask"
"1.2771","10478","2024-05-25T21:46:13.721Z","ask"
"1.278","1049.6","2024-05-25T21:46:13.721Z","ask"
"1.2783","36.1","2024-05-25T21:46:13.721Z","ask"
"1.2784","31.7","2024-05-25T21:46:13.721Z","ask"
"1.279","3000","2024-05-25T21:46:13.721Z","ask"
"1.2791","12.1","2024-05-25T21:46:13.721Z","ask"
"1.2796","13.3","2024-05-25T21:46:13.721Z","ask"
"1.28","138468.4","2024-05-25T21:46:13.721Z","ask"
"1.2809","40.9","2024-05-25T21:46:13.721Z","ask"
"1.2813","56.6","2024-05-25T21:46:13.721Z","ask"
"1.2814","500","2024-05-25T21:46:13.721Z","ask"
"1.282","165.4","2024-05-25T21:46:13.721Z","ask"
"1.2822","40.6","2024-05-25T21:46:13.721Z","ask"
"1.2823","3.6","2024-05-25T21:46:13.721Z","ask"
"1.2824","84.6","2024-05-25T21:46:13.721Z","ask"
"1.2829","165","2024-05-25T21:46:13.721Z","ask"
"1.283","49.8","2024-05-25T21:46:13.721Z","ask"
"1.2831","99.9","2024-05-25T21:46:13.721Z","ask"
"1.2837","33.4","2024-05-25T21:46:13.721Z","ask"
"1.2839","67.2","2024-05-25T21:46:13.721Z","ask"
"1.284","10230.1","2024-05-25T21:46:13.721Z","ask"
"1.2847","35.9","2024-05-25T21:46:13.721Z","ask"
"1.2848","102.4","2024-05-25T21:46:13.721Z","ask"
"1.2849","31.5","2024-05-25T21:46:13.721Z","ask"
"1.285","3142.4","2024-05-25T21:46:13.721Z","ask"
"1.2851","2451.8","2024-05-25T21:46:13.721Z","ask"
"1.2855","12","2024-05-25T21:46:13.721Z","ask"
"1.2856","752.5","2024-05-25T21:46:13.721Z","ask"
"1.286","39.5","2024-05-25T21:46:13.721Z","ask"
"1.2868","673.7","2024-05-25T21:46:13.721Z","ask"
"1.2869","8.9","2024-05-25T21:46:13.721Z","ask"
"1.287","1942.5","2024-05-25T21:46:13.721Z","ask"
"1.2874","200","2024-05-25T21:46:13.721Z","ask"
"1.2876","11.2","2024-05-25T21:46:13.721Z","ask"
"1.2878","994.5","2024-05-25T21:46:13.721Z","ask"
"1.288","4133.9","2024-05-25T21:46:13.721Z","ask"
"1.2882","131.7","2024-05-25T21:46:13.721Z","ask"
"1.2888","458.8","2024-05-25T21:46:13.721Z","ask"
"1.2889","16.4","2024-05-25T21:46:13.721Z","ask"
"1.289","3741.6","2024-05-25T21:46:13.721Z","ask"
"1.2891","17.4","2024-05-25T21:46:13.721Z","ask"
"1.2893","1513.4","2024-05-25T21:46:13.721Z","ask"
"1.2894","271.4","2024-05-25T21:46:13.721Z","ask"
"1.2899","1.4","2024-05-25T21:46:13.721Z","ask"
"1.29","69243.2","2024-05-25T21:46:13.721Z","ask"
"1.2902","41.8","2024-05-25T21:46:13.721Z","ask"
"1.2904","353.9","2024-05-25T21:46:13.721Z","ask"
"1.2908","25634.2","2024-05-25T21:46:13.721Z","ask"
"1.2912","35.7","2024-05-25T21:46:13.721Z","ask"
"1.2913","31.4","2024-05-25T21:46:13.721Z","ask"
"1.2916","8","2024-05-25T21:46:13.721Z","ask"
"1.2917","38.8","2024-05-25T21:46:13.721Z","ask"
"1.292","485.7","2024-05-25T21:46:13.721Z","ask"
"1.2922","5.3","2024-05-25T21:46:13.721Z","ask"
"1.2923","120000","2024-05-25T21:46:13.721Z","ask"
"1.2925","20.7","2024-05-25T21:46:13.721Z","ask"
"1.2926","539.4","2024-05-25T21:46:13.721Z","ask"
"1.2927","10000","2024-05-25T21:46:13.721Z","ask"
"1.2928","23.4","2024-05-25T21:46:13.721Z","ask"
"1.293","11.8","2024-05-25T21:46:13.721Z","ask"
"1.2931","50000","2024-05-25T21:46:13.721Z","ask"
"1.2933","13.7","2024-05-25T21:46:13.721Z","ask"
"1.2936","40.5","2024-05-25T21:46:13.721Z","ask"
"1.2937","13.1","2024-05-25T21:46:13.721Z","ask"
"1.2938","3.5","2024-05-25T21:46:13.721Z","ask"
"1.294","2213.2","2024-05-25T21:46:13.721Z","ask"
"1.2944","200","2024-05-25T21:46:13.721Z","ask"
"1.2946","34.9","2024-05-25T21:46:13.721Z","ask"
"1.2948","1.2","2024-05-25T21:46:13.721Z","ask"
"1.295","4735","2024-05-25T21:46:13.721Z","ask"
"1.2952","55.9","2024-05-25T21:46:13.721Z","ask"
"1.2955","39.8","2024-05-25T21:46:13.721Z","ask"
"1.2958","16.3","2024-05-25T21:46:13.721Z","ask"
"1.2969","1472.6","2024-05-25T21:46:13.721Z","ask"
"1.2977","35.5","2024-05-25T21:46:13.721Z","ask"
"1.2979","31.1","2024-05-25T21:46:13.721Z","ask"
"1.298","4960","2024-05-25T21:46:13.721Z","ask"
"1.2984","10000","2024-05-25T21:46:13.721Z","ask"
"1.2985","11.8","2024-05-25T21:46:13.721Z","ask"
"1.2988","23.1","2024-05-25T21:46:13.721Z","ask"
"1.299","586.6","2024-05-25T21:46:13.721Z","ask"
"1.2995","345.5","2024-05-25T21:46:13.721Z","ask"
"1.2998","86.4","2024-05-25T21:46:13.721Z","ask"
"1.2999","258.2","2024-05-25T21:46:13.721Z","ask"
"1.3","221206.1","2024-05-25T21:46:13.721Z","ask"
"1.3016","75","2024-05-25T21:46:13.721Z","ask"
"1.302","88.4","2024-05-25T21:46:13.721Z","ask"
"1.3024","5.3","2024-05-25T21:46:13.721Z","ask"
"1.3025","3692.6","2024-05-25T21:46:13.721Z","ask"
"1.3027","21.5","2024-05-25T21:46:13.721Z","ask"
"1.3037","38.3","2024-05-25T21:46:13.721Z","ask"
"1.3038","384.9","2024-05-25T21:46:13.721Z","ask"
"1.304","351.8","2024-05-25T21:46:13.721Z","ask"
"1.3043","35.3","2024-05-25T21:46:13.721Z","ask"
"1.3045","31","2024-05-25T21:46:13.721Z","ask"
"1.305","127.6","2024-05-25T21:46:13.721Z","ask"
"1.3051","11.8","2024-05-25T21:46:13.721Z","ask"
"1.3052","10000","2024-05-25T21:46:13.721Z","ask"
"1.3054","3.5","2024-05-25T21:46:13.721Z","ask"
"1.3056","781.8","2024-05-25T21:46:13.721Z","ask"
"1.306","625.5","2024-05-25T21:46:13.721Z","ask"
"1.3065","40.1","2024-05-25T21:46:13.721Z","ask"
"1.307","1039.1","2024-05-25T21:46:13.721Z","ask"
"1.3071","458.5","2024-05-25T21:46:13.721Z","ask"
"1.3072","34.5","2024-05-25T21:46:13.721Z","ask"
"1.3074","200","2024-05-25T21:46:13.721Z","ask"
"1.3075","11.2","2024-05-25T21:46:13.721Z","ask"
"1.3076","2.4","2024-05-25T21:46:13.721Z","ask"
"1.3079","13","2024-05-25T21:46:13.721Z","ask"
"1.3082","468.9","2024-05-25T21:46:13.721Z","ask"
"1.3083","50","2024-05-25T21:46:13.721Z","ask"
"1.3088","382","2024-05-25T21:46:13.721Z","ask"
"1.309","3","2024-05-25T21:46:13.721Z","ask"
"1.3091","15.5","2024-05-25T21:46:13.721Z","ask"
"1.3092","55.3","2024-05-25T21:46:13.721Z","ask"
"1.3097","82","2024-05-25T21:46:13.721Z","ask"
"1.31","12072.2","2024-05-25T21:46:13.721Z","ask"
"1.3103","7.6","2024-05-25T21:46:13.721Z","ask"
"1.3109","35.2","2024-05-25T21:46:13.721Z","ask"
"1.311","71252.9","2024-05-25T21:46:13.721Z","ask"
"1.3111","30.8","2024-05-25T21:46:13.721Z","ask"
"1.3119","1038","2024-05-25T21:46:13.721Z","ask"
"1.312","582.5","2024-05-25T21:46:13.721Z","ask"
"1.3126","5.2","2024-05-25T21:46:13.721Z","ask"
"1.314","4719","2024-05-25T21:46:13.721Z","ask"
"1.315","85.8","2024-05-25T21:46:13.721Z","ask"
"1.3153","39.2","2024-05-25T21:46:13.721Z","ask"
"1.316","7883.3","2024-05-25T21:46:13.721Z","ask"
"1.3161","193.7","2024-05-25T21:46:13.721Z","ask"
"1.3167","11","2024-05-25T21:46:13.721Z","ask"
"1.3168","16.1","2024-05-25T21:46:13.721Z","ask"
"1.3171","3.5","2024-05-25T21:46:13.721Z","ask"
"1.3183","7900.5","2024-05-25T21:46:13.721Z","ask"
"1.3187","4774.8","2024-05-25T21:46:13.721Z","ask"
"1.319","3711.1","2024-05-25T21:46:13.721Z","ask"
"1.3194","39.7","2024-05-25T21:46:13.721Z","ask"
"1.3198","34.2","2024-05-25T21:46:13.721Z","ask"
"1.3199","407.8","2024-05-25T21:46:13.721Z","ask"
"1.32","38815.9","2024-05-25T21:46:13.721Z","ask"
"1.3212","965.3","2024-05-25T21:46:13.721Z","ask"
"1.3215","17","2024-05-25T21:46:13.721Z","ask"
"1.3221","12.9","2024-05-25T21:46:13.721Z","ask"
"1.3229","5.2","2024-05-25T21:46:13.721Z","ask"
"1.323","207.2","2024-05-25T21:46:13.721Z","ask"
"1.3233","15.4","2024-05-25T21:46:13.721Z","ask"
"1.3234","211.2","2024-05-25T21:46:13.721Z","ask"
"1.3236","50","2024-05-25T21:46:13.721Z","ask"
"1.3238","16","2024-05-25T21:46:13.721Z","ask"
"1.3244","200","2024-05-25T21:46:13.721Z","ask"
"1.3248","20.2","2024-05-25T21:46:13.721Z","ask"
"1.325","606.6","2024-05-25T21:46:13.721Z","ask"
"1.3255","13.3","2024-05-25T21:46:13.721Z","ask"
"1.327","342.2","2024-05-25T21:46:13.721Z","ask"
"1.3274","15","2024-05-25T21:46:13.721Z","ask"
"1.3275","6.7","2024-05-25T21:46:13.721Z","ask"
"1.3278","32.3","2024-05-25T21:46:13.721Z","ask"
"1.3289","3.5","2024-05-25T21:46:13.721Z","ask"
"1.33","8144.8","2024-05-25T21:46:13.721Z","ask"
"1.3307","227.6","2024-05-25T21:46:13.721Z","ask"
"1.331","15.9","2024-05-25T21:46:13.721Z","ask"
"1.3315","3144.8","2024-05-25T21:46:13.721Z","ask"
"1.3319","2000","2024-05-25T21:46:13.721Z","ask"
"1.332","3","2024-05-25T21:46:13.721Z","ask"
"1.3325","39.3","2024-05-25T21:46:13.721Z","ask"
"1.333","2118.5","2024-05-25T21:46:13.721Z","ask"
"1.3332","5.2","2024-05-25T21:46:13.721Z","ask"
"1.3333","152.3","2024-05-25T21:46:13.721Z","ask"
"1.3335","25.7","2024-05-25T21:46:13.721Z","ask"
"1.3337","70","2024-05-25T21:46:13.721Z","ask"
"1.3342","50","2024-05-25T21:46:13.721Z","ask"
"1.335","8.7","2024-05-25T21:46:13.721Z","ask"
"1.3351","231.5","2024-05-25T21:46:13.721Z","ask"
"1.3355","38.7","2024-05-25T21:46:13.721Z","ask"
"1.3361","64.6","2024-05-25T21:46:13.721Z","ask"
"1.3362","4505","2024-05-25T21:46:13.721Z","ask"
"1.3365","22","2024-05-25T21:46:13.721Z","ask"
"1.3366","162.7","2024-05-25T21:46:13.721Z","ask"
"1.337","2090.5","2024-05-25T21:46:13.721Z","ask"
"1.3373","20.9","2024-05-25T21:46:13.721Z","ask"
"1.3379","27","2024-05-25T21:46:13.721Z","ask"
"1.3394","37.8","2024-05-25T21:46:13.721Z","ask"
"1.34","17058.9","2024-05-25T21:46:13.721Z","ask"
"1.3401","5000","2024-05-25T21:46:13.721Z","ask"
"1.3403","1547.2","2024-05-25T21:46:13.721Z","ask"
"1.3408","3.5","2024-05-25T21:46:13.721Z","ask"
"1.341","50","2024-05-25T21:46:13.721Z","ask"
"1.3413","11.2","2024-05-25T21:46:13.721Z","ask"
"1.342","5628","2024-05-25T21:46:13.721Z","ask"
"1.3424","10893.6","2024-05-25T21:46:13.721Z","ask"
"1.343","3.8","2024-05-25T21:46:13.721Z","ask"
"1.3431","496.2","2024-05-25T21:46:13.721Z","ask"
"1.3437","5.1","2024-05-25T21:46:13.721Z","ask"
"1.3444","232.5","2024-05-25T21:46:13.721Z","ask"
"1.345","1542.4","2024-05-25T21:46:13.721Z","ask"
"1.3456","38.9","2024-05-25T21:46:13.721Z","ask"
"1.3461","207.4","2024-05-25T21:46:13.721Z","ask"
"1.3466","119.5","2024-05-25T21:46:13.721Z","ask"
"1.3471","11.1","2024-05-25T21:46:13.721Z","ask"
"1.348","40","2024-05-25T21:46:13.721Z","ask"
"1.3485","2","2024-05-25T21:46:13.721Z","ask"
"1.3486","14.8","2024-05-25T21:46:13.721Z","ask"
"1.3489","1500","2024-05-25T21:46:13.721Z","ask"
"1.3492","1.2","2024-05-25T21:46:13.721Z","ask"
"1.3494","40.3","2024-05-25T21:46:13.721Z","ask"
"1.35","75733.7","2024-05-25T21:46:13.721Z","ask"
"1.3513","12.6","2024-05-25T21:46:13.721Z","ask"
"1.3517","20","2024-05-25T21:46:13.721Z","ask"
"1.352","1174.1","2024-05-25T21:46:13.721Z","ask"
"1.3532","75","2024-05-25T21:46:13.721Z","ask"
"1.3542","979","2024-05-25T21:46:13.721Z","ask"
"1.3544","200","2024-05-25T21:46:13.721Z","ask"
"1.3545","16.5","2024-05-25T21:46:13.721Z","ask"
"1.355","5073.8","2024-05-25T21:46:13.721Z","ask"
"1.3577","19.7","2024-05-25T21:46:13.721Z","ask"
"1.3584","13","2024-05-25T21:46:13.721Z","ask"
"1.3589","10000","2024-05-25T21:46:13.721Z","ask"
"1.359","138.5","2024-05-25T21:46:13.721Z","ask"
"1.3595","100","2024-05-25T21:46:13.721Z","ask"
"1.36","1172.8","2024-05-25T21:46:13.721Z","ask"
"1.3612","33.6","2024-05-25T21:46:13.721Z","ask"
"1.3629","63.3","2024-05-25T21:46:13.721Z","ask"
"1.364","13185","2024-05-25T21:46:13.721Z","ask"
"1.3644","200","2024-05-25T21:46:13.721Z","ask"
"1.3649","5","2024-05-25T21:46:13.721Z","ask"
"1.365","2976.4","2024-05-25T21:46:13.721Z","ask"
