"price","volume","timestamp","type"
"1.92","187.8","2024-05-25T19:43:46.875Z","ask"
"1.921","703.79","2024-05-25T19:43:46.875Z","ask"
"1.922","502.45","2024-05-25T19:43:46.875Z","ask"
"1.923","938.19","2024-05-25T19:43:46.875Z","ask"
"1.924","2738.47","2024-05-25T19:43:46.875Z","ask"
"1.925","2104","2024-05-25T19:43:46.875Z","ask"
"1.926","622.48","2024-05-25T19:43:46.875Z","ask"
"1.929","805.52","2024-05-25T19:43:46.875Z","ask"
"1.931","1349.08","2024-05-25T19:43:46.875Z","ask"
"1.932","5.44","2024-05-25T19:43:46.875Z","ask"
"1.935","10.35","2024-05-25T19:43:46.875Z","ask"
"1.938","1556.19","2024-05-25T19:43:46.875Z","ask"
"1.941","1159.19","2024-05-25T19:43:46.875Z","ask"
"1.943","5.41","2024-05-25T19:43:46.875Z","ask"
"1.948","1867.43","2024-05-25T19:43:46.875Z","ask"
"1.949","2","2024-05-25T19:43:46.875Z","ask"
"1.956","5.37","2024-05-25T19:43:46.875Z","ask"
"1.958","255.36","2024-05-25T19:43:46.875Z","ask"
"1.967","0.27","2024-05-25T19:43:46.875Z","ask"
"1.968","10.78","2024-05-25T19:43:46.875Z","ask"
"1.97","2","2024-05-25T19:43:46.875Z","ask"
"1.979","5.31","2024-05-25T19:43:46.875Z","ask"
"1.99","12","2024-05-25T19:43:46.875Z","ask"
"1.991","5.28","2024-05-25T19:43:46.875Z","ask"
"2.002","10.27","2024-05-25T19:43:46.875Z","ask"
"2.003","5.25","2024-05-25T19:43:46.875Z","ask"
"2.01","2","2024-05-25T19:43:46.875Z","ask"
"2.015","5.22","2024-05-25T19:43:46.875Z","ask"
"2.028","5.18","2024-05-25T19:43:46.875Z","ask"
"2.04","5.15","2024-05-25T19:43:46.875Z","ask"
"2.048","1887.76","2024-05-25T19:43:46.875Z","ask"
"2.05","10","2024-05-25T19:43:46.875Z","ask"
"2.052","5.12","2024-05-25T19:43:46.875Z","ask"
"2.054","5.41","2024-05-25T19:43:46.875Z","ask"
"2.065","5.09","2024-05-25T19:43:46.875Z","ask"
"2.068","5.11","2024-05-25T19:43:46.875Z","ask"
"2.077","5.06","2024-05-25T19:43:46.875Z","ask"
"2.078","0.01","2024-05-25T19:43:46.875Z","ask"
"2.089","5.03","2024-05-25T19:43:46.875Z","ask"
"2.103","5","2024-05-25T19:43:46.875Z","ask"
"2.116","4.97","2024-05-25T19:43:46.875Z","ask"
"2.128","4.94","2024-05-25T19:43:46.875Z","ask"
"2.135","4.98","2024-05-25T19:43:46.875Z","ask"
"2.141","4.91","2024-05-25T19:43:46.875Z","ask"
"2.153","4.2","2024-05-25T19:43:46.875Z","ask"
"2.154","4.88","2024-05-25T19:43:46.875Z","ask"
"2.168","4.85","2024-05-25T19:43:46.875Z","ask"
"2.174","16","2024-05-25T19:43:46.875Z","ask"
"2.181","4.82","2024-05-25T19:43:46.875Z","ask"
"2.194","4.79","2024-05-25T19:43:46.875Z","ask"
"2.197","94.02","2024-05-25T19:43:46.875Z","ask"
"2.2","47.38","2024-05-25T19:43:46.875Z","ask"
"2.207","4.76","2024-05-25T19:43:46.875Z","ask"
"2.208","4.14","2024-05-25T19:43:46.875Z","ask"
"2.209","0.23","2024-05-25T19:43:46.875Z","ask"
"2.22","4.73","2024-05-25T19:43:46.875Z","ask"
"2.224","75.31","2024-05-25T19:43:46.875Z","ask"
"2.225","10.12","2024-05-25T19:43:46.875Z","ask"
"2.226","0.22","2024-05-25T19:43:46.875Z","ask"
"2.233","4.71","2024-05-25T19:43:46.875Z","ask"
"2.247","4.68","2024-05-25T19:43:46.875Z","ask"
"2.261","0.52","2024-05-25T19:43:46.875Z","ask"
"2.27","0.67","2024-05-25T19:43:46.875Z","ask"
"2.274","13.22","2024-05-25T19:43:46.875Z","ask"
"2.281","1.34","2024-05-25T19:43:46.875Z","ask"
"2.282","0.67","2024-05-25T19:43:46.875Z","ask"
"2.292","251.24","2024-05-25T19:43:46.875Z","ask"
"2.3","0.21","2024-05-25T19:43:46.875Z","ask"
"2.313","0.67","2024-05-25T19:43:46.875Z","ask"
"2.345","14.2","2024-05-25T19:43:46.875Z","ask"
"2.354","0.67","2024-05-25T19:43:46.876Z","ask"
"2.362","0.67","2024-05-25T19:43:46.876Z","ask"
"2.365","55","2024-05-25T19:43:46.876Z","ask"
"2.37","0.67","2024-05-25T19:43:46.876Z","ask"
"2.378","0.67","2024-05-25T19:43:46.876Z","ask"
"2.39","4202.1","2024-05-25T19:43:46.876Z","ask"
"2.4","52","2024-05-25T19:43:46.876Z","ask"
"2.401","0.67","2024-05-25T19:43:46.876Z","ask"
"2.405","949.69","2024-05-25T19:43:46.876Z","ask"
"2.414","30.5","2024-05-25T19:43:46.876Z","ask"
"2.456","4.99","2024-05-25T19:43:46.876Z","ask"
"2.468","35","2024-05-25T19:43:46.876Z","ask"
"2.48","5.83","2024-05-25T19:43:46.876Z","ask"
"2.484","2.16","2024-05-25T19:43:46.876Z","ask"
"2.5","80.15","2024-05-25T19:43:46.876Z","ask"
"2.503","36.8","2024-05-25T19:43:46.876Z","ask"
"2.514","2793.37","2024-05-25T19:43:46.876Z","ask"
"2.536","4.2","2024-05-25T19:43:46.876Z","ask"
"2.55","804.26","2024-05-25T19:43:46.876Z","ask"
"2.562","2793.37","2024-05-25T19:43:46.876Z","ask"
"2.566","166.25","2024-05-25T19:43:46.876Z","ask"
"2.569","1.23","2024-05-25T19:43:46.876Z","ask"
"2.584","6.58","2024-05-25T19:43:46.876Z","ask"
"2.59","79.36","2024-05-25T19:43:46.876Z","ask"
"2.597","21.1","2024-05-25T19:43:46.876Z","ask"
"2.6","51.52","2024-05-25T19:43:46.876Z","ask"
"2.611","1396.68","2024-05-25T19:43:46.876Z","ask"
"2.625","20.74","2024-05-25T19:43:46.876Z","ask"
"2.67","5312.8","2024-05-25T19:43:46.876Z","ask"
"2.678","21.73","2024-05-25T19:43:46.876Z","ask"
"2.68","424.7","2024-05-25T19:43:46.876Z","ask"
"2.686","100","2024-05-25T19:43:46.876Z","ask"
"2.69","11","2024-05-25T19:43:46.876Z","ask"
"2.728","4.2","2024-05-25T19:43:46.876Z","ask"
"2.76","123.91","2024-05-25T19:43:46.876Z","ask"
"2.8","8.55","2024-05-25T19:43:46.876Z","ask"
"2.803","1034.23","2024-05-25T19:43:46.876Z","ask"
"2.82","80.85","2024-05-25T19:43:46.876Z","ask"
"2.85","100","2024-05-25T19:43:46.876Z","ask"
"2.857","204.93","2024-05-25T19:43:46.876Z","ask"
"2.88","6.54","2024-05-25T19:43:46.876Z","ask"
"2.9","35.1","2024-05-25T19:43:46.876Z","ask"
"2.919","4.2","2024-05-25T19:43:46.876Z","ask"
"2.932","25.87","2024-05-25T19:43:46.876Z","ask"
"2.945","4068.81","2024-05-25T19:43:46.876Z","ask"
"2.97","120","2024-05-25T19:43:46.876Z","ask"
"2.98","27.38","2024-05-25T19:43:46.876Z","ask"
"2.99","24.11","2024-05-25T19:43:46.876Z","ask"
"3","174.62","2024-05-25T19:43:46.876Z","ask"
"3.004","347.33","2024-05-25T19:43:46.876Z","ask"
"3.111","4.2","2024-05-25T19:43:46.876Z","ask"
"3.141","28","2024-05-25T19:43:46.876Z","ask"
"3.159","2.55","2024-05-25T19:43:46.876Z","ask"
"3.165","9.27","2024-05-25T19:43:46.876Z","ask"
"3.212","0.78","2024-05-25T19:43:46.876Z","ask"
"3.24","5","2024-05-25T19:43:46.876Z","ask"
"3.25","38.29","2024-05-25T19:43:46.876Z","ask"
"3.3","619.7","2024-05-25T19:43:46.876Z","ask"
"3.302","4.2","2024-05-25T19:43:46.876Z","ask"
"3.33","4.36","2024-05-25T19:43:46.876Z","ask"
"3.389","3.27","2024-05-25T19:43:46.876Z","ask"
"3.4","225.62","2024-05-25T19:43:46.876Z","ask"
"3.488","4.88","2024-05-25T19:43:46.876Z","ask"
"3.494","4.2","2024-05-25T19:43:46.876Z","ask"
"3.499","2.79","2024-05-25T19:43:46.876Z","ask"
"3.5","1840.11","2024-05-25T19:43:46.876Z","ask"
"3.555","11.84","2024-05-25T19:43:46.876Z","ask"
"3.593","16.48","2024-05-25T19:43:46.876Z","ask"
"3.599","3.08","2024-05-25T19:43:46.876Z","ask"
"3.627","152.56","2024-05-25T19:43:46.876Z","ask"
"3.64","71.64","2024-05-25T19:43:46.876Z","ask"
"3.65","8.93","2024-05-25T19:43:46.876Z","ask"
"3.686","4.2","2024-05-25T19:43:46.876Z","ask"
"3.7","10.11","2024-05-25T19:43:46.876Z","ask"
"3.73","125","2024-05-25T19:43:46.876Z","ask"
"3.74","202.51","2024-05-25T19:43:46.876Z","ask"
"3.79","460","2024-05-25T19:43:46.876Z","ask"
"3.839","2.62","2024-05-25T19:43:46.876Z","ask"
"3.878","4.2","2024-05-25T19:43:46.876Z","ask"
"3.9","11.33","2024-05-25T19:43:46.876Z","ask"
"3.99","19.12","2024-05-25T19:43:46.876Z","ask"
"4","328.67","2024-05-25T19:43:46.876Z","ask"
"4.07","4.2","2024-05-25T19:43:46.876Z","ask"
"4.25","705.88","2024-05-25T19:43:46.876Z","ask"
"4.259","2.5","2024-05-25T19:43:46.876Z","ask"
"4.262","4.2","2024-05-25T19:43:46.876Z","ask"
"4.3","300","2024-05-25T19:43:46.876Z","ask"
"4.347","14.55","2024-05-25T19:43:46.876Z","ask"
"4.36","508.5","2024-05-25T19:43:46.876Z","ask"
"4.372","24.7","2024-05-25T19:43:46.876Z","ask"
"4.454","4.2","2024-05-25T19:43:46.876Z","ask"
"4.48","6.72","2024-05-25T19:43:46.876Z","ask"
"4.646","4.2","2024-05-25T19:43:46.876Z","ask"
"4.7","1683.77","2024-05-25T19:43:46.876Z","ask"
"4.709","3.61","2024-05-25T19:43:46.876Z","ask"
"4.76","126.77","2024-05-25T19:43:46.876Z","ask"
"4.838","4.2","2024-05-25T19:43:46.876Z","ask"
"4.99","492.74","2024-05-25T19:43:46.876Z","ask"
"5","2758.94","2024-05-25T19:43:46.876Z","ask"
"5.03","4.2","2024-05-25T19:43:46.876Z","ask"
"5.2","0.72","2024-05-25T19:43:46.876Z","ask"
"5.222","4.2","2024-05-25T19:43:46.876Z","ask"
"5.25","1500","2024-05-25T19:43:46.876Z","ask"
"5.28","188.47","2024-05-25T19:43:46.876Z","ask"
"5.32","1200","2024-05-25T19:43:46.876Z","ask"
"5.354","7.21","2024-05-25T19:43:46.876Z","ask"
"5.414","4.2","2024-05-25T19:43:46.876Z","ask"
"5.526","10.91","2024-05-25T19:43:46.876Z","ask"
"5.555","8.88","2024-05-25T19:43:46.876Z","ask"
"5.6","0.67","2024-05-25T19:43:46.876Z","ask"
"5.606","4.2","2024-05-25T19:43:46.876Z","ask"
"5.752","93.01","2024-05-25T19:43:46.876Z","ask"
"5.798","4.2","2024-05-25T19:43:46.876Z","ask"
"5.87","4.2","2024-05-25T19:43:46.876Z","ask"
"5.89","259.76","2024-05-25T19:43:46.876Z","ask"
"5.9","135.31","2024-05-25T19:43:46.876Z","ask"
"6.45","1500","2024-05-25T19:43:46.876Z","ask"
"6.967","0.67","2024-05-25T19:43:46.876Z","ask"
"7","197.6","2024-05-25T19:43:46.876Z","ask"
"7.109","7.21","2024-05-25T19:43:46.876Z","ask"
"7.21","1.95","2024-05-25T19:43:46.876Z","ask"
"7.269","13.32","2024-05-25T19:43:46.876Z","ask"
"7.5","10","2024-05-25T19:43:46.876Z","ask"
"8.08","188","2024-05-25T19:43:46.876Z","ask"
"8.15","1500","2024-05-25T19:43:46.876Z","ask"
"9","62.1","2024-05-25T19:43:46.876Z","ask"
"9.5","80","2024-05-25T19:43:46.876Z","ask"
"9.9","0.67","2024-05-25T19:43:46.876Z","ask"
"9.929","7.21","2024-05-25T19:43:46.876Z","ask"
"9.983","1.01","2024-05-25T19:43:46.876Z","ask"
"9.99","259.76","2024-05-25T19:43:46.876Z","ask"
"10","727.28","2024-05-25T19:43:46.876Z","ask"
"10.25","3000","2024-05-25T19:43:46.876Z","ask"
"10.364","10.42","2024-05-25T19:43:46.876Z","ask"
"11","5","2024-05-25T19:43:46.876Z","ask"
"11.08","188.72","2024-05-25T19:43:46.876Z","ask"
"11.97","0.67","2024-05-25T19:43:46.876Z","ask"
"12.272","13.32","2024-05-25T19:43:46.876Z","ask"
"12.5","20","2024-05-25T19:43:46.876Z","ask"
"13","5","2024-05-25T19:43:46.876Z","ask"
"13.6","0.67","2024-05-25T19:43:46.876Z","ask"
"14","1.08","2024-05-25T19:43:46.876Z","ask"
"14.01","188.72","2024-05-25T19:43:46.876Z","ask"
"14.38","70.72","2024-05-25T19:43:46.876Z","ask"
"14.504","7.21","2024-05-25T19:43:46.876Z","ask"
"16.66","53.3","2024-05-25T19:43:46.876Z","ask"
"17","5","2024-05-25T19:43:46.876Z","ask"
"18.201","7.21","2024-05-25T19:43:46.876Z","ask"
"19","100","2024-05-25T19:43:46.876Z","ask"
"20","78.28","2024-05-25T19:43:46.876Z","ask"
"21.19","141.43","2024-05-25T19:43:46.876Z","ask"
"21.898","7.21","2024-05-25T19:43:46.876Z","ask"
"26.079","42.54","2024-05-25T19:43:46.876Z","ask"
"27","150","2024-05-25T19:43:46.876Z","ask"
"27.225","7.21","2024-05-25T19:43:46.876Z","ask"
"27.863","1.35","2024-05-25T19:43:46.876Z","ask"
"28","78.28","2024-05-25T19:43:46.876Z","ask"
"30.296","7.21","2024-05-25T19:43:46.876Z","ask"
"33","3.47","2024-05-25T19:43:46.876Z","ask"
"33.868","7.26","2024-05-25T19:43:46.876Z","ask"
"45","8.3","2024-05-25T19:43:46.876Z","ask"
"49","59.53","2024-05-25T19:43:46.876Z","ask"
"50","20","2024-05-25T19:43:46.876Z","ask"
"80","16","2024-05-25T19:43:46.876Z","ask"
"99","1","2024-05-25T19:43:46.876Z","ask"
"100","40","2024-05-25T19:43:46.876Z","ask"
"1000","6.61","2024-05-25T19:43:46.876Z","ask"
"1500","50","2024-05-25T19:43:46.876Z","ask"
"1900","50.9","2024-05-25T19:43:46.876Z","ask"
"1500000","1","2024-05-25T19:43:46.876Z","ask"
"6900000","3","2024-05-25T19:43:46.876Z","ask"
"9999999","5","2024-05-25T19:43:46.876Z","ask"
"1.918","692.99","2024-05-25T19:43:46.876Z","bid"
"1.917","658.32","2024-05-25T19:43:46.876Z","bid"
"1.916","2160.63","2024-05-25T19:43:46.876Z","bid"
"1.915","2000","2024-05-25T19:43:46.876Z","bid"
"1.914","1113.4","2024-05-25T19:43:46.876Z","bid"
"1.913","1838.52","2024-05-25T19:43:46.876Z","bid"
"1.912","508.02","2024-05-25T19:43:46.876Z","bid"
"1.91","523.56","2024-05-25T19:43:46.876Z","bid"
"1.908","1016.05","2024-05-25T19:43:46.876Z","bid"
"1.907","2.94","2024-05-25T19:43:46.876Z","bid"
"1.906","813.22","2024-05-25T19:43:46.876Z","bid"
"1.903","104.18","2024-05-25T19:43:46.876Z","bid"
"1.902","1270.06","2024-05-25T19:43:46.876Z","bid"
"1.901","104","2024-05-25T19:43:46.876Z","bid"
"1.9","104","2024-05-25T19:43:46.876Z","bid"
"1.899","104","2024-05-25T19:43:46.876Z","bid"
"1.898","104","2024-05-25T19:43:46.876Z","bid"
"1.897","106.37","2024-05-25T19:43:46.876Z","bid"
"1.896","1189.07","2024-05-25T19:43:46.876Z","bid"
"1.895","4.74","2024-05-25T19:43:46.876Z","bid"
"1.894","10.21","2024-05-25T19:43:46.876Z","bid"
"1.893","1524.07","2024-05-25T19:43:46.876Z","bid"
"1.889","2","2024-05-25T19:43:46.876Z","bid"
"1.885","3.57","2024-05-25T19:43:46.876Z","bid"
"1.884","3.57","2024-05-25T19:43:46.876Z","bid"
"1.883","1553.9","2024-05-25T19:43:46.876Z","bid"
"1.882","7.15","2024-05-25T19:43:46.876Z","bid"
"1.88","265.95","2024-05-25T19:43:46.876Z","bid"
"1.871","5.54","2024-05-25T19:43:46.876Z","bid"
"1.869","2","2024-05-25T19:43:46.876Z","bid"
"1.86","5.57","2024-05-25T19:43:46.876Z","bid"
"1.858","1581.5","2024-05-25T19:43:46.876Z","bid"
"1.855","2.9","2024-05-25T19:43:46.876Z","bid"
"1.85","15","2024-05-25T19:43:46.876Z","bid"
"1.849","5.61","2024-05-25T19:43:46.876Z","bid"
"1.848","2","2024-05-25T19:43:46.876Z","bid"
"1.838","5.64","2024-05-25T19:43:46.876Z","bid"
"1.828","2","2024-05-25T19:43:46.876Z","bid"
"1.827","5.68","2024-05-25T19:43:46.876Z","bid"
"1.816","5.71","2024-05-25T19:43:46.876Z","bid"
"1.81","41.43","2024-05-25T19:43:46.876Z","bid"
"1.805","5.74","2024-05-25T19:43:46.876Z","bid"
"1.804","0.21","2024-05-25T19:43:46.876Z","bid"
"1.801","5.55","2024-05-25T19:43:46.876Z","bid"
"1.8","100.55","2024-05-25T19:43:46.876Z","bid"
"1.794","5.78","2024-05-25T19:43:46.876Z","bid"
"1.784","0.71","2024-05-25T19:43:46.876Z","bid"
"1.783","5.82","2024-05-25T19:43:46.876Z","bid"
"1.777","2.26","2024-05-25T19:43:46.876Z","bid"
"1.772","5.85","2024-05-25T19:43:46.876Z","bid"
"1.771","4.2","2024-05-25T19:43:46.876Z","bid"
"1.762","5.88","2024-05-25T19:43:46.876Z","bid"
"1.751","5.92","2024-05-25T19:43:46.876Z","bid"
"1.741","5.96","2024-05-25T19:43:46.876Z","bid"
"1.73","5.99","2024-05-25T19:43:46.876Z","bid"
"1.72","6.03","2024-05-25T19:43:46.876Z","bid"
"1.718","2.45","2024-05-25T19:43:46.876Z","bid"
"1.709","6.07","2024-05-25T19:43:46.876Z","bid"
"1.7","25","2024-05-25T19:43:46.876Z","bid"
"1.699","6.1","2024-05-25T19:43:46.876Z","bid"
"1.689","6.14","2024-05-25T19:43:46.876Z","bid"
"1.679","6.18","2024-05-25T19:43:46.876Z","bid"
"1.668","6.22","2024-05-25T19:43:46.876Z","bid"
"1.659","2.66","2024-05-25T19:43:46.876Z","bid"
"1.658","6.25","2024-05-25T19:43:46.876Z","bid"
"1.65","300","2024-05-25T19:43:46.876Z","bid"
"1.648","6.29","2024-05-25T19:43:46.876Z","bid"
"1.638","6.33","2024-05-25T19:43:46.876Z","bid"
"1.629","6.37","2024-05-25T19:43:46.876Z","bid"
"1.619","6.4","2024-05-25T19:43:46.876Z","bid"
"1.609","6.44","2024-05-25T19:43:46.876Z","bid"
"1.599","6.48","2024-05-25T19:43:46.876Z","bid"
"1.59","6.52","2024-05-25T19:43:46.876Z","bid"
"1.584","62.78","2024-05-25T19:43:46.876Z","bid"
"1.58","10.76","2024-05-25T19:43:46.876Z","bid"
"1.571","6.6","2024-05-25T19:43:46.876Z","bid"
"1.561","6.64","2024-05-25T19:43:46.876Z","bid"
"1.552","6.68","2024-05-25T19:43:46.876Z","bid"
"1.542","6.72","2024-05-25T19:43:46.876Z","bid"
"1.533","6.76","2024-05-25T19:43:46.876Z","bid"
"1.524","7.63","2024-05-25T19:43:46.876Z","bid"
"1.515","6.84","2024-05-25T19:43:46.876Z","bid"
"1.506","6.89","2024-05-25T19:43:46.876Z","bid"
"1.5","66.51","2024-05-25T19:43:46.876Z","bid"
"1.496","6.93","2024-05-25T19:43:46.876Z","bid"
"1.49","67.11","2024-05-25T19:43:46.876Z","bid"
"1.487","6.97","2024-05-25T19:43:46.876Z","bid"
"1.478","7.02","2024-05-25T19:43:46.876Z","bid"
"1.47","7.05","2024-05-25T19:43:46.876Z","bid"
"1.461","7.1","2024-05-25T19:43:46.876Z","bid"
"1.46","68.49","2024-05-25T19:43:46.876Z","bid"
"1.452","7.14","2024-05-25T19:43:46.876Z","bid"
"1.443","7.19","2024-05-25T19:43:46.876Z","bid"
"1.434","7.23","2024-05-25T19:43:46.876Z","bid"
"1.433","138.79","2024-05-25T19:43:46.876Z","bid"
"1.426","7.27","2024-05-25T19:43:46.876Z","bid"
"1.417","7.32","2024-05-25T19:43:46.876Z","bid"
"1.409","7.36","2024-05-25T19:43:46.877Z","bid"
"1.4","21.67","2024-05-25T19:43:46.877Z","bid"
"1.392","7.45","2024-05-25T19:43:46.877Z","bid"
"1.388","4.2","2024-05-25T19:43:46.877Z","bid"
"1.383","7.5","2024-05-25T19:43:46.877Z","bid"
"1.375","7.54","2024-05-25T19:43:46.877Z","bid"
"1.374","727.8","2024-05-25T19:43:46.877Z","bid"
"1.367","7.59","2024-05-25T19:43:46.877Z","bid"
"1.359","7.63","2024-05-25T19:43:46.877Z","bid"
"1.35","7.68","2024-05-25T19:43:46.877Z","bid"
"1.343","2","2024-05-25T19:43:46.877Z","bid"
"1.342","7.73","2024-05-25T19:43:46.877Z","bid"
"1.334","7.77","2024-05-25T19:43:46.877Z","bid"
"1.326","7.82","2024-05-25T19:43:46.877Z","bid"
"1.318","7.87","2024-05-25T19:43:46.877Z","bid"
"1.31","7.92","2024-05-25T19:43:46.877Z","bid"
"1.306","75.04","2024-05-25T19:43:46.877Z","bid"
"1.302","7.97","2024-05-25T19:43:46.877Z","bid"
"1.3","17.6","2024-05-25T19:43:46.877Z","bid"
"1.294","8.01","2024-05-25T19:43:46.877Z","bid"
"1.287","85.29","2024-05-25T19:43:46.877Z","bid"
"1.279","8.11","2024-05-25T19:43:46.877Z","bid"
"1.271","8.16","2024-05-25T19:43:46.877Z","bid"
"1.263","8.21","2024-05-25T19:43:46.877Z","bid"
"1.26","689.45","2024-05-25T19:43:46.877Z","bid"
"1.256","8.26","2024-05-25T19:43:46.877Z","bid"
"1.25","2.4","2024-05-25T19:43:46.877Z","bid"
"1.248","8.31","2024-05-25T19:43:46.877Z","bid"
"1.241","8.36","2024-05-25T19:43:46.877Z","bid"
"1.233","8.41","2024-05-25T19:43:46.877Z","bid"
"1.226","8.46","2024-05-25T19:43:46.877Z","bid"
"1.222","12.79","2024-05-25T19:43:46.877Z","bid"
"1.219","8.51","2024-05-25T19:43:46.877Z","bid"
"1.21","2.44","2024-05-25T19:43:46.877Z","bid"
"1.2","62.3","2024-05-25T19:43:46.877Z","bid"
"1.197","4.2","2024-05-25T19:43:46.877Z","bid"
"1.18","2.52","2024-05-25T19:43:46.877Z","bid"
"1.146","13.64","2024-05-25T19:43:46.877Z","bid"
"1.13","955","2024-05-25T19:43:46.877Z","bid"
"1.11","35.89","2024-05-25T19:43:46.877Z","bid"
"1.069","14.62","2024-05-25T19:43:46.877Z","bid"
"1.03","96.5","2024-05-25T19:43:46.877Z","bid"
"1.005","4.2","2024-05-25T19:43:46.877Z","bid"
"1","27.97","2024-05-25T19:43:46.877Z","bid"
"0.993","15.74","2024-05-25T19:43:46.877Z","bid"
"0.969","56.28","2024-05-25T19:43:46.877Z","bid"
"0.916","17.06","2024-05-25T19:43:46.877Z","bid"
"0.84","18.61","2024-05-25T19:43:46.877Z","bid"
"0.814","4.2","2024-05-25T19:43:46.877Z","bid"
"0.8","18.75","2024-05-25T19:43:46.877Z","bid"
"0.773","128.58","2024-05-25T19:43:46.877Z","bid"
"0.764","20.46","2024-05-25T19:43:46.877Z","bid"
"0.75","106.24","2024-05-25T19:43:46.877Z","bid"
"0.7","200","2024-05-25T19:43:46.877Z","bid"
"0.687","22.75","2024-05-25T19:43:46.877Z","bid"
"0.63","24","2024-05-25T19:43:46.877Z","bid"
"0.622","4.2","2024-05-25T19:43:46.877Z","bid"
"0.611","25.58","2024-05-25T19:43:46.877Z","bid"
"0.602","91.12","2024-05-25T19:43:46.877Z","bid"
"0.6","25","2024-05-25T19:43:46.877Z","bid"
"0.58","20","2024-05-25T19:43:46.877Z","bid"
"0.534","29.27","2024-05-25T19:43:46.877Z","bid"
"0.518","191.89","2024-05-25T19:43:46.877Z","bid"
"0.458","34.12","2024-05-25T19:43:46.877Z","bid"
"0.431","4.2","2024-05-25T19:43:46.877Z","bid"
"0.4","37.5","2024-05-25T19:43:46.877Z","bid"
"0.382","40.91","2024-05-25T19:43:46.877Z","bid"
"0.375","147.4","2024-05-25T19:43:46.877Z","bid"
"0.33","16.72","2024-05-25T19:43:46.877Z","bid"
"0.258","385.27","2024-05-25T19:43:46.877Z","bid"
"0.239","4.2","2024-05-25T19:43:46.877Z","bid"
"0.235","238.52","2024-05-25T19:43:46.877Z","bid"
"0.21","60","2024-05-25T19:43:46.877Z","bid"
"0.2","75","2024-05-25T19:43:46.877Z","bid"
"0.149","385.92","2024-05-25T19:43:46.877Z","bid"
"0.114","87.72","2024-05-25T19:43:46.877Z","bid"
"0.095","624.44","2024-05-25T19:43:46.877Z","bid"
"0.062","1010.36","2024-05-25T19:43:46.877Z","bid"
"0.042","1634.8","2024-05-25T19:43:46.877Z","bid"
"0.028","2645.16","2024-05-25T19:43:46.877Z","bid"
"0.022","4734.5","2024-05-25T19:43:46.877Z","bid"
"0.002","6000","2024-05-25T19:43:46.877Z","bid"
"0.001","2994","2024-05-25T19:43:46.877Z","bid"