"price","volume","time","side","orderType"
"1.91800000","0.56000000","2024-05-25T19:38:07.565Z","buy",
"1.92100000","94.00000000","2024-05-25T19:31:41.406Z","buy",
"1.91900000","3.31000000","2024-05-25T18:59:21.652Z","buy",
"1.91700000","276.95000000","2024-05-25T17:19:05.070Z","sell",
"1.91600000","182.47000000","2024-05-25T17:19:05.070Z","sell",
"1.91700000","2.04000000","2024-05-25T17:05:59.363Z","buy",
"1.92000000","1.57000000","2024-05-25T17:04:01.593Z","sell",
"1.92000000","1.31000000","2024-05-25T17:04:00.232Z","sell",
"1.91700000","0.53000000","2024-05-25T17:02:18.713Z","buy",
"1.91600000","104.00000000","2024-05-25T16:46:34.828Z","buy",
"1.91600000","104.00000000","2024-05-25T16:46:34.636Z","buy",
"1.91600000","104.00000000","2024-05-25T16:46:34.458Z","buy",
"1.91600000","104.00000000","2024-05-25T16:46:34.250Z","buy",
"1.91600000","104.00000000","2024-05-25T16:46:34.052Z","buy",
"1.91600000","104.00000000","2024-05-25T16:46:33.879Z","buy",
"1.91600000","104.00000000","2024-05-25T16:46:33.699Z","buy",
"1.91600000","104.00000000","2024-05-25T16:46:33.490Z","buy",
"1.91600000","36.24000000","2024-05-25T16:30:25.046Z","sell",
"1.91600000","30.12000000","2024-05-25T16:30:25.046Z","sell",
"1.92100000","1.75000000","2024-05-25T16:12:46.363Z","sell",
"1.92200000","103.99000000","2024-05-25T15:38:14.766Z","sell",
"1.92100000","1.82000000","2024-05-25T15:32:23.091Z","buy",
"1.92100000","0.57000000","2024-05-25T15:31:44.723Z","buy",
"1.90100000","5.43000000","2024-05-25T14:06:50.539Z","buy",
"1.90400000","235.78000000","2024-05-25T13:33:05.648Z","buy",
"1.90400000","14.00000000","2024-05-25T13:33:05.648Z","buy",
"1.90400000","1.10000000","2024-05-25T13:33:05.648Z","buy",
"1.90700000","452.13000000","2024-05-25T13:08:18.766Z","buy",
"1.90800000","205.40000000","2024-05-25T13:08:18.766Z","buy",
"1.90800000","14.00000000","2024-05-25T13:08:18.766Z","buy",
"1.90800000","502.45000000","2024-05-25T13:08:18.766Z","buy",
"1.90900000","2.22000000","2024-05-25T13:08:18.766Z","buy",
"1.90000000","29.23000000","2024-05-25T12:46:56.532Z","buy",
"1.90000000","2.39000000","2024-05-25T12:46:56.532Z","buy",
"1.90200000","85.04000000","2024-05-25T12:42:59.147Z","buy",
"1.90300000","2.59000000","2024-05-25T12:42:59.124Z","buy",
"1.90500000","73.66000000","2024-05-25T12:31:55.709Z","buy",
"1.90500000","502.45000000","2024-05-25T12:31:55.709Z","buy",
"1.90500000","51.32000000","2024-05-25T12:31:55.709Z","buy",
"1.90600000","14.00000000","2024-05-25T12:31:55.709Z","buy",
"1.90600000","138.43000000","2024-05-25T12:31:55.709Z","buy",
"1.90600000","22.00000000","2024-05-25T12:31:55.709Z","buy",
"1.90600000","502.45000000","2024-05-25T12:31:55.709Z","buy",
"1.90800000","0.28000000","2024-05-25T12:03:03.735Z","buy",
"1.90900000","0.28000000","2024-05-25T12:02:48.252Z","buy",
"1.90900000","2.00000000","2024-05-25T12:02:46.200Z","buy",
"1.91100000","0.28000000","2024-05-25T12:02:24.040Z","buy",
"1.91200000","0.28000000","2024-05-25T11:51:35.388Z","sell",
"1.91300000","0.28000000","2024-05-25T11:51:33.617Z","buy",
"1.91900000","0.52000000","2024-05-25T11:35:21.180Z","sell",
"1.91700000","104.49000000","2024-05-25T11:31:18.131Z","buy",
"1.92700000","36.56000000","2024-05-25T11:18:55.213Z","buy",
"1.92500000","50.05000000","2024-05-25T11:18:16.822Z","buy",
"1.92500000","221.90000000","2024-05-25T11:18:16.689Z","buy",
"1.92700000","104.00000000","2024-05-25T11:18:14.022Z","buy",
"1.93100000","0.25000000","2024-05-25T11:17:46.766Z","sell",
"1.93000000","5.66000000","2024-05-25T11:17:46.766Z","sell",
"1.93100000","16.61000000","2024-05-25T11:12:44.659Z","sell",
"1.92900000","2.00000000","2024-05-25T11:12:36.840Z","sell",
"1.92800000","22.31000000","2024-05-25T10:54:12.703Z","buy",
"1.92800000","39.74000000","2024-05-25T10:50:49.374Z","sell",
"1.92500000","37.93000000","2024-05-25T10:45:27.179Z","sell",
"1.92300000","104.54000000","2024-05-25T10:45:27.134Z","sell",
"1.92000000","37.92000000","2024-05-25T10:43:48.247Z","sell",
"1.92000000","1.16000000","2024-05-25T10:43:48.247Z","sell",
"1.92100000","75.85000000","2024-05-25T10:41:19.369Z","sell",
"1.91500000","0.89000000","2024-05-25T10:15:47.389Z","buy",
"1.91400000","28.51000000","2024-05-25T10:06:04.672Z","sell",
"1.91400000","0.28000000","2024-05-25T10:05:59.307Z","buy",
"1.91400000","37.35000000","2024-05-25T10:05:59.307Z","buy",
"1.91400000","104.00000000","2024-05-25T10:05:53.612Z","buy",
"1.91400000","104.00000000","2024-05-25T10:05:51.921Z","buy",
"1.91400000","0.32000000","2024-05-25T10:05:50.871Z","buy",
"1.91500000","0.28000000","2024-05-25T10:01:37.229Z","sell",
"1.91500000","1.13000000","2024-05-25T10:01:36.907Z","buy",
"1.91700000","1.97000000","2024-05-25T09:52:28.708Z","buy",
"1.92300000","0.28000000","2024-05-25T09:34:58.452Z","sell",
"1.92300000","16.00000000","2024-05-25T09:34:57.458Z","buy",
"1.91200000","0.44000000","2024-05-25T09:11:15.252Z","buy",
"1.91300000","2.72000000","2024-05-25T09:11:15.252Z","buy",
"1.91400000","23.11000000","2024-05-25T08:49:49.545Z","buy",
"1.91900000","313.97000000","2024-05-25T07:17:54.670Z","sell",
"1.91900000","104.00000000","2024-05-25T07:17:54.670Z","sell",
"1.91800000","108.80000000","2024-05-25T07:17:54.670Z","sell",
"1.91800000","502.45000000","2024-05-25T07:17:54.670Z","sell",
"1.91800000","104.00000000","2024-05-25T07:17:54.670Z","sell",
"1.91700000","42.50000000","2024-05-25T07:17:54.670Z","sell",
"1.91800000","0.85000000","2024-05-25T07:13:42.818Z","buy",
"1.91800000","4.88000000","2024-05-25T07:13:09.610Z","buy",
"1.92000000","0.83000000","2024-05-25T07:12:48.099Z","buy",
"1.92000000","1.79000000","2024-05-25T07:12:34.547Z","buy",
"1.92000000","0.88000000","2024-05-25T07:12:34.547Z","buy",
"1.92000000","0.95000000","2024-05-25T07:12:31.731Z","buy",
"1.92000000","1.03000000","2024-05-25T07:12:25.202Z","buy",
"1.92000000","2.58000000","2024-05-25T07:12:21.791Z","buy",
"1.92000000","1.14000000","2024-05-25T07:12:21.791Z","buy",
"1.92000000","1.38000000","2024-05-25T07:12:15.608Z","buy",
"1.92000000","1.49000000","2024-05-25T07:12:12.101Z","buy",
"1.92000000","3.34000000","2024-05-25T07:12:06.785Z","buy",
"1.92000000","1.24000000","2024-05-25T07:12:06.785Z","buy",
"1.92000000","1.40000000","2024-05-25T07:11:59.989Z","buy",
"1.91900000","1.41000000","2024-05-25T07:11:57.109Z","buy",
"1.91800000","1.66000000","2024-05-25T07:11:36.471Z","buy",
"1.92000000","65.45000000","2024-05-25T07:11:17.517Z","buy",
"1.92000000","1.36000000","2024-05-25T07:11:17.357Z","buy",
"1.92100000","1.88000000","2024-05-25T07:11:07.579Z","buy",
"1.92100000","1.55000000","2024-05-25T07:11:07.579Z","buy",
"1.92100000","158.96000000","2024-05-25T07:11:07.511Z","sell",
"1.92000000","1.89000000","2024-05-25T07:11:05.306Z","buy",
"1.91700000","0.28000000","2024-05-25T07:10:58.878Z","buy",
"1.91700000","205.49000000","2024-05-25T07:10:58.355Z","sell",
"1.91300000","4.66000000","2024-05-25T05:42:54.997Z","sell",
"1.91100000","2.72000000","2024-05-25T05:36:05.812Z","buy",
"1.91500000","3.20000000","2024-05-25T05:27:55.216Z","buy",
"1.91400000","25.61000000","2024-05-25T05:24:02.723Z","buy",
"1.92000000","21.52000000","2024-05-25T05:23:36.937Z","buy",
"1.92000000","85.34000000","2024-05-25T05:23:36.890Z","buy",
"1.92000000","18.66000000","2024-05-25T05:23:36.890Z","buy",
"1.92000000","45.00000000","2024-05-25T05:23:31.287Z","sell",
"1.92000000","18.66000000","2024-05-25T05:23:30.813Z","buy",
"1.92000000","5.47000000","2024-05-25T05:23:30.503Z","sell",
"1.91600000","18.66000000","2024-05-25T05:23:30.417Z","sell",
"1.91800000","542.74000000","2024-05-25T05:23:30.392Z","sell",
"1.91800000","0.28000000","2024-05-25T05:23:30.392Z","sell",
"1.91700000","14.00000000","2024-05-25T05:23:30.392Z","sell",
"1.91400000","0.28000000","2024-05-25T05:23:30.392Z","sell",
"1.90400000","19.48000000","2024-05-25T04:53:51.647Z","buy",
"1.90400000","0.82000000","2024-05-25T04:53:51.647Z","buy",
"1.89800000","166.31000000","2024-05-25T04:06:52.998Z","buy",
"1.89800000","502.45000000","2024-05-25T04:06:52.998Z","buy",
"1.89900000","14.00000000","2024-05-25T04:06:52.998Z","buy",
"1.89900000","0.75000000","2024-05-25T04:06:52.998Z","buy",
"1.89900000","113.98000000","2024-05-25T04:06:52.998Z","buy",
"1.89900000","56.99000000","2024-05-25T04:06:52.998Z","buy",
"1.89900000","502.45000000","2024-05-25T04:06:52.998Z","buy",
"1.89200000","0.52000000","2024-05-25T03:42:57.957Z","sell",
"1.89500000","0.67000000","2024-05-25T03:21:15.438Z","buy",
"1.89700000","0.74000000","2024-05-25T03:21:08.634Z","buy",
"1.89700000","57.56000000","2024-05-25T03:21:08.634Z","buy",
"1.89800000","0.74000000","2024-05-25T03:21:08.613Z","buy",
"1.89500000","9.57000000","2024-05-25T03:18:03.882Z","buy",
"1.89600000","0.96000000","2024-05-25T03:18:03.882Z","buy",
"1.89800000","0.99000000","2024-05-25T03:11:24.225Z","buy",
"1.89800000","58.15000000","2024-05-25T03:11:24.225Z","buy",
"1.90000000","0.76000000","2024-05-25T03:11:09.870Z","buy",
"1.90200000","1.64000000","2024-05-25T03:03:57.622Z","buy",
"1.90200000","1.74000000","2024-05-25T03:02:56.281Z","buy",
"1.90100000","2.54000000","2024-05-25T03:00:47.913Z","buy",
"1.90100000","2.40000000","2024-05-25T03:00:47.723Z","buy",
"1.90300000","3.11000000","2024-05-25T02:57:49.986Z","buy",
"1.90400000","105.00000000","2024-05-25T02:53:27.399Z","buy",
"1.90400000","24.74000000","2024-05-25T02:52:44.449Z","buy",
"1.90400000","3.24000000","2024-05-25T02:52:44.449Z","buy",
"1.90200000","26.84000000","2024-05-25T02:16:12.940Z","buy",
"1.90100000","5.37000000","2024-05-25T01:45:12.312Z","sell",
"1.89200000","1.88000000","2024-05-25T01:37:30.157Z","sell",
"1.89200000","106.00000000","2024-05-25T01:10:41.794Z","buy",
"1.89100000","100.00000000","2024-05-25T01:03:20.894Z","sell",
"1.89500000","187.23000000","2024-05-25T00:58:13.152Z","sell",
"1.89500000","108.86000000","2024-05-25T00:58:13.152Z","sell",
"1.89500000","106.00000000","2024-05-25T00:58:13.152Z","sell",
"1.89400000","54.43000000","2024-05-25T00:58:13.152Z","sell",
"1.89400000","549.16000000","2024-05-25T00:58:13.152Z","sell",
"1.89400000","549.16000000","2024-05-25T00:58:13.152Z","sell",
"1.89400000","106.00000000","2024-05-25T00:58:13.152Z","sell",
"1.89300000","528.26000000","2024-05-25T00:58:13.152Z","sell",
"1.89300000","502.45000000","2024-05-25T00:58:13.152Z","sell",
"1.89300000","106.00000000","2024-05-25T00:58:13.152Z","sell",
"1.89200000","106.00000000","2024-05-25T00:58:13.152Z","sell",
"1.89200000","502.45000000","2024-05-25T00:58:13.152Z","sell",
"1.89100000","28.03000000","2024-05-25T00:58:13.152Z","sell",
"1.89100000","502.45000000","2024-05-25T00:58:13.152Z","sell",
"1.89100000","106.00000000","2024-05-25T00:58:13.152Z","sell",
"1.89000000","23.65000000","2024-05-25T00:58:13.152Z","sell",
"1.89000000","502.45000000","2024-05-25T00:58:13.152Z","sell",
"1.89000000","193.59000000","2024-05-25T00:58:13.152Z","sell",
"1.89000000","106.00000000","2024-05-25T00:58:13.152Z","sell",
"1.89300000","23.72000000","2024-05-25T00:44:55.877Z","buy",
"1.89500000","133.94000000","2024-05-25T00:42:04.836Z","sell",
"1.89500000","106.00000000","2024-05-25T00:42:04.836Z","sell",
"1.89400000","16.48000000","2024-05-25T00:42:04.836Z","sell",
"1.89100000","4.02000000","2024-05-25T00:34:07.347Z","sell",
"1.89000000","5.09000000","2024-05-25T00:33:57.492Z","sell",
"1.89000000","1.93000000","2024-05-25T00:33:52.289Z","sell",
"1.89000000","4.05000000","2024-05-25T00:33:47.056Z","sell",
"1.89000000","2.62000000","2024-05-25T00:33:21.564Z","sell",
"1.89000000","1.13000000","2024-05-25T00:33:17.671Z","sell",
"1.89000000","2.41000000","2024-05-25T00:33:14.305Z","sell",
"1.89000000","2.00000000","2024-05-25T00:33:00.935Z","sell",
"1.89000000","3.17000000","2024-05-25T00:32:44.671Z","sell",
"1.89000000","2.46000000","2024-05-25T00:32:42.514Z","sell",
"1.89000000","2.55000000","2024-05-25T00:32:37.276Z","sell",
"1.89000000","4.35000000","2024-05-25T00:32:33.943Z","sell",
"1.89000000","2.50000000","2024-05-25T00:32:30.929Z","sell",
"1.89000000","25.41000000","2024-05-25T00:32:28.925Z","buy",
"1.89100000","2.42000000","2024-05-25T00:32:28.764Z","sell",
"1.89000000","25.49000000","2024-05-25T00:32:28.749Z","buy",
"1.89100000","2.57000000","2024-05-25T00:32:23.286Z","sell",
"1.89100000","2.63000000","2024-05-25T00:32:12.279Z","sell",
"1.89100000","3.27000000","2024-05-25T00:32:08.997Z","sell",
"1.89100000","2.99000000","2024-05-25T00:32:06.318Z","sell",
"1.89100000","1.71000000","2024-05-25T00:32:02.058Z","sell",
"1.89100000","4.30000000","2024-05-25T00:31:47.074Z","sell",
"1.89100000","3.91000000","2024-05-25T00:31:38.207Z","sell",
"1.89100000","0.62000000","2024-05-25T00:31:32.656Z","sell",
"1.89100000","4.90000000","2024-05-25T00:31:28.502Z","sell",
"1.89100000","2.27000000","2024-05-25T00:31:24.818Z","sell",
"1.89000000","1.16000000","2024-05-25T00:31:24.125Z","buy",
"1.89100000","1.33000000","2024-05-25T00:31:19.255Z","sell",
"1.89100000","2.01000000","2024-05-25T00:31:13.862Z","sell",
"1.89000000","1.07000000","2024-05-25T00:31:10.702Z","sell",
"1.89000000","4.34000000","2024-05-25T00:30:57.609Z","sell",
"1.89000000","4.10000000","2024-05-25T00:30:45.703Z","sell",
"1.89000000","4.16000000","2024-05-25T00:30:05.058Z","sell",
"1.89000000","3.30000000","2024-05-25T00:29:58.061Z","sell",
"1.89000000","3.99000000","2024-05-25T00:29:38.481Z","sell",
"1.89000000","1.05000000","2024-05-25T00:29:32.599Z","sell",
"1.89000000","1.98000000","2024-05-25T00:29:20.161Z","sell",
"1.89000000","2.98000000","2024-05-25T00:29:12.831Z","sell",
"1.89000000","3.67000000","2024-05-25T00:29:08.794Z","sell",
"1.89000000","4.37000000","2024-05-25T00:29:02.794Z","sell",
"1.89000000","1.42000000","2024-05-25T00:28:57.292Z","sell",
"1.89000000","2.49000000","2024-05-25T00:28:53.990Z","sell",
"1.89000000","5.01000000","2024-05-25T00:28:51.015Z","sell",
"1.89000000","4.77000000","2024-05-25T00:28:47.998Z","sell",
"1.89000000","1.50000000","2024-05-25T00:28:43.978Z","sell",
"1.89000000","4.85000000","2024-05-25T00:28:39.466Z","sell",
"1.89000000","1.28000000","2024-05-25T00:28:37.362Z","sell",
"1.89000000","3.46000000","2024-05-25T00:28:26.990Z","sell",
"1.89000000","2.71000000","2024-05-25T00:28:20.293Z","sell",
"1.89000000","3.75000000","2024-05-25T00:28:17.169Z","sell",
"1.89000000","4.95000000","2024-05-25T00:28:12.333Z","sell",
"1.89000000","2.67000000","2024-05-25T00:28:08.696Z","sell",
"1.89000000","2.01000000","2024-05-25T00:28:02.624Z","sell",
"1.89000000","3.16000000","2024-05-25T00:28:02.603Z","buy",
"1.89000000","1.94000000","2024-05-25T00:27:49.597Z","sell",
"1.89000000","1.90000000","2024-05-25T00:27:41.149Z","sell",
"1.89000000","1.62000000","2024-05-25T00:27:33.993Z","sell",
"1.89000000","5.30000000","2024-05-25T00:27:19.423Z","buy",
"1.89100000","1.41000000","2024-05-25T00:27:19.351Z","sell",
"1.89000000","5.32000000","2024-05-25T00:27:19.244Z","buy",
"1.89000000","5.06000000","2024-05-25T00:27:19.244Z","buy",
"1.89100000","3.73000000","2024-05-25T00:27:12.904Z","sell",
"1.89000000","81.23000000","2024-05-25T00:27:10.490Z","buy",
"1.89000000","24.77000000","2024-05-25T00:27:10.490Z","buy",
"1.89100000","4.10000000","2024-05-25T00:27:10.139Z","sell",
"1.89100000","2.51000000","2024-05-25T00:27:05.643Z","sell",
"1.89100000","1.15000000","2024-05-25T00:27:02.092Z","sell",
"1.89100000","0.81000000","2024-05-25T00:27:02.092Z","sell",
"1.89100000","2.62000000","2024-05-25T00:26:53.979Z","sell",
"1.89100000","2.36000000","2024-05-25T00:26:42.273Z","sell",
"1.89100000","2.52000000","2024-05-25T00:26:39.563Z","sell",
"1.89100000","5.03000000","2024-05-25T00:26:30.713Z","sell",
"1.89100000","1.15000000","2024-05-25T00:26:28.392Z","sell",
"1.89100000","5.06000000","2024-05-25T00:26:24.389Z","sell",
"1.89000000","3.76000000","2024-05-25T00:26:22.283Z","sell",
"1.89000000","3.10000000","2024-05-25T00:26:12.319Z","sell",
"1.89000000","4.55000000","2024-05-25T00:26:08.545Z","sell",
"1.89000000","5.05000000","2024-05-25T00:26:04.241Z","sell",
"1.89000000","2.31000000","2024-05-25T00:25:53.980Z","sell",
"1.89000000","3.97000000","2024-05-25T00:25:47.732Z","sell",
"1.89000000","1.91000000","2024-05-25T00:25:44.422Z","sell",
"1.89000000","3.03000000","2024-05-25T00:25:31.503Z","sell",
"1.89000000","1.58000000","2024-05-25T00:25:27.389Z","sell",
"1.89000000","24.71000000","2024-05-25T00:25:27.376Z","buy",
"1.89000000","59.21000000","2024-05-25T00:25:27.376Z","buy",
"1.89100000","2.65000000","2024-05-25T00:25:22.589Z","sell",
"1.89100000","2.90000000","2024-05-25T00:25:18.422Z","sell",
"1.89100000","1.23000000","2024-05-25T00:25:15.655Z","sell",
"1.89100000","3.36000000","2024-05-25T00:25:12.728Z","sell",
"1.89100000","3.62000000","2024-05-25T00:24:57.617Z","sell",
"1.89100000","3.63000000","2024-05-25T00:24:51.103Z","sell",
"1.89100000","2.31000000","2024-05-25T00:24:48.401Z","sell",
"1.89100000","4.92000000","2024-05-25T00:24:40.556Z","sell",
"1.89100000","1.94000000","2024-05-25T00:24:37.403Z","sell",
"1.89100000","4.70000000","2024-05-25T00:24:32.329Z","sell",
"1.89100000","4.52000000","2024-05-25T00:24:27.145Z","sell",
"1.89100000","1.81000000","2024-05-25T00:24:22.363Z","sell",
"1.89100000","3.25000000","2024-05-25T00:24:12.484Z","sell",
"1.89100000","3.10000000","2024-05-25T00:24:12.425Z","buy",
"1.89200000","2.65000000","2024-05-25T00:24:07.492Z","sell",
"1.89200000","4.66000000","2024-05-25T00:24:04.095Z","sell",
"1.89200000","3.80000000","2024-05-25T00:23:59.109Z","sell",
"1.89200000","4.24000000","2024-05-25T00:23:57.057Z","sell",
"1.89200000","1.50000000","2024-05-25T00:23:56.923Z","buy",
"1.89200000","1.97000000","2024-05-25T00:23:42.318Z","buy",
"1.89200000","1.95000000","2024-05-25T00:23:42.281Z","buy",
"1.89300000","1.45000000","2024-05-25T00:23:36.927Z","sell",
"1.89200000","3.69000000","2024-05-25T00:23:33.906Z","sell",
"1.89200000","3.84000000","2024-05-25T00:23:29.378Z","sell",
"1.89200000","24.26000000","2024-05-25T00:23:29.214Z","buy",
"1.89200000","59.81000000","2024-05-25T00:23:29.214Z","buy",
"1.89100000","1.11000000","2024-05-25T00:22:08.983Z","sell",
"1.89100000","2.56000000","2024-05-25T00:22:04.887Z","sell",
"1.89100000","2.94000000","2024-05-25T00:21:58.980Z","sell",
"1.89100000","3.10000000","2024-05-25T00:21:39.068Z","sell",
"1.89100000","1.66000000","2024-05-25T00:21:36.302Z","sell",
"1.89100000","1.20000000","2024-05-25T00:21:30.755Z","sell",
"1.89100000","3.83000000","2024-05-25T00:21:27.273Z","sell",
"1.89100000","3.61000000","2024-05-25T00:21:24.133Z","sell",
"1.89100000","7.22000000","2024-05-25T00:21:23.968Z","buy",
"1.89100000","3.28000000","2024-05-25T00:21:05.275Z","sell",
"1.89000000","4.53000000","2024-05-25T00:21:00.684Z","sell",
"1.89000000","3.12000000","2024-05-25T00:20:56.208Z","sell",
"1.89000000","1.14000000","2024-05-25T00:20:51.435Z","sell",
"1.89000000","4.51000000","2024-05-25T00:20:39.541Z","sell",
"1.89000000","3.13000000","2024-05-25T00:20:37.289Z","sell",
"1.89000000","1.76000000","2024-05-25T00:20:32.402Z","sell",
"1.89000000","3.19000000","2024-05-25T00:20:25.306Z","sell",
"1.89000000","23.78000000","2024-05-25T00:20:25.292Z","buy",
"1.89100000","2.23000000","2024-05-25T00:20:20.063Z","sell",
"1.89100000","3.93000000","2024-05-25T00:20:12.954Z","sell",
"1.89000000","2.82000000","2024-05-25T00:19:52.289Z","sell",
"1.89000000","1.87000000","2024-05-25T00:19:48.394Z","sell",
"1.89000000","2.46000000","2024-05-25T00:19:42.525Z","sell",
"1.89000000","5.12000000","2024-05-25T00:19:39.515Z","buy",
"1.89100000","1.02000000","2024-05-25T00:19:38.910Z","sell",
"1.89100000","2.16000000","2024-05-25T00:19:36.253Z","sell",
"1.89100000","2.87000000","2024-05-25T00:19:26.542Z","sell",
"1.89100000","23.93000000","2024-05-25T00:19:26.315Z","buy",
"1.89100000","3.25000000","2024-05-25T00:18:57.333Z","sell",
"1.89100000","2.27000000","2024-05-25T00:18:52.630Z","sell",
"1.89100000","1.06000000","2024-05-25T00:18:46.031Z","sell",
"1.89000000","2.48000000","2024-05-25T00:18:30.186Z","sell",
"1.89000000","1.78000000","2024-05-25T00:18:27.619Z","sell",
"1.89000000","1.66000000","2024-05-25T00:18:24.727Z","sell",
"1.89000000","106.00000000","2024-05-25T00:18:24.631Z","buy",
"1.89100000","4.13000000","2024-05-25T00:18:00.247Z","sell",
"1.89100000","4.28000000","2024-05-25T00:17:56.568Z","sell",
"1.89100000","2.81000000","2024-05-25T00:17:52.273Z","sell",
"1.89100000","3.90000000","2024-05-25T00:17:50.036Z","sell",
"1.89100000","1.27000000","2024-05-25T00:17:47.277Z","sell",
"1.89100000","3.56000000","2024-05-25T00:17:44.418Z","sell",
"1.89100000","3.91000000","2024-05-25T00:17:29.703Z","sell",
"1.89100000","4.12000000","2024-05-25T00:17:27.056Z","sell",
"1.89100000","4.16000000","2024-05-25T00:16:54.223Z","sell",
"1.89000000","2.34000000","2024-05-25T00:16:47.276Z","sell",
"1.89000000","4.81000000","2024-05-25T00:16:26.037Z","buy",
"1.89000000","90.77000000","2024-05-25T00:16:26.037Z","buy",
"1.89100000","2.03000000","2024-05-25T00:16:24.774Z","sell",
"1.89000000","106.00000000","2024-05-25T00:16:24.741Z","buy",
"1.89100000","2.19000000","2024-05-25T00:16:21.650Z","sell",
"1.89100000","3.93000000","2024-05-25T00:16:11.600Z","sell",
"1.89000000","1.99000000","2024-05-25T00:15:47.695Z","sell",
"1.89000000","2.84000000","2024-05-25T00:15:42.518Z","buy",
"1.89100000","1.89000000","2024-05-25T00:15:42.341Z","sell",
"1.89000000","2.84000000","2024-05-25T00:15:42.289Z","buy",
"1.89000000","6.23000000","2024-05-25T00:15:40.549Z","buy",
"1.89100000","1.62000000","2024-05-25T00:15:38.679Z","sell",
"1.89100000","3.23000000","2024-05-25T00:15:36.175Z","sell",
"1.89100000","1.91000000","2024-05-25T00:15:34.067Z","sell",
"1.89100000","3.18000000","2024-05-25T00:15:27.820Z","sell",
"1.89100000","4.75000000","2024-05-25T00:15:27.362Z","buy",
"1.89200000","1.29000000","2024-05-25T00:15:11.062Z","sell",
"1.89300000","4.87000000","2024-05-25T00:15:07.525Z","sell",
"1.89300000","4.66000000","2024-05-25T00:14:59.698Z","sell",
"1.89300000","3.64000000","2024-05-25T00:14:44.358Z","sell",
"1.89400000","3.32000000","2024-05-25T00:14:31.967Z","sell",
"1.89300000","1.69000000","2024-05-25T00:14:29.390Z","buy",
"1.89400000","1.59000000","2024-05-25T00:14:29.309Z","sell",
"1.89400000","2.51000000","2024-05-25T00:14:26.262Z","sell",
"1.89400000","1.70000000","2024-05-25T00:14:26.022Z","buy",
"1.89500000","1.05000000","2024-05-25T00:14:22.486Z","sell",
"1.89600000","3.62000000","2024-05-25T00:14:19.158Z","sell",
"1.89600000","2.61000000","2024-05-25T00:14:16.041Z","sell",
"1.89600000","2.79000000","2024-05-25T00:14:12.354Z","sell",
"1.89600000","3.98000000","2024-05-25T00:14:08.540Z","sell",
"1.89600000","0.87000000","2024-05-25T00:14:08.199Z","buy",
"1.89600000","0.87000000","2024-05-25T00:14:07.994Z","buy",
"1.89800000","0.74000000","2024-05-25T00:12:41.088Z","buy",
"1.89600000","1.45000000","2024-05-25T00:03:03.565Z","buy",
"1.89600000","60.42000000","2024-05-25T00:03:03.565Z","buy",
"1.89700000","1.60000000","2024-05-25T00:02:36.858Z","buy",
"1.89800000","61.03000000","2024-05-25T00:01:55.033Z","buy",
"1.90200000","1.21000000","2024-05-24T23:40:08.152Z","buy",
"1.89200000","52.82000000","2024-05-24T23:37:00.791Z","buy",
"1.89300000","0.08000000","2024-05-24T23:33:29.837Z","sell",
"1.89100000","1.21000000","2024-05-24T23:31:59.771Z","buy",
"1.89100000","1.65000000","2024-05-24T23:31:51.372Z","buy",
"1.89100000","1.65000000","2024-05-24T23:31:51.067Z","buy",
"1.89100000","24.82000000","2024-05-24T23:31:50.561Z","buy",
"1.89400000","5.47000000","2024-05-24T23:28:20.671Z","buy",
"1.89700000","24.99000000","2024-05-24T23:11:42.679Z","sell",
"1.89800000","75.60000000","2024-05-24T23:10:09.089Z","sell",
"1.89700000","3.08000000","2024-05-24T22:49:42.733Z","buy",
"1.90100000","10.23000000","2024-05-24T22:43:25.802Z","sell",
"1.90400000","62.18000000","2024-05-24T22:30:21.320Z","buy",
"1.90700000","1.03000000","2024-05-24T22:29:56.644Z","buy",
"1.90700000","54.19000000","2024-05-24T22:29:56.644Z","buy",
"1.90700000","1.03000000","2024-05-24T22:29:56.352Z","buy",
"1.90700000","62.80000000","2024-05-24T22:29:56.352Z","buy",
"1.90800000","1.10000000","2024-05-24T22:29:47.949Z","buy",
"1.91100000","0.43000000","2024-05-24T22:29:27.933Z","buy",
"1.91100000","1.22000000","2024-05-24T22:29:27.933Z","buy",
"1.91100000","25.52000000","2024-05-24T22:29:24.359Z","buy",
"1.91200000","4.78000000","2024-05-24T22:29:23.328Z","buy",
"1.91200000","3.14000000","2024-05-24T22:29:19.336Z","buy",
"1.91500000","127.92000000","2024-05-24T22:29:15.357Z","sell",
"1.91500000","105.00000000","2024-05-24T22:29:15.357Z","sell",
"1.91400000","104.00000000","2024-05-24T22:29:15.357Z","sell",
"1.91200000","0.29000000","2024-05-24T22:29:14.567Z","buy",
"1.92100000","184.98000000","2024-05-24T22:29:13.353Z","sell",
"1.92000000","56.02000000","2024-05-24T22:29:13.353Z","sell",
"1.92000000","224.06000000","2024-05-24T22:29:13.353Z","sell",
"1.92000000","5.47000000","2024-05-24T22:29:13.353Z","sell",
"1.91900000","112.03000000","2024-05-24T22:29:13.353Z","sell",
"1.91800000","25.66000000","2024-05-24T22:29:13.221Z","sell",
"1.91500000","868.55000000","2024-05-24T22:29:13.152Z","sell",
"1.91500000","271.45000000","2024-05-24T22:29:13.152Z","sell",
"1.91100000","101.55000000","2024-05-24T22:29:13.135Z","sell",
"1.90900000","2.00000000","2024-05-24T22:29:13.135Z","sell",
"1.90900000","5.51000000","2024-05-24T22:29:13.135Z","sell",
"1.90700000","59.06000000","2024-05-24T22:29:13.060Z","sell",
"1.90700000","118.12000000","2024-05-24T22:29:13.060Z","sell",
"1.90700000","236.24000000","2024-05-24T22:29:13.060Z","sell",
"1.90700000","428.02000000","2024-05-24T22:29:12.999Z","sell",
"1.90600000","180.79000000","2024-05-24T22:29:12.999Z","sell",
"1.90600000","275.36000000","2024-05-24T22:29:12.999Z","sell",
"1.90500000","137.68000000","2024-05-24T22:29:12.999Z","sell",
"1.90400000","68.15000000","2024-05-24T22:29:12.999Z","sell",
"1.90400000","42.18000000","2024-05-24T22:29:12.895Z","sell",
"1.90400000","68.84000000","2024-05-24T22:29:12.895Z","sell",
"1.90300000","16.45000000","2024-05-24T22:29:04.111Z","buy",
"1.89900000","224.12000000","2024-05-24T21:53:40.422Z","buy",
"1.89900000","25.88000000","2024-05-24T21:53:40.422Z","buy",
"1.90000000","25.26000000","2024-05-24T21:12:27.071Z","sell",
"1.90000000","105.00000000","2024-05-24T21:12:27.071Z","sell",
"1.90100000","120.49000000","2024-05-24T20:52:57.652Z","sell",
"1.90000000","189.87000000","2024-05-24T20:52:57.652Z","sell",
"1.90000000","3.51000000","2024-05-24T20:52:57.652Z","sell",
"1.89600000","27.05000000","2024-05-24T20:22:33.238Z","buy",
"1.89600000","1.98000000","2024-05-24T20:16:04.439Z","buy",
"1.89700000","1.91000000","2024-05-24T20:16:01.430Z","buy",
"1.89700000","4.91000000","2024-05-24T20:15:55.394Z","buy",
"1.89700000","1.98000000","2024-05-24T20:15:50.765Z","buy",
"1.89800000","2.21000000","2024-05-24T20:15:38.516Z","buy",
"1.89700000","3.79000000","2024-05-24T20:15:33.615Z","buy",
"1.89600000","1.96000000","2024-05-24T20:15:28.705Z","buy",
"1.89600000","3.57000000","2024-05-24T20:15:23.725Z","buy",
"1.89500000","2.09000000","2024-05-24T20:15:20.615Z","buy",
"1.89300000","2.05000000","2024-05-24T20:15:14.417Z","buy",
"1.89400000","2.47000000","2024-05-24T20:15:00.267Z","buy",
"1.89400000","1.84000000","2024-05-24T20:12:59.177Z","buy",
"1.89400000","4.36000000","2024-05-24T20:12:56.632Z","buy",
"1.89400000","2.02000000","2024-05-24T20:12:53.266Z","buy",
"1.89500000","4.92000000","2024-05-24T20:12:44.946Z","buy",
"1.89500000","4.82000000","2024-05-24T20:12:39.064Z","buy",
"1.89500000","4.90000000","2024-05-24T20:12:28.503Z","buy",
"1.89500000","3.51000000","2024-05-24T20:11:55.776Z","buy",
"1.89600000","4.40000000","2024-05-24T20:11:40.136Z","buy",
"1.89700000","1.93000000","2024-05-24T20:11:24.194Z","buy",
"1.89700000","4.21000000","2024-05-24T20:11:13.974Z","buy",
"1.89600000","1.48000000","2024-05-24T20:11:02.149Z","buy",
"1.89700000","3.77000000","2024-05-24T20:10:41.167Z","buy",
"1.89700000","1.94000000","2024-05-24T20:10:37.025Z","buy",
"1.89800000","3.28000000","2024-05-24T20:10:31.696Z","buy",
"1.89800000","5.09000000","2024-05-24T20:10:28.321Z","buy",
"1.89900000","1.19000000","2024-05-24T20:10:23.828Z","buy",
"1.90000000","186.26000000","2024-05-24T20:10:21.699Z","sell",
"1.89900000","43.74000000","2024-05-24T20:10:21.699Z","sell",
"1.89800000","2.24000000","2024-05-24T20:10:15.747Z","buy",
"1.89800000","1.98000000","2024-05-24T20:10:06.478Z","buy",
"1.89900000","0.56000000","2024-05-24T20:10:03.759Z","buy",
"1.89900000","4.12000000","2024-05-24T20:09:54.080Z","buy",
"1.89900000","3.54000000","2024-05-24T20:09:49.059Z","buy",
"1.89900000","1.02000000","2024-05-24T20:09:34.167Z","buy",
"1.89700000","0.53000000","2024-05-24T20:08:55.926Z","buy",
"1.89700000","202.57000000","2024-05-24T20:07:36.543Z","sell",
"1.89600000","4.93000000","2024-05-24T20:07:22.010Z","buy",
"1.89500000","2.01000000","2024-05-24T20:07:19.270Z","buy",
"1.89500000","227.44000000","2024-05-24T20:07:19.223Z","sell",
"1.89400000","3.31000000","2024-05-24T20:06:54.400Z","buy",
"1.89400000","0.74000000","2024-05-24T20:06:54.400Z","buy",
"1.89300000","1.41000000","2024-05-24T20:06:11.520Z","buy",
"1.89200000","0.75000000","2024-05-24T20:06:04.371Z","buy",
"1.89100000","3.22000000","2024-05-24T20:05:54.416Z","buy",
"1.89100000","0.75000000","2024-05-24T20:05:54.416Z","buy",
"1.89100000","2.03000000","2024-05-24T20:05:50.740Z","buy",
"1.89000000","3.61000000","2024-05-24T20:05:42.226Z","buy",
"1.89000000","0.80000000","2024-05-24T20:05:42.226Z","buy",
"1.89000000","0.86000000","2024-05-24T20:05:24.352Z","buy",
"1.88900000","0.95000000","2024-05-24T20:05:06.196Z","buy",
"1.88900000","1.27000000","2024-05-24T20:04:57.368Z","buy",
"1.89000000","4.43000000","2024-05-24T20:04:20.265Z","buy",
"1.89100000","1.77000000","2024-05-24T20:04:16.794Z","buy",
"1.89200000","1.70000000","2024-05-24T20:04:02.933Z","buy",
"1.89200000","3.90000000","2024-05-24T20:03:25.259Z","buy",
"1.89200000","2.48000000","2024-05-24T20:03:14.122Z","buy",
"1.89200000","2.30000000","2024-05-24T20:03:14.122Z","buy",
"1.89200000","2.42000000","2024-05-24T20:01:48.069Z","buy",
"1.89200000","3.59000000","2024-05-24T20:01:41.391Z","buy",
"1.89200000","4.60000000","2024-05-24T20:01:38.724Z","buy",
"1.89200000","1.03000000","2024-05-24T20:01:25.063Z","buy",
"1.89200000","3.77000000","2024-05-24T20:01:06.598Z","buy",
"1.89100000","1.93000000","2024-05-24T20:01:01.499Z","buy",
"1.89200000","4.64000000","2024-05-24T20:00:56.799Z","buy",
"1.89200000","4.46000000","2024-05-24T20:00:48.056Z","buy",
"1.89300000","48.59000000","2024-05-24T19:31:22.762Z","buy",
"1.89300000","25.44000000","2024-05-24T19:31:22.762Z","buy",
"1.89500000","10.52000000","2024-05-24T18:55:54.421Z","sell",
"1.88900000","2.00000000","2024-05-24T18:35:32.115Z","buy",
"1.90100000","38.60000000","2024-05-24T18:12:05.700Z","sell",
"1.90100000","24.57000000","2024-05-24T18:12:05.700Z","sell",
"1.89700000","5.54000000","2024-05-24T18:12:05.700Z","sell",
"1.88900000","0.86000000","2024-05-24T18:03:44.187Z","buy",
"1.88300000","24.61000000","2024-05-24T17:45:05.851Z","buy",
"1.88300000","0.11000000","2024-05-24T17:35:29.271Z","buy",
"1.87400000","0.53000000","2024-05-24T17:09:56.385Z","sell",
"1.87100000","5.54000000","2024-05-24T17:07:34.835Z","buy",
"1.87200000","20.43000000","2024-05-24T17:07:06.021Z","sell",
"1.87400000","16.17000000","2024-05-24T17:04:13.219Z","buy",
"1.87200000","20.08000000","2024-05-24T16:46:18.973Z","buy",
"1.87500000","2.00000000","2024-05-24T16:44:20.203Z","buy",
"1.87500000","2.00000000","2024-05-24T16:44:20.174Z","buy",
"1.88200000","5.80000000","2024-05-24T16:18:39.378Z","sell",
"1.88100000","0.29000000","2024-05-24T16:15:31.413Z","sell",
"1.88300000","4.96000000","2024-05-24T16:07:31.270Z","buy",
"1.88300000","5.51000000","2024-05-24T16:07:31.270Z","buy",
"1.89000000","59.45000000","2024-05-24T15:55:59.709Z","buy",
"1.89000000","106.00000000","2024-05-24T15:55:57.732Z","buy",
"1.89000000","106.00000000","2024-05-24T15:55:57.322Z","buy",
"1.88900000","2.99000000","2024-05-24T15:50:38.247Z","sell",
"1.89000000","0.01000000","2024-05-24T15:48:32.355Z","sell",
"1.88700000","24.73000000","2024-05-24T15:45:29.558Z","buy",
"1.88900000","0.28000000","2024-05-24T15:44:16.589Z","buy",
"1.91100000","52.20000000","2024-05-24T15:11:19.121Z","sell",
"1.91100000","3.18000000","2024-05-24T15:11:19.121Z","sell",
"1.91100000","14.00000000","2024-05-24T15:11:19.121Z","sell",
"1.90900000","5.51000000","2024-05-24T15:11:19.121Z","sell",
"1.90900000","2.00000000","2024-05-24T15:11:19.121Z","sell",
"1.89700000","5.54000000","2024-05-24T14:28:50.820Z","sell",
"1.88600000","106.92000000","2024-05-24T14:24:22.576Z","sell",
"1.87200000","2.93000000","2024-05-24T14:05:53.168Z","buy",
"1.88100000","0.08000000","2024-05-24T14:02:37.525Z","sell",
"1.87500000","34.27000000","2024-05-24T13:54:09.163Z","buy",
"1.88800000","4.56000000","2024-05-24T13:36:47.546Z","sell",
"1.88900000","6.42000000","2024-05-24T13:35:33.591Z","buy",
"1.88800000","27.78000000","2024-05-24T13:17:33.575Z","sell",
"1.89000000","50.00000000","2024-05-24T13:02:13.356Z","sell",
"1.88900000","2.00000000","2024-05-24T13:02:13.356Z","sell",
"1.88600000","107.07000000","2024-05-24T12:51:07.385Z","sell",
"1.88600000","5.57000000","2024-05-24T12:51:07.385Z","sell",
"1.88400000","49.07000000","2024-05-24T12:50:59.513Z","buy",
"1.88400000","27.85000000","2024-05-24T12:50:59.513Z","buy",
"1.87900000","0.98000000","2024-05-24T12:32:39.277Z","buy",
"1.87700000","13.19000000","2024-05-24T11:57:46.308Z","sell",
"1.87500000","6.81000000","2024-05-24T11:31:43.825Z","sell",
"1.87500000","5.61000000","2024-05-24T11:31:43.825Z","sell",
"1.87400000","21.54000000","2024-05-24T11:22:10.092Z","sell",
"1.87300000","21.55000000","2024-05-24T11:07:53.763Z","buy",
"1.87100000","5.29000000","2024-05-24T10:37:14.333Z","sell",
"1.86700000","19.97000000","2024-05-24T10:02:41.500Z","sell",
"1.86300000","5.64000000","2024-05-24T10:02:41.500Z","sell",
"1.86200000","0.24000000","2024-05-24T09:58:32.870Z","buy",
"1.86200000","19.92000000","2024-05-24T09:20:17.998Z","buy",
"1.86200000","95.14000000","2024-05-24T09:20:12.109Z","sell",
"1.86200000","24.84000000","2024-05-24T09:20:12.109Z","sell",
"1.86200000","14.00000000","2024-05-24T09:20:12.109Z","sell",
"1.86000000","16.87000000","2024-05-24T09:20:12.109Z","sell",
"1.85600000","280.79000000","2024-05-24T09:13:41.454Z","buy",
"1.85700000","24.82000000","2024-05-24T09:13:37.737Z","buy",
"1.85300000","14.00000000","2024-05-24T07:49:34.701Z","sell",
"1.85300000","70.76000000","2024-05-24T07:49:34.701Z","sell",
"1.85100000","108.48000000","2024-05-24T07:22:11.808Z","sell",
"1.83800000","236.60000000","2024-05-24T07:05:34.435Z","sell",
"1.83700000","150.81000000","2024-05-24T07:05:34.435Z","sell",
"1.83700000","14.00000000","2024-05-24T07:05:34.435Z","sell",
"1.83700000","502.45000000","2024-05-24T07:05:34.435Z","sell",
"1.83700000","72.95000000","2024-05-24T07:05:34.435Z","sell",
"1.83700000","145.90000000","2024-05-24T07:05:34.435Z","sell",
"1.83600000","181.07000000","2024-05-24T07:05:34.435Z","sell",
"1.83800000","2.35000000","2024-05-24T06:47:45.163Z","sell",
"1.83800000","27.57000000","2024-05-24T06:47:45.163Z","sell",
"1.83700000","2.20000000","2024-05-24T06:46:33.111Z","buy",
"1.83800000","5.64000000","2024-05-24T06:46:33.111Z","buy",
"1.83900000","25.39000000","2024-05-24T06:45:49.108Z","buy",
"1.84800000","2.00000000","2024-05-24T06:31:36.326Z","buy",
"1.84900000","5.61000000","2024-05-24T06:26:26.864Z","buy",
"1.85900000","10.65000000","2024-05-24T06:06:12.134Z","sell",
"1.86100000","71.68000000","2024-05-24T06:00:29.339Z","sell",
"1.85900000","2.89000000","2024-05-24T05:49:40.848Z","buy",
"1.86700000","2.82000000","2024-05-24T05:48:33.039Z","buy",
"1.86800000","2.81000000","2024-05-24T05:47:07.622Z","sell",
"1.86000000","75.97000000","2024-05-24T05:43:59.442Z","sell",
"1.86000000","151.95000000","2024-05-24T05:43:59.442Z","sell",
"1.85900000","25.08000000","2024-05-24T05:43:59.442Z","sell",
"1.85500000","76.36000000","2024-05-24T05:42:31.372Z","buy",
"1.85500000","159.46000000","2024-05-24T05:42:31.372Z","buy",
"1.85900000","14.00000000","2024-05-24T05:42:31.329Z","buy",
"1.85600000","39.86000000","2024-05-24T05:42:31.326Z","buy",
"1.85600000","79.67000000","2024-05-24T05:42:31.326Z","buy",
"1.85700000","558.18000000","2024-05-24T05:42:31.326Z","buy",
"1.85700000","558.18000000","2024-05-24T05:42:31.326Z","buy",
"1.85900000","131.61000000","2024-05-24T05:42:31.326Z","buy",
"1.86000000","25.04000000","2024-05-24T05:42:31.326Z","buy",
"1.86000000","5.57000000","2024-05-24T05:42:31.326Z","buy",
"1.86300000","2.89000000","2024-05-24T05:42:24.244Z","buy",
"1.86700000","2.80000000","2024-05-24T05:38:15.049Z","sell",
"1.86700000","2.88000000","2024-05-24T05:38:07.029Z","buy",
"1.87100000","5.54000000","2024-05-24T05:37:45.941Z","buy",
"1.87300000","2.80000000","2024-05-24T05:37:17.355Z","sell",
"1.87400000","2.79000000","2024-05-24T05:34:19.035Z","sell",
"1.87700000","14.00000000","2024-05-24T05:29:08.180Z","sell",
"1.88800000","0.09000000","2024-05-24T05:04:22.747Z","buy",
"1.88800000","2.70000000","2024-05-24T04:59:03.376Z","buy",
"1.89000000","48.17000000","2024-05-24T04:32:57.006Z","buy",
"1.89200000","2.78000000","2024-05-24T04:32:57.006Z","buy",
"1.88800000","2.77000000","2024-05-24T04:02:51.839Z","sell",
"1.89100000","0.28000000","2024-05-24T04:01:00.339Z","sell",
"1.89100000","0.52000000","2024-05-24T04:00:59.531Z","sell",
"1.89200000","1.29000000","2024-05-24T03:57:35.630Z","sell",
"1.89400000","2.63000000","2024-05-24T03:45:33.523Z","sell",
"1.89500000","14.00000000","2024-05-24T03:17:27.484Z","buy",
"1.89700000","0.28000000","2024-05-24T03:17:27.484Z","buy",
"1.89700000","29.68000000","2024-05-24T03:16:30.273Z","sell",
"1.88500000","1193.17000000","2024-05-24T03:02:18.762Z","buy",
"1.88500000","520.12000000","2024-05-24T03:02:18.762Z","buy",
"1.88600000","286.13000000","2024-05-24T03:02:18.762Z","buy",
"1.88700000","416.10000000","2024-05-24T03:02:18.762Z","buy",
"1.88700000","550.07000000","2024-05-24T03:02:18.762Z","buy",
"1.88700000","550.08000000","2024-05-24T03:02:18.762Z","buy",
"1.88800000","5.15000000","2024-05-24T03:02:18.762Z","buy",
"1.88800000","46.97000000","2024-05-24T03:02:18.762Z","buy",
"1.88800000","208.05000000","2024-05-24T03:02:18.762Z","buy",
"1.88900000","150.68000000","2024-05-24T03:02:18.762Z","buy",
"1.88900000","147.80000000","2024-05-24T03:02:18.762Z","buy",
"1.88900000","52.01000000","2024-05-24T03:02:18.762Z","buy",
"1.88900000","104.02000000","2024-05-24T03:02:18.762Z","buy",
"1.88900000","502.45000000","2024-05-24T03:02:18.762Z","buy",
"1.89000000","502.45000000","2024-05-24T03:02:18.762Z","buy",
"1.88200000","47.91000000","2024-05-24T02:43:09.864Z","buy",
"1.88300000","22.19000000","2024-05-24T02:43:09.864Z","buy",
"1.88300000","79.58000000","2024-05-24T02:42:55.191Z","buy",
"1.88300000","2.39000000","2024-05-24T02:35:43.547Z","buy",
"1.88300000","5.51000000","2024-05-24T02:35:43.547Z","buy",
"1.88600000","24.61000000","2024-05-24T02:30:12.992Z","sell",
"1.89600000","22.55000000","2024-05-24T02:20:04.227Z","buy",
"1.89600000","502.45000000","2024-05-24T02:20:04.227Z","buy",
"1.89400000","2.00000000","2024-05-24T02:02:09.239Z","buy",
"1.89300000","29.70000000","2024-05-24T01:51:30.104Z","sell",
"1.88500000","14.03000000","2024-05-24T01:39:54.797Z","buy",
"1.88800000","11.92000000","2024-05-24T01:09:08.677Z","buy",
"1.88800000","14.00000000","2024-05-24T01:09:08.677Z","buy",
"1.89400000","11.27000000","2024-05-24T01:02:27.572Z","sell",
"1.89700000","5.24000000","2024-05-24T00:56:12.133Z","buy",
"1.89700000","14.00000000","2024-05-24T00:56:12.133Z","buy",
"1.89700000","110.52000000","2024-05-24T00:56:12.133Z","buy",
"1.90100000","23.85000000","2024-05-24T00:56:09.684Z","buy",
"1.90300000","12.35000000","2024-05-24T00:52:30.801Z","sell",
"1.89800000","13.30000000","2024-05-24T00:42:35.972Z","sell",
"1.89800000","25.84000000","2024-05-24T00:35:16.858Z","sell",
"1.88700000","2.00000000","2024-05-24T00:03:57.525Z","buy",
"1.89100000","44.15000000","2024-05-23T23:59:07.348Z","buy",
"1.89100000","469.22000000","2024-05-23T23:51:32.418Z","buy",
"1.89200000","25.83000000","2024-05-23T23:51:32.418Z","buy",
"1.89600000","9.67000000","2024-05-23T23:01:07.642Z","sell",
"1.90700000","10.38000000","2024-05-23T22:10:58.846Z","sell",
"1.90900000","5.51000000","2024-05-23T22:00:13.857Z","sell",
"1.89300000","27.53000000","2024-05-23T21:37:36.336Z","sell",
"1.89900000","27.39000000","2024-05-23T21:35:03.074Z","buy",
"1.89900000","14.00000000","2024-05-23T21:34:52.240Z","sell",
"1.89700000","5.54000000","2024-05-23T21:34:52.240Z","sell",
"1.88600000","41.01000000","2024-05-23T21:31:33.936Z","sell",
"1.88200000","3.40000000","2024-05-23T21:30:26.251Z","buy",
"1.87100000","3.72000000","2024-05-23T21:26:06.373Z","buy",
"1.87100000","5.54000000","2024-05-23T21:26:06.373Z","buy",
"1.87100000","2.87000000","2024-05-23T21:26:06.373Z","buy",
"1.87900000","7.61000000","2024-05-23T21:17:32.088Z","buy",
"1.87900000","14.00000000","2024-05-23T21:17:32.088Z","buy",
"1.87400000","26.37000000","2024-05-23T21:16:57.259Z","buy",
"1.87200000","14.00000000","2024-05-23T21:16:44.140Z","buy",
"1.88300000","5.51000000","2024-05-23T21:16:23.834Z","buy",
"1.89100000","30.09000000","2024-05-23T21:16:04.505Z","buy",
"1.89100000","125.29000000","2024-05-23T21:16:04.502Z","buy",
"1.89100000","127.85000000","2024-05-23T21:16:04.279Z","buy",
"1.89100000","65.92000000","2024-05-23T21:16:03.292Z","buy",
"1.89100000","133.16000000","2024-05-23T21:16:03.288Z","buy",
"1.89100000","66.58000000","2024-05-23T21:16:03.246Z","buy",
"1.89100000","67.25000000","2024-05-23T21:16:01.160Z","buy",
"1.89100000","53.25000000","2024-05-23T21:15:46.236Z","buy",
"1.89100000","56.95000000","2024-05-23T21:15:46.172Z","buy",
"1.90900000","5.51000000","2024-05-23T21:10:41.370Z","sell",
"1.90900000","2.00000000","2024-05-23T21:10:41.370Z","sell",
"1.89900000","12.60000000","2024-05-23T21:09:23.838Z","sell",
"1.89900000","46.46000000","2024-05-23T21:09:23.812Z","sell",
"1.89900000","46.93000000","2024-05-23T21:09:23.743Z","sell",
"1.89100000","300.60000000","2024-05-23T21:08:05.497Z","buy",
"1.89100000","687.64000000","2024-05-23T21:07:15.305Z","buy",
"1.89100000","687.63000000","2024-05-23T21:07:15.301Z","buy",
"1.89100000","32.10000000","2024-05-23T21:07:08.298Z","sell",
"1.89100000","14.00000000","2024-05-23T21:07:08.298Z","sell",
"1.89700000","5.54000000","2024-05-23T21:05:59.978Z","sell",
"1.88500000","127.12000000","2024-05-23T21:05:30.085Z","buy",
"1.88600000","1.62000000","2024-05-23T21:05:30.085Z","buy",
"1.88900000","47.40000000","2024-05-23T21:04:22.662Z","buy",
"1.89100000","6.47000000","2024-05-23T21:04:22.662Z","buy",
"1.89300000","24.05000000","2024-05-23T21:04:11.532Z","buy",
"1.88900000","2.00000000","2024-05-23T21:02:59.255Z","sell",
"1.88600000","5.57000000","2024-05-23T21:02:59.255Z","sell",
"1.87700000","2.92000000","2024-05-23T21:02:11.908Z","sell",
"1.87500000","19.74000000","2024-05-23T20:58:53.142Z","sell",
"1.87500000","5.61000000","2024-05-23T20:58:53.142Z","sell",
"1.86300000","7.85000000","2024-05-23T20:39:23.994Z","sell",
"1.86300000","14.53000000","2024-05-23T20:39:23.994Z","sell",
"1.86300000","7.34000000","2024-05-23T20:39:23.994Z","sell",
"1.86300000","5.64000000","2024-05-23T20:35:59.633Z","sell",
"1.85700000","342.42000000","2024-05-23T20:33:17.431Z","sell",
"1.85500000","41.93000000","2024-05-23T20:25:17.235Z","sell",
"1.85500000","14.00000000","2024-05-23T20:25:17.235Z","sell",
"1.85400000","10.06000000","2024-05-23T20:20:23.119Z","sell",
"1.85300000","57.65000000","2024-05-23T20:20:23.119Z","sell",
"1.85300000","57.65000000","2024-05-23T20:20:23.119Z","sell",
"1.85200000","5.68000000","2024-05-23T20:20:23.119Z","sell",
"1.85000000","31.12000000","2024-05-23T20:17:45.496Z","sell",
"1.84100000","5.71000000","2024-05-23T20:17:17.803Z","sell",
"1.83000000","5.74000000","2024-05-23T20:16:29.199Z","sell",
"1.81600000","59.34000000","2024-05-23T20:08:12.790Z","sell",
"1.81300000","28.18000000","2024-05-23T20:08:06.447Z","sell",
"1.81700000","28.19000000","2024-05-23T20:06:04.380Z","buy",
"1.81800000","165.58000000","2024-05-23T20:06:00.604Z","buy",
"1.81800000","14.00000000","2024-05-23T20:06:00.604Z","buy",
"1.82000000","27.66000000","2024-05-23T20:05:41.745Z","sell",
"1.81500000","179.51000000","2024-05-23T20:05:00.586Z","buy",
"1.82000000","27.65000000","2024-05-23T20:04:43.395Z","buy",
"1.81800000","27.94000000","2024-05-23T20:04:35.521Z","sell",
"1.81600000","27.76000000","2024-05-23T20:04:21.912Z","buy",
"1.81600000","39.73000000","2024-05-23T20:04:21.912Z","buy",
"1.82500000","281.61000000","2024-05-23T20:03:58.307Z","sell",
"1.82500000","70.40000000","2024-05-23T20:03:58.307Z","sell",
"1.82500000","140.80000000","2024-05-23T20:03:58.307Z","sell",
"1.82400000","95.14000000","2024-05-23T20:03:58.307Z","sell",
"1.82400000","14.00000000","2024-05-23T20:03:58.307Z","sell",
"1.82600000","14.00000000","2024-05-23T20:03:47.120Z","sell",
"1.82600000","71.11000000","2024-05-23T20:03:47.120Z","sell",
"1.82500000","46.04000000","2024-05-23T20:03:47.120Z","sell",
"1.81800000","65.72000000","2024-05-23T20:03:07.695Z","buy",
"1.81900000","183.41000000","2024-05-23T20:03:07.695Z","buy",
"1.82000000","45.85000000","2024-05-23T20:03:07.695Z","buy",
"1.82000000","96.53000000","2024-05-23T20:03:07.695Z","buy",
"1.82400000","4.21000000","2024-05-23T20:03:07.695Z","buy",
"1.82100000","193.06000000","2024-05-23T20:03:06.733Z","buy",
"1.82200000","48.26000000","2024-05-23T20:03:06.733Z","buy",
"1.82300000","124.44000000","2024-05-23T20:03:06.733Z","buy",
"1.82400000","4.21000000","2024-05-23T20:03:06.733Z","buy",
"1.82200000","19.16000000","2024-05-23T20:03:05.648Z","buy",
"1.82300000","208.42000000","2024-05-23T20:03:05.648Z","buy",
"1.82400000","104.21000000","2024-05-23T20:03:05.648Z","buy",
"1.82400000","9.86000000","2024-05-23T20:03:05.648Z","buy",
"1.82400000","52.10000000","2024-05-23T20:03:05.648Z","buy",
"1.81800000","103.85000000","2024-05-23T20:02:05.014Z","buy",
"1.82200000","5.78000000","2024-05-23T20:01:01.221Z","buy",
"1.80200000","112.54000000","2024-05-23T20:00:50.266Z","sell",
"1.78800000","2.00000000","2024-05-23T20:00:42.196Z","buy",
"1.79000000","8.28000000","2024-05-23T20:00:42.196Z","buy",
"1.79900000","16.63000000","2024-05-23T20:00:41.968Z","buy",
"1.79400000","508.30000000","2024-05-23T20:00:41.573Z","buy",
"1.79400000","5.78000000","2024-05-23T20:00:41.573Z","buy",
"1.79500000","37.29000000","2024-05-23T20:00:41.573Z","buy",
"1.80500000","5.74000000","2024-05-23T20:00:40.449Z","buy",
"1.80600000","185.75000000","2024-05-23T20:00:40.449Z","buy",
"1.80800000","2.00000000","2024-05-23T20:00:37.412Z","buy",
"1.80900000","138.11000000","2024-05-23T20:00:37.412Z","buy",
"1.81100000","36.49000000","2024-05-23T20:00:37.412Z","buy",
"1.81200000","7.84000000","2024-05-23T20:00:37.412Z","buy",
"1.81600000","5.71000000","2024-05-23T20:00:34.471Z","buy",
"1.81700000","42.98000000","2024-05-23T20:00:34.282Z","buy",
"1.81800000","72.50000000","2024-05-23T20:00:34.282Z","buy",
"1.81800000","67.01000000","2024-05-23T20:00:34.238Z","buy",
"1.81800000","96.74000000","2024-05-23T20:00:34.238Z","buy",
"1.81900000","37.29000000","2024-05-23T20:00:34.238Z","buy",
"1.82400000","144.86000000","2024-05-23T20:00:33.156Z","sell",
"1.82400000","289.72000000","2024-05-23T20:00:33.156Z","sell",
"1.82300000","72.43000000","2024-05-23T20:00:33.156Z","sell",
"1.82700000","5.68000000","2024-05-23T20:00:32.929Z","buy",
"1.82800000","2.00000000","2024-05-23T20:00:32.929Z","buy",
"1.83200000","24.81000000","2024-05-23T20:00:32.929Z","buy",
"1.83500000","2.09000000","2024-05-23T20:00:32.929Z","buy",
"1.83700000","10.07000000","2024-05-23T20:00:32.753Z","buy",
"1.83800000","5.64000000","2024-05-23T20:00:32.713Z","buy",
"1.84100000","34.78000000","2024-05-23T20:00:31.444Z","buy",
"1.84800000","2.00000000","2024-05-23T20:00:30.135Z","buy",
"1.84900000","5.61000000","2024-05-23T20:00:26.166Z","buy",
"1.85000000","27.77000000","2024-05-23T20:00:26.166Z","buy",
"1.85000000","20.00000000","2024-05-23T20:00:26.166Z","buy",
"1.87700000","85.33000000","2024-05-23T18:50:21.812Z","sell",
"1.87300000","0.19000000","2024-05-23T18:46:32.449Z","buy",
"1.87700000","107.17000000","2024-05-23T18:39:33.678Z","sell",
"1.87500000","74.21000000","2024-05-23T18:39:25.528Z","sell",
"1.87400000","25.89000000","2024-05-23T18:39:25.528Z","sell",
"1.86800000","1.82000000","2024-05-23T18:38:52.064Z","buy",
"1.86800000","502.45000000","2024-05-23T18:38:52.064Z","buy",
"1.86900000","25.73000000","2024-05-23T18:38:52.064Z","buy",
"1.85900000","41.70000000","2024-05-23T18:25:19.713Z","sell",
"1.86000000","5.57000000","2024-05-23T18:19:14.359Z","buy",
"1.87000000","289.82000000","2024-05-23T18:15:49.517Z","sell",
"1.87000000","149.88000000","2024-05-23T18:15:40.884Z","buy",
"1.87000000","1.66000000","2024-05-23T18:15:40.884Z","buy",
"1.87000000","143.31000000","2024-05-23T18:15:40.069Z","buy",
"1.87000000","128.44000000","2024-05-23T18:15:40.069Z","buy",
"1.87000000","1.89000000","2024-05-23T18:15:40.069Z","buy",
"1.87000000","290.61000000","2024-05-23T18:15:39.327Z","sell",
"1.86800000","105.78000000","2024-05-23T18:15:34.584Z","buy",
"1.86300000","477.97000000","2024-05-23T18:14:49.672Z","buy",
"1.86300000","1027.45000000","2024-05-23T18:14:49.672Z","buy",
"1.86400000","74.57000000","2024-05-23T18:14:49.672Z","buy",
"1.86500000","410.01000000","2024-05-23T18:14:49.672Z","buy",
"1.86700000","51.25000000","2024-05-23T18:14:49.672Z","buy",
"1.86700000","102.50000000","2024-05-23T18:14:49.672Z","buy",
"1.86700000","205.00000000","2024-05-23T18:14:49.672Z","buy",
"1.86800000","94.58000000","2024-05-23T18:14:49.672Z","buy",
"1.86800000","94.59000000","2024-05-23T18:14:49.672Z","buy",
"1.86800000","2.08000000","2024-05-23T18:14:49.672Z","buy",
"1.86800000","9.03000000","2024-05-23T18:06:36.407Z","buy",
"1.86900000","2.00000000","2024-05-23T18:06:36.407Z","buy",
"1.87100000","503.42000000","2024-05-23T18:06:35.764Z","buy",
"1.87100000","694.94000000","2024-05-23T18:06:34.268Z","buy",
"1.87100000","689.40000000","2024-05-23T18:06:34.263Z","buy",
"1.87100000","5.54000000","2024-05-23T18:06:34.263Z","buy",
"1.87300000","27.00000000","2024-05-23T18:06:07.718Z","buy",
"1.87500000","2.87000000","2024-05-23T18:06:07.718Z","buy",
"1.88000000","2.86000000","2024-05-23T18:05:21.811Z","buy",
"1.88600000","105.73000000","2024-05-23T18:02:56.732Z","sell",
"1.88600000","433.29000000","2024-05-23T17:53:19.639Z","buy",
"1.88700000","502.45000000","2024-05-23T17:53:19.639Z","buy",
"1.89500000","20.00000000","2024-05-23T17:38:53.799Z","sell",
"1.89600000","0.11000000","2024-05-23T17:36:22.657Z","buy",
"1.89700000","28.22000000","2024-05-23T17:27:16.697Z","sell",
"1.89700000","518.36000000","2024-05-23T17:27:16.662Z","sell",
"1.89700000","581.64000000","2024-05-23T17:27:16.662Z","sell",
"1.89600000","290.82000000","2024-05-23T17:27:16.659Z","sell",
"1.89500000","72.70000000","2024-05-23T17:27:16.659Z","sell",
"1.89500000","41.13000000","2024-05-23T17:27:16.659Z","sell",
"1.89500000","157.31000000","2024-05-23T17:27:16.659Z","sell",
"1.89500000","145.41000000","2024-05-23T17:27:16.659Z","sell",
"1.89400000","203.65000000","2024-05-23T17:27:16.659Z","sell",
"1.89300000","74.95000000","2024-05-23T17:12:18.373Z","sell",
"1.89300000","35.35000000","2024-05-23T17:12:18.373Z","sell",
"1.89300000","149.91000000","2024-05-23T17:12:18.373Z","sell",
"1.88400000","2.85000000","2024-05-23T16:49:40.171Z","buy",
"1.88800000","2.85000000","2024-05-23T16:48:04.790Z","buy",
"1.89200000","2.84000000","2024-05-23T16:44:15.882Z","sell",
"1.89300000","195.02000000","2024-05-23T16:36:25.934Z","buy",
"1.89400000","7.24000000","2024-05-23T16:36:25.934Z","buy",
"1.89400000","196.80000000","2024-05-23T16:36:25.934Z","buy",
"1.89400000","150.14000000","2024-05-23T16:36:25.934Z","buy",
"1.89400000","46.75000000","2024-05-23T16:36:25.920Z","buy",
"1.89400000","502.45000000","2024-05-23T16:36:25.920Z","buy",
"1.89500000","713.37000000","2024-05-23T16:35:18.544Z","buy",
"1.89500000","358.02000000","2024-05-23T16:35:18.544Z","buy",
"1.89600000","220.72000000","2024-05-23T16:35:18.544Z","buy",
"1.90000000","14.00000000","2024-05-23T16:35:18.544Z","buy",
"1.89600000","179.01000000","2024-05-23T16:35:18.541Z","buy",
"1.89700000","89.51000000","2024-05-23T16:35:18.541Z","buy",
"1.89700000","285.21000000","2024-05-23T16:35:18.541Z","buy",
"1.89700000","44.75000000","2024-05-23T16:35:18.541Z","buy",
"1.89800000","788.17000000","2024-05-23T16:35:18.541Z","buy",
"1.90000000","169.41000000","2024-05-23T16:35:18.541Z","buy",
"1.90000000","28.18000000","2024-05-23T16:35:18.541Z","buy",
"1.89500000","491.07000000","2024-05-23T15:49:04.936Z","buy",
"1.89500000","28.45000000","2024-05-23T15:47:28.655Z","sell",
"1.89400000","28.29000000","2024-05-23T15:45:38.624Z","buy",
"1.90000000","37.91000000","2024-05-23T15:18:36.085Z","buy",
"1.89000000","242.96000000","2024-05-23T14:38:00.519Z","sell",
"1.89000000","14.00000000","2024-05-23T14:38:00.519Z","sell",
"1.89500000","5.36000000","2024-05-23T14:35:07.821Z","buy",
"1.89600000","68.26000000","2024-05-23T14:21:36.393Z","sell",
"1.89600000","69.04000000","2024-05-23T14:21:36.393Z","sell",
"1.89600000","502.45000000","2024-05-23T14:21:36.393Z","sell",
"1.89500000","129.38000000","2024-05-23T14:21:36.393Z","sell",
"1.90100000","231.44000000","2024-05-23T14:14:54.254Z","sell",
"1.90100000","317.10000000","2024-05-23T14:14:54.251Z","sell",
"1.90100000","504.88000000","2024-05-23T14:14:53.414Z","sell",
"1.90000000","43.96000000","2024-05-23T14:14:53.414Z","sell",
"1.89900000","0.75000000","2024-05-23T14:14:35.619Z","buy",
"1.90000000","0.81000000","2024-05-23T14:14:32.813Z","buy",
"1.90000000","0.89000000","2024-05-23T14:14:28.416Z","buy",
"1.90000000","0.13000000","2024-05-23T14:14:24.919Z","buy",
"1.90000000","0.89000000","2024-05-23T14:14:24.919Z","buy",
"1.89900000","0.94000000","2024-05-23T14:14:16.448Z","buy",
"1.90100000","1.02000000","2024-05-23T14:14:12.298Z","buy",
"1.90100000","1.04000000","2024-05-23T14:14:00.190Z","buy",
"1.90100000","2.10000000","2024-05-23T14:13:43.973Z","buy",
"1.90100000","3.10000000","2024-05-23T14:13:40.424Z","buy",
"1.90100000","1.17000000","2024-05-23T14:13:40.424Z","buy",
"1.90100000","1.29000000","2024-05-23T14:13:36.366Z","buy",
"1.90100000","2.24000000","2024-05-23T14:13:34.023Z","buy",
"1.90100000","1.47000000","2024-05-23T14:13:34.023Z","buy",
"1.90100000","1.53000000","2024-05-23T14:13:29.916Z","buy",
"1.90100000","1.82000000","2024-05-23T14:13:17.979Z","buy",
"1.90000000","2.13000000","2024-05-23T14:13:12.398Z","buy",
"1.89900000","2.87000000","2024-05-23T14:13:06.482Z","buy",
"1.89900000","1.96000000","2024-05-23T14:13:03.846Z","buy",
"1.90000000","3.46000000","2024-05-23T14:12:53.154Z","buy",
"1.90000000","2.27000000","2024-05-23T14:12:46.545Z","buy",
"1.90100000","4.33000000","2024-05-23T14:12:42.309Z","buy",
"1.90100000","4.96000000","2024-05-23T14:12:39.013Z","buy",
"1.90000000","1.74000000","2024-05-23T14:12:35.581Z","buy",
"1.90000000","3.13000000","2024-05-23T14:12:31.288Z","buy",
"1.90100000","3.79000000","2024-05-23T14:12:24.692Z","buy",
"1.90100000","14.11000000","2024-05-23T14:12:22.417Z","sell",
"1.90100000","1.98000000","2024-05-23T14:12:17.864Z","buy",
"1.89800000","1.62000000","2024-05-23T14:12:15.535Z","buy",
"1.89800000","5.02000000","2024-05-23T14:12:12.608Z","buy",
"1.89800000","1.09000000","2024-05-23T14:12:10.167Z","buy",
"1.89800000","2.99000000","2024-05-23T14:12:06.845Z","buy",
"1.90000000","4.14000000","2024-05-23T14:12:04.041Z","buy",
"1.89900000","168.56000000","2024-05-23T14:12:01.383Z","sell",
"1.89900000","83.95000000","2024-05-23T14:12:01.383Z","sell",
"1.89900000","72.81000000","2024-05-23T14:12:01.383Z","sell",
"1.89800000","40.48000000","2024-05-23T14:12:01.383Z","sell",
"1.89700000","5.54000000","2024-05-23T14:12:01.383Z","sell",
"1.89600000","1.24000000","2024-05-23T14:12:01.097Z","buy",
"1.89600000","2.46000000","2024-05-23T14:11:57.065Z","buy",
"1.89600000","0.99000000","2024-05-23T14:11:57.065Z","buy",
"1.89500000","1.07000000","2024-05-23T14:11:53.553Z","buy",
"1.89400000","1.17000000","2024-05-23T14:11:50.666Z","buy",
"1.89400000","1.15000000","2024-05-23T14:11:50.666Z","buy",
"1.89400000","1.31000000","2024-05-23T14:11:44.417Z","buy",
"1.89200000","1.06000000","2024-05-23T14:11:39.570Z","buy",
"1.89200000","1.66000000","2024-05-23T14:11:36.113Z","buy",
"1.88900000","2.00000000","2024-05-23T14:05:21.297Z","sell",
"1.88800000","1.18000000","2024-05-23T14:02:21.245Z","buy",
"1.88600000","5.57000000","2024-05-23T14:02:20.458Z","sell",
"1.88400000","667.54000000","2024-05-23T14:01:43.011Z","sell",
"1.88400000","44.45000000","2024-05-23T14:01:42.908Z","sell",
"1.88400000","44.90000000","2024-05-23T14:01:42.688Z","sell",
"1.88400000","1.27000000","2024-05-23T14:00:32.484Z","buy",
"1.88500000","0.58000000","2024-05-23T14:00:26.391Z","buy",
"1.88500000","1.50000000","2024-05-23T14:00:26.391Z","buy",
"1.88500000","1.81000000","2024-05-23T14:00:23.722Z","buy",
"1.88400000","2.69000000","2024-05-23T14:00:15.266Z","buy",
"1.88400000","2.12000000","2024-05-23T14:00:15.266Z","buy",
"1.88400000","2.90000000","2024-05-23T14:00:03.681Z","buy",
"1.88500000","1.71000000","2024-05-23T13:59:58.181Z","buy",
"1.88400000","3.54000000","2024-05-23T13:59:54.946Z","buy",
"1.88400000","2.75000000","2024-05-23T13:59:52.020Z","buy",
"1.88400000","1.88000000","2024-05-23T13:59:48.663Z","buy",
"1.88400000","2.71000000","2024-05-23T13:59:45.635Z","buy",
"1.88400000","4.90000000","2024-05-23T13:59:41.594Z","buy",
"1.88400000","4.32000000","2024-05-23T13:59:37.339Z","buy",
"1.88400000","3.61000000","2024-05-23T13:59:34.221Z","buy",
"1.88400000","4.19000000","2024-05-23T13:59:32.030Z","buy",
"1.88500000","3.17000000","2024-05-23T13:59:28.128Z","buy",
"1.88500000","1.31000000","2024-05-23T13:59:25.645Z","buy",
"1.88500000","2.98000000","2024-05-23T13:59:23.278Z","buy",
"1.88400000","1.39000000","2024-05-23T13:59:17.469Z","buy",
"1.88300000","4.84000000","2024-05-23T13:59:15.082Z","buy",
"1.88400000","3.34000000","2024-05-23T13:59:05.159Z","buy",
"1.88500000","4.39000000","2024-05-23T13:58:44.745Z","buy",
"1.88500000","4.70000000","2024-05-23T13:58:41.176Z","buy",
"1.88500000","2.77000000","2024-05-23T13:58:38.775Z","buy",
"1.88500000","2.76000000","2024-05-23T13:58:36.390Z","buy",
"1.88500000","1.89000000","2024-05-23T13:58:33.390Z","buy",
"1.88500000","3.56000000","2024-05-23T13:58:30.325Z","buy",
"1.87500000","9.40000000","2024-05-23T13:57:18.995Z","buy",
"1.87500000","28.38000000","2024-05-23T13:57:18.995Z","buy",
"1.87900000","116.42000000","2024-05-23T13:55:40.675Z","sell",
"1.88100000","14.00000000","2024-05-23T13:54:51.055Z","sell",
"1.88100000","53.82000000","2024-05-23T13:54:51.055Z","sell",
"1.86900000","28.79000000","2024-05-23T13:53:04.876Z","sell",
"1.87200000","82.67000000","2024-05-23T13:52:42.024Z","sell",
"1.85900000","29.07000000","2024-05-23T13:52:21.447Z","sell",
"1.86100000","30.59000000","2024-05-23T13:51:13.348Z","buy",
"1.85700000","10.43000000","2024-05-23T13:50:46.141Z","buy",
"1.86000000","5.57000000","2024-05-23T13:50:46.141Z","buy",
"1.86400000","2.34000000","2024-05-23T13:50:37.725Z","buy",
"1.86400000","30.50000000","2024-05-23T13:50:37.725Z","buy",
"1.86500000","0.64000000","2024-05-23T13:50:37.725Z","buy",
"1.86600000","35.37000000","2024-05-23T13:50:37.725Z","buy",
"1.86500000","207.23000000","2024-05-23T13:50:37.343Z","buy",
"1.86700000","175.35000000","2024-05-23T13:50:37.343Z","buy",
"1.86800000","168.80000000","2024-05-23T13:50:37.343Z","buy",
"1.86800000","5.35000000","2024-05-23T13:50:37.343Z","buy",
"1.86900000","70.73000000","2024-05-23T13:50:37.343Z","buy",
"1.86900000","2.00000000","2024-05-23T13:50:37.343Z","buy",
"1.87100000","5.54000000","2024-05-23T13:50:37.343Z","buy",
"1.87200000","55.55000000","2024-05-23T13:50:34.696Z","buy",
"1.87300000","14.00000000","2024-05-23T13:50:34.696Z","buy",
"1.88300000","5.51000000","2024-05-23T13:50:21.815Z","buy",
"1.88700000","29.16000000","2024-05-23T13:50:04.268Z","buy",
"1.88800000","26.74000000","2024-05-23T13:50:04.151Z","buy",
"1.88900000","267.48000000","2024-05-23T13:48:27.299Z","buy",
"1.88900000","2.00000000","2024-05-23T13:48:27.299Z","buy",
"1.89400000","5.47000000","2024-05-23T13:48:21.418Z","buy",
"1.89600000","2.84000000","2024-05-23T13:47:09.799Z","buy",
"1.91100000","80.36000000","2024-05-23T13:44:18.918Z","sell",
"1.92100000","50.79000000","2024-05-23T13:32:10.333Z","sell",
"1.92100000","133.34000000","2024-05-23T13:32:10.324Z","sell",
"1.92400000","128.43000000","2024-05-23T13:30:30.517Z","sell",
"1.92300000","14.00000000","2024-05-23T13:30:30.517Z","sell",
"1.92300000","215.79000000","2024-05-23T13:30:30.517Z","sell",
"1.92200000","20.00000000","2024-05-23T13:30:30.517Z","sell",
"1.92000000","5.47000000","2024-05-23T13:25:06.970Z","sell",
"1.91700000","198.04000000","2024-05-23T13:23:22.423Z","sell",
"1.91600000","205.70000000","2024-05-23T13:23:19.996Z","sell",
"1.91600000","3.80000000","2024-05-23T13:23:06.738Z","buy",
"1.91700000","2.02000000","2024-05-23T13:23:03.235Z","buy",
"1.91800000","4.82000000","2024-05-23T13:23:00.208Z","buy",
"1.91800000","3.31000000","2024-05-23T13:22:57.023Z","buy",
"1.91900000","2.23000000","2024-05-23T13:22:30.931Z","buy",