"price","volume","time","side","orderType"
"1.70480000","0.80000000","2023-03-29T16:02:24.841Z","sell",
"1.70480000","5.00000000","2023-03-29T16:02:21.090Z","sell",
"1.70490000","123.10000000","2023-03-29T16:02:21.084Z","sell",
"1.70390000","7.30000000","2023-03-29T16:02:21.074Z","sell",
"1.70390000","5.00000000","2023-03-29T16:02:21.074Z","sell",
"1.70330000","5.00000000","2023-03-29T16:02:10.234Z","buy",
"1.70710000","12.30000000","2023-03-29T16:01:38.413Z","sell",
"1.70620000","12.30000000","2023-03-29T16:01:30.910Z","sell",
"1.70590000","12.30000000","2023-03-29T16:01:24.294Z","sell",
"1.70660000","150.00000000","2023-03-29T16:01:14.860Z","sell",
"1.70660000","12.30000000","2023-03-29T16:01:14.860Z","sell",
"1.70570000","101.50000000","2023-03-29T16:01:09.872Z","buy",
"1.70630000","169.60000000","2023-03-29T16:01:09.604Z","sell",
"1.70620000","15.00000000","2023-03-29T16:01:09.604Z","sell",
"1.70560000","61.50000000","2023-03-29T16:01:09.594Z","sell",
"1.70530000","18.40000000","2023-03-29T16:01:09.591Z","sell",
"1.70470000","43.10000000","2023-03-29T16:01:07.960Z","sell",
"1.70450000","18.40000000","2023-03-29T16:01:07.960Z","sell",
"1.70460000","150.00000000","2023-03-29T16:01:06.291Z","sell",
"1.70450000","61.60000000","2023-03-29T16:01:06.291Z","sell",
"1.70450000","18.40000000","2023-03-29T16:01:06.291Z","sell",
"1.70460000","61.60000000","2023-03-29T16:01:03.386Z","sell",
"1.70450000","150.00000000","2023-03-29T16:01:03.379Z","sell",
"1.70450000","18.40000000","2023-03-29T16:01:03.379Z","sell",
"1.70450000","83.10000000","2023-03-29T16:01:00.878Z","sell",
"1.70450000","18.40000000","2023-03-29T16:01:00.878Z","sell",
"1.70430000","0.80000000","2023-03-29T16:00:57.406Z","buy",
"1.70430000","2.80000000","2023-03-29T16:00:57.189Z","buy",
"1.70430000","9.10000000","2023-03-29T16:00:56.964Z","buy",
"1.70600000","307.70000000","2023-03-29T16:00:56.754Z","sell",
"1.70430000","30.40000000","2023-03-29T16:00:56.751Z","buy",
"1.70430000","101.50000000","2023-03-29T16:00:56.547Z","buy",
"1.70430000","308.90000000","2023-03-29T16:00:56.520Z","sell",
"1.70420000","20.00000000","2023-03-29T16:00:56.520Z","sell",
"1.70410000","100.00000000","2023-03-29T16:00:56.510Z","sell",
"1.70350000","61.60000000","2023-03-29T16:00:56.504Z","sell",
"1.70310000","18.40000000","2023-03-29T16:00:56.487Z","sell",
"1.70210000","71.90000000","2023-03-29T16:00:55.289Z","buy",
"1.70230000","43.50000000","2023-03-29T16:00:55.289Z","buy",
"1.70230000","101.50000000","2023-03-29T16:00:55.186Z","buy",
"1.70310000","184.90000000","2023-03-29T16:00:55.131Z","sell",
"1.70300000","150.00000000","2023-03-29T16:00:55.050Z","sell",
"1.70230000","18.50000000","2023-03-29T16:00:54.656Z","sell",
"1.70390000","80.50000000","2023-03-29T16:00:54.512Z","sell",
"1.70350000","61.60000000","2023-03-29T16:00:54.512Z","sell",
"1.70230000","18.50000000","2023-03-29T16:00:54.099Z","sell",
"1.70200000","101.50000000","2023-03-29T16:00:53.448Z","buy",
"1.70230000","18.50000000","2023-03-29T16:00:53.350Z","sell",
"1.70220000","105.00000000","2023-03-29T16:00:53.245Z","buy",
"1.70230000","18.50000000","2023-03-29T16:00:52.569Z","sell",
"1.70310000","184.90000000","2023-03-29T16:00:52.553Z","sell",
"1.70300000","7.90000000","2023-03-29T16:00:52.517Z","sell",
"1.70300000","142.10000000","2023-03-29T16:00:52.511Z","sell",
"1.70250000","61.60000000","2023-03-29T16:00:52.318Z","sell",
"1.70230000","18.50000000","2023-03-29T16:00:51.922Z","sell",
"1.70230000","18.50000000","2023-03-29T16:00:50.325Z","sell",
"1.70230000","18.50000000","2023-03-29T16:00:48.328Z","sell",
"1.70260000","150.00000000","2023-03-29T16:00:47.341Z","sell",
"1.70270000","18.50000000","2023-03-29T16:00:47.328Z","sell",
"1.70350000","39.90000000","2023-03-29T16:00:46.454Z","sell",
"1.70330000","61.60000000","2023-03-29T16:00:46.454Z","sell",
"1.70270000","18.50000000","2023-03-29T16:00:46.256Z","sell",
"1.70310000","184.90000000","2023-03-29T16:00:46.093Z","sell",
"1.70300000","145.00000000","2023-03-29T16:00:46.082Z","sell",
"1.70300000","20.00000000","2023-03-29T16:00:46.082Z","sell",
"1.70260000","18.50000000","2023-03-29T16:00:45.150Z","sell",
"1.70260000","131.50000000","2023-03-29T16:00:45.140Z","sell",
"1.70210000","18.50000000","2023-03-29T16:00:45.140Z","sell",
"1.70250000","145.00000000","2023-03-29T16:00:45.132Z","sell",
"1.70200000","145.00000000","2023-03-29T16:00:44.076Z","sell",
"1.70180000","61.70000000","2023-03-29T16:00:44.069Z","sell",
"1.70150000","145.00000000","2023-03-29T16:00:43.981Z","sell",
"1.70130000","145.00000000","2023-03-29T16:00:43.846Z","sell",
"1.70130000","18.50000000","2023-03-29T16:00:43.846Z","sell",
"1.70150000","145.00000000","2023-03-29T16:00:43.171Z","sell",
"1.70130000","145.00000000","2023-03-29T16:00:43.008Z","sell",
"1.70130000","18.50000000","2023-03-29T16:00:43.008Z","sell",
"1.70170000","150.00000000","2023-03-29T16:00:41.897Z","sell",
"1.70130000","145.00000000","2023-03-29T16:00:41.472Z","sell",
"1.70130000","18.50000000","2023-03-29T16:00:41.454Z","sell",
"1.70130000","33.70000000","2023-03-29T16:00:40.936Z","buy",
"1.70140000","21.30000000","2023-03-29T16:00:40.936Z","buy",
"1.70140000","28.70000000","2023-03-29T16:00:40.616Z","buy",
"1.70150000","50.00000000","2023-03-29T16:00:40.602Z","buy",
"1.70160000","50.00000000","2023-03-29T16:00:40.602Z","buy",
"1.70370000","20.00000000","2023-03-29T16:00:39.230Z","sell",
"1.70370000","100.00000000","2023-03-29T16:00:39.230Z","sell",
"1.70360000","145.00000000","2023-03-29T16:00:39.220Z","sell",
"1.70360000","24.60000000","2023-03-29T16:00:39.220Z","sell",
"1.70170000","20.00000000","2023-03-29T16:00:38.346Z","buy",
"1.70190000","50.00000000","2023-03-29T16:00:38.346Z","buy",
"1.70220000","50.00000000","2023-03-29T16:00:38.334Z","buy",
"1.70360000","145.00000000","2023-03-29T16:00:37.606Z","sell",
"1.70360000","24.60000000","2023-03-29T16:00:37.606Z","sell",
"1.70350000","48.50000000","2023-03-29T16:00:37.598Z","sell",
"1.70350000","101.50000000","2023-03-29T16:00:37.589Z","sell",
"1.70360000","145.00000000","2023-03-29T16:00:36.042Z","sell",
"1.70360000","24.60000000","2023-03-29T16:00:36.042Z","sell",
"1.70380000","4.60000000","2023-03-29T16:00:35.138Z","sell",
"1.70360000","120.40000000","2023-03-29T16:00:34.723Z","sell",
"1.70360000","24.60000000","2023-03-29T16:00:34.720Z","sell",
"1.70380000","140.40000000","2023-03-29T16:00:34.706Z","sell",
"1.70360000","24.60000000","2023-03-29T16:00:34.706Z","sell",
"1.70360000","145.00000000","2023-03-29T16:00:34.163Z","sell",
"1.70360000","24.60000000","2023-03-29T16:00:34.163Z","sell",
"1.70350000","48.50000000","2023-03-29T16:00:34.119Z","sell",
"1.70350000","101.50000000","2023-03-29T16:00:34.110Z","sell",
"1.70360000","145.00000000","2023-03-29T16:00:32.123Z","sell",
"1.70360000","24.60000000","2023-03-29T16:00:32.123Z","sell",
"1.70420000","145.00000000","2023-03-29T16:00:31.844Z","sell",
"1.70410000","20.00000000","2023-03-29T16:00:31.834Z","sell",
"1.70410000","20.00000000","2023-03-29T16:00:31.834Z","sell",
"1.70410000","68.70000000","2023-03-29T16:00:31.834Z","sell",
"1.70230000","100.00000000","2023-03-29T16:00:30.456Z","sell",
"1.70240000","150.00000000","2023-03-29T16:00:30.442Z","sell",
"1.70400000","145.00000000","2023-03-29T16:00:30.080Z","sell",
"1.70390000","5.00000000","2023-03-29T16:00:30.069Z","sell",
"1.70410000","81.30000000","2023-03-29T16:00:28.105Z","sell",
"1.70410000","5.00000000","2023-03-29T16:00:28.105Z","sell",
"1.70430000","145.00000000","2023-03-29T16:00:23.865Z","sell",
"1.70430000","150.00000000","2023-03-29T16:00:23.865Z","sell",
"1.70430000","20.00000000","2023-03-29T16:00:23.865Z","sell",
"1.70430000","5.00000000","2023-03-29T16:00:23.865Z","sell",
"1.70420000","145.00000000","2023-03-29T16:00:23.257Z","sell",
"1.70560000","86.30000000","2023-03-29T16:00:21.732Z","sell",
"1.70280000","83.60000000","2023-03-29T16:00:19.663Z","buy",
"1.70300000","145.00000000","2023-03-29T16:00:19.663Z","buy",
"1.70320000","145.00000000","2023-03-29T16:00:19.663Z","buy",
"1.70350000","145.00000000","2023-03-29T16:00:19.663Z","buy",
"1.70370000","145.00000000","2023-03-29T16:00:19.663Z","buy",
"1.70390000","145.00000000","2023-03-29T16:00:19.663Z","buy",
"1.70410000","145.00000000","2023-03-29T16:00:19.663Z","buy",
"1.70420000","50.00000000","2023-03-29T16:00:19.663Z","buy",
"1.70440000","145.00000000","2023-03-29T16:00:19.663Z","buy",
"1.70450000","15.00000000","2023-03-29T16:00:19.663Z","buy",
"1.70460000","145.00000000","2023-03-29T16:00:19.663Z","buy",
"1.71000000","5.00000000","2023-03-29T16:00:18.596Z","buy",
"1.71160000","145.00000000","2023-03-29T16:00:18.395Z","buy",
"1.71180000","145.00000000","2023-03-29T16:00:18.388Z","buy",
"1.71200000","145.00000000","2023-03-29T16:00:18.388Z","buy",
"1.71230000","145.00000000","2023-03-29T16:00:18.388Z","buy",
"1.71240000","20.00000000","2023-03-29T16:00:18.388Z","buy",
"1.71350000","145.00000000","2023-03-29T16:00:18.385Z","buy",
"1.71340000","419.90000000","2023-03-29T16:00:18.002Z","buy",
"1.71340000","200.00000000","2023-03-29T16:00:17.997Z","buy",
"1.71340000","668.50000000","2023-03-29T16:00:17.994Z","buy",
"1.71590000","5.00000000","2023-03-29T16:00:17.990Z","buy",
"1.71590000","102.30000000","2023-03-29T16:00:17.990Z","buy",
"1.71880000","5.00000000","2023-03-29T16:00:17.977Z","buy",
"1.71870000","20.00000000","2023-03-29T16:00:17.974Z","buy",
"1.71580000","1.50000000","2023-03-29T16:00:17.967Z","buy",
"1.71610000","11.00000000","2023-03-29T16:00:17.967Z","buy",
"1.71700000","611.50000000","2023-03-29T16:00:17.967Z","buy",
"1.71760000","76.00000000","2023-03-29T16:00:17.967Z","buy",
"1.71760000","127.70000000","2023-03-29T16:00:17.967Z","buy",
"1.71870000","72.30000000","2023-03-29T16:00:17.967Z","buy",
"1.71870000","30.00000000","2023-03-29T16:00:17.967Z","buy",
"1.71890000","23.30000000","2023-03-29T16:00:12.787Z","buy",
"1.71900000","139.20000000","2023-03-29T16:00:12.787Z","buy",
"1.71910000","61.00000000","2023-03-29T16:00:12.787Z","buy",
"1.71920000","145.00000000","2023-03-29T16:00:12.787Z","buy",
"1.72170000","0.40000000","2023-03-29T15:59:50.836Z","sell",
"1.72190000","50.00000000","2023-03-29T15:59:47.473Z","sell",
"1.72170000","18.20000000","2023-03-29T15:59:47.473Z","sell",
"1.72140000","18.20000000","2023-03-29T15:59:20.838Z","sell",
"1.72320000","5.50000000","2023-03-29T15:58:18.550Z","sell",
"1.72080000","1.40000000","2023-03-29T15:57:26.674Z","sell",
"1.71900000","5.80000000","2023-03-29T15:57:02.422Z","buy",
"1.72010000","5.00000000","2023-03-29T15:57:01.971Z","sell",
"1.71950000","14.00000000","2023-03-29T15:56:43.597Z","sell",
"1.71930000","86.70000000","2023-03-29T15:56:38.907Z","sell",
"1.71920000","20.00000000","2023-03-29T15:56:38.907Z","sell",
"1.71920000","20.00000000","2023-03-29T15:56:38.907Z","sell",
"1.71910000","5.00000000","2023-03-29T15:56:38.907Z","sell",
"1.71890000","18.30000000","2023-03-29T15:56:38.907Z","sell",
"1.71890000","1169.60000000","2023-03-29T15:55:40.260Z","buy",
"1.71890000","120.00000000","2023-03-29T15:55:40.260Z","buy",
"1.71900000","20.00000000","2023-03-29T15:55:40.260Z","buy",
"1.71900000","5.00000000","2023-03-29T15:55:40.260Z","buy",
"1.71930000","10.00000000","2023-03-29T15:55:40.253Z","buy",
"1.71950000","20.00000000","2023-03-29T15:55:40.253Z","buy",
"1.71970000","5.00000000","2023-03-29T15:55:40.253Z","buy",
"1.71930000","145.00000000","2023-03-29T15:55:40.244Z","buy",
"1.71970000","145.00000000","2023-03-29T15:55:40.243Z","buy",
"1.72010000","55.00000000","2023-03-29T15:55:15.031Z","buy",
"1.72010000","145.00000000","2023-03-29T15:55:15.031Z","buy",
"1.72040000","5.80000000","2023-03-29T15:55:07.754Z","buy",
"1.72320000","5.60000000","2023-03-29T15:54:52.493Z","sell",
"1.72240000","18.20000000","2023-03-29T15:54:33.933Z","sell",
"1.72260000","18.20000000","2023-03-29T15:53:52.669Z","sell",
"1.72190000","150.00000000","2023-03-29T15:53:39.964Z","buy",
"1.72200000","1.50000000","2023-03-29T15:53:39.147Z","buy",
"1.72440000","100.00000000","2023-03-29T15:53:24.332Z","sell",
"1.72440000","50.00000000","2023-03-29T15:53:24.019Z","sell",
"1.72430000","100.00000000","2023-03-29T15:53:24.019Z","sell",
"1.72420000","5.00000000","2023-03-29T15:53:23.974Z","sell",
"1.72380000","18.20000000","2023-03-29T15:53:23.951Z","sell",
"1.72270000","145.00000000","2023-03-29T15:53:19.645Z","buy",
"1.72400000","100.00000000","2023-03-29T15:53:07.449Z","sell",
"1.72390000","5.00000000","2023-03-29T15:53:07.379Z","sell",
"1.72250000","145.00000000","2023-03-29T15:53:00.928Z","buy",
"1.72480000","20.00000000","2023-03-29T15:52:51.055Z","buy",
"1.72490000","20.00000000","2023-03-29T15:52:51.051Z","buy",
"1.72510000","5.00000000","2023-03-29T15:52:51.043Z","buy",
"1.72600000","3.00000000","2023-03-29T15:52:48.645Z","sell",
"1.72480000","2200.00000000","2023-03-29T15:52:48.520Z","sell",
"1.72480000","538.00000000","2023-03-29T15:52:48.519Z","sell",
"1.72320000","145.00000000","2023-03-29T15:52:48.519Z","sell",
"1.72380000","5.00000000","2023-03-29T15:52:48.516Z","sell",
"1.72340000","145.00000000","2023-03-29T15:52:48.516Z","sell",
"1.72330000","45.00000000","2023-03-29T15:52:48.512Z","sell",
"1.72320000","100.00000000","2023-03-29T15:52:48.512Z","sell",
"1.72380000","162.70000000","2023-03-29T15:52:43.495Z","buy",
"1.72380000","1121.80000000","2023-03-29T15:52:43.485Z","buy",
"1.72410000","10.00000000","2023-03-29T15:52:39.459Z","buy",
"1.72420000","20.00000000","2023-03-29T15:52:39.459Z","buy",
"1.72420000","3.70000000","2023-03-29T15:52:39.453Z","buy",
"1.72420000","145.00000000","2023-03-29T15:52:39.453Z","buy",
"1.72370000","150.00000000","2023-03-29T15:52:37.717Z","sell",
"1.72160000","20.00000000","2023-03-29T15:52:35.631Z","buy",
"1.72170000","5.00000000","2023-03-29T15:52:35.619Z","buy",
"1.72180000","1279.30000000","2023-03-29T15:52:35.619Z","buy",
"1.72180000","3.70000000","2023-03-29T15:52:35.605Z","buy",
"1.72190000","145.00000000","2023-03-29T15:52:35.605Z","buy",
"1.72450000","75.00000000","2023-03-29T15:52:35.328Z","sell",
"1.72430000","145.00000000","2023-03-29T15:52:35.328Z","sell",
"1.72420000","20.00000000","2023-03-29T15:52:35.328Z","sell",
"1.72410000","145.00000000","2023-03-29T15:52:35.328Z","sell",
"1.72410000","50.00000000","2023-03-29T15:52:35.328Z","sell",
"1.72400000","5.00000000","2023-03-29T15:52:35.328Z","sell",
"1.72150000","20.00000000","2023-03-29T15:52:35.232Z","buy",
"1.72150000","20.00000000","2023-03-29T15:52:35.232Z","buy",
"1.72160000","5.00000000","2023-03-29T15:52:35.214Z","buy",
"1.72160000","20.00000000","2023-03-29T15:52:35.214Z","buy",
"1.72260000","145.00000000","2023-03-29T15:52:34.319Z","sell",
"1.72240000","145.00000000","2023-03-29T15:52:34.319Z","sell",
"1.72230000","20.00000000","2023-03-29T15:52:34.319Z","sell",
"1.72220000","145.00000000","2023-03-29T15:52:34.319Z","sell",
"1.72210000","5.00000000","2023-03-29T15:52:34.319Z","sell",
"1.72200000","145.00000000","2023-03-29T15:52:34.319Z","sell",
"1.72080000","145.00000000","2023-03-29T15:52:33.933Z","sell",
"1.71520000","20.00000000","2023-03-29T15:52:33.876Z","sell",
"1.71490000","11.00000000","2023-03-29T15:52:33.876Z","sell",
"1.71400000","20.00000000","2023-03-29T15:52:33.869Z","sell",
"1.71610000","305.90000000","2023-03-29T15:52:33.865Z","sell",
"1.71390000","11.00000000","2023-03-29T15:52:33.865Z","sell",
"1.71390000","20.00000000","2023-03-29T15:52:33.861Z","sell",
"1.71470000","61.20000000","2023-03-29T15:52:33.861Z","sell",
"1.71420000","107.90000000","2023-03-29T15:52:33.854Z","sell",
"1.71420000","37.10000000","2023-03-29T15:52:33.854Z","sell",
"1.71410000","18.30000000","2023-03-29T15:52:33.854Z","sell",
"1.71400000","83.30000000","2023-03-29T15:52:33.854Z","sell",
"1.71400000","145.00000000","2023-03-29T15:52:33.854Z","sell",
"1.71390000","11.30000000","2023-03-29T15:52:33.854Z","sell",
"1.71380000","5.00000000","2023-03-29T15:52:33.850Z","sell",
"1.71380000","15.40000000","2023-03-29T15:52:33.850Z","sell",
"1.71380000","111.30000000","2023-03-29T15:52:33.850Z","sell",
"1.71380000","18.30000000","2023-03-29T15:52:33.850Z","sell",
"1.71230000","5.80000000","2023-03-29T15:50:55.268Z","buy",
"1.71420000","0.70000000","2023-03-29T15:50:01.286Z","sell",
"1.71340000","48.90000000","2023-03-29T15:49:58.228Z","buy",
"1.71380000","6.20000000","2023-03-29T15:49:58.228Z","buy",
"1.71560000","84.40000000","2023-03-29T15:49:52.291Z","sell",
"1.71580000","6.40000000","2023-03-29T15:49:44.374Z","sell",
"1.71560000","20.00000000","2023-03-29T15:49:42.889Z","buy",
"1.71570000","5.00000000","2023-03-29T15:49:42.889Z","buy",
"1.71570000","20.00000000","2023-03-29T15:49:42.886Z","buy",
"1.71550000","5.00000000","2023-03-29T15:49:42.879Z","buy",
"1.71570000","20.00000000","2023-03-29T15:49:42.879Z","buy",
"1.71580000","5.00000000","2023-03-29T15:49:42.879Z","buy",
"1.71610000","61.10000000","2023-03-29T15:49:42.876Z","buy",
"1.71610000","40.40000000","2023-03-29T15:49:23.284Z","buy",
"1.71620000","50.00000000","2023-03-29T15:49:23.284Z","buy",
"1.71630000","150.00000000","2023-03-29T15:49:23.284Z","buy",
"1.71630000","61.10000000","2023-03-29T15:49:23.284Z","buy",
"1.71640000","145.00000000","2023-03-29T15:49:23.284Z","buy",
"1.71660000","145.00000000","2023-03-29T15:49:23.284Z","buy",
"1.71670000","100.00000000","2023-03-29T15:49:23.284Z","buy",
"1.71680000","145.00000000","2023-03-29T15:49:23.284Z","buy",
"1.71720000","5.80000000","2023-03-29T15:48:47.260Z","buy",
"1.71870000","100.00000000","2023-03-29T15:47:42.273Z","sell",
"1.71870000","96.50000000","2023-03-29T15:47:27.755Z","sell",
"1.71860000","145.00000000","2023-03-29T15:47:27.755Z","sell",
"1.71870000","3.50000000","2023-03-29T15:47:25.956Z","sell",
"1.71710000","2.90000000","2023-03-29T15:46:34.518Z","buy",
"1.71710000","2.90000000","2023-03-29T15:46:34.518Z","buy",
"1.71890000","30.00000000","2023-03-29T15:45:13.052Z","buy",
"1.71980000","75.80000000","2023-03-29T15:45:04.280Z","sell",
"1.71980000","24.20000000","2023-03-29T15:45:04.280Z","sell",
"1.71750000","5.50000000","2023-03-29T15:44:50.079Z","buy",
"1.71980000","0.90000000","2023-03-29T15:42:40.358Z","buy",
"1.71980000","0.30000000","2023-03-29T15:42:40.358Z","buy",
"1.71980000","0.60000000","2023-03-29T15:41:44.228Z","buy",
"1.71980000","2.00000000","2023-03-29T15:41:43.991Z","buy",
"1.72170000","11.70000000","2023-03-29T15:41:31.081Z","sell",
"1.72170000","70.50000000","2023-03-29T15:41:27.667Z","sell",
"1.72200000","335.40000000","2023-03-29T15:39:13.555Z","sell",
"1.72110000","18.30000000","2023-03-29T15:39:04.635Z","sell",
"1.72080000","0.60000000","2023-03-29T15:38:55.018Z","sell",
"1.72020000","1582.00000000","2023-03-29T15:38:44.817Z","sell",
"1.72020000","283.40000000","2023-03-29T15:38:44.816Z","sell",
"1.72010000","5.00000000","2023-03-29T15:38:44.816Z","sell",
"1.72150000","12.10000000","2023-03-29T15:36:41.246Z","sell",
"1.72050000","12.20000000","2023-03-29T15:35:19.585Z","sell",
"1.72220000","12.10000000","2023-03-29T15:35:06.529Z","sell",
"1.72240000","100.00000000","2023-03-29T15:35:05.534Z","sell",
"1.72220000","12.10000000","2023-03-29T15:35:05.527Z","sell",
"1.72220000","2.90000000","2023-03-29T15:34:39.920Z","buy",
"1.72320000","12.10000000","2023-03-29T15:34:29.923Z","sell",
"1.72280000","12.10000000","2023-03-29T15:34:22.125Z","sell",
"1.72230000","232.40000000","2023-03-29T15:34:21.156Z","sell",
"1.72210000","12.10000000","2023-03-29T15:34:21.150Z","sell",
"1.72320000","150.00000000","2023-03-29T15:33:52.916Z","buy",
"1.72330000","20.00000000","2023-03-29T15:33:52.916Z","buy",
"1.72280000","5.80000000","2023-03-29T15:33:45.384Z","buy",
"1.72520000","280.00000000","2023-03-29T15:33:44.027Z","sell",
"1.72520000","145.00000000","2023-03-29T15:33:44.027Z","sell",
"1.72500000","145.00000000","2023-03-29T15:33:44.027Z","sell",
"1.72500000","3.00000000","2023-03-29T15:33:44.027Z","sell",
"1.72490000","100.00000000","2023-03-29T15:33:44.027Z","sell",
"1.72480000","8.00000000","2023-03-29T15:33:44.027Z","sell",
"1.72480000","145.00000000","2023-03-29T15:33:44.027Z","sell",
"1.72450000","12.10000000","2023-03-29T15:33:44.027Z","sell",
"1.72450000","145.00000000","2023-03-29T15:33:44.027Z","sell",
"1.72430000","145.00000000","2023-03-29T15:33:44.027Z","sell",
"1.72410000","20.00000000","2023-03-29T15:33:44.027Z","sell",
"1.72410000","232.10000000","2023-03-29T15:33:44.027Z","sell",
"1.72410000","145.00000000","2023-03-29T15:33:44.027Z","sell",
"1.72400000","3.00000000","2023-03-29T15:33:44.027Z","sell",
"1.72390000","145.00000000","2023-03-29T15:33:44.027Z","sell",
"1.72160000","50.00000000","2023-03-29T15:33:33.975Z","buy",
"1.72170000","50.00000000","2023-03-29T15:33:33.975Z","buy",
"1.72180000","50.00000000","2023-03-29T15:33:33.975Z","buy",
"1.72300000","3.00000000","2023-03-29T15:33:28.885Z","sell",
"1.72200000","3.00000000","2023-03-29T15:33:19.149Z","sell",
"1.72000000","97.60000000","2023-03-29T15:33:03.440Z","buy",
"1.72000000","66.70000000","2023-03-29T15:33:03.440Z","buy",
"1.72010000","5.00000000","2023-03-29T15:33:03.436Z","buy",
"1.72060000","164.20000000","2023-03-29T15:33:03.330Z","buy",
"1.72100000","3.00000000","2023-03-29T15:33:02.097Z","sell",
"1.72000000","3.00000000","2023-03-29T15:32:51.719Z","sell",
"1.71730000","5.80000000","2023-03-29T15:31:59.605Z","buy",
"1.71810000","32.60000000","2023-03-29T15:31:50.034Z","sell",
"1.71580000","86.30000000","2023-03-29T15:31:20.896Z","buy",
"1.71580000","50.00000000","2023-03-29T15:31:20.896Z","buy",
"1.71590000","50.00000000","2023-03-29T15:31:20.896Z","buy",
"1.71590000","145.00000000","2023-03-29T15:31:20.896Z","buy",
"1.71600000","50.00000000","2023-03-29T15:31:20.896Z","buy",
"1.71610000","50.00000000","2023-03-29T15:31:20.896Z","buy",
"1.71610000","145.00000000","2023-03-29T15:31:20.896Z","buy",
"1.71620000","61.10000000","2023-03-29T15:31:20.896Z","buy",
"1.71620000","150.00000000","2023-03-29T15:31:20.896Z","buy",
"1.71620000","50.00000000","2023-03-29T15:31:20.896Z","buy",
"1.71630000","145.00000000","2023-03-29T15:31:20.896Z","buy",
"1.71660000","100.00000000","2023-03-29T15:31:20.896Z","buy",
"1.71670000","5.80000000","2023-03-29T15:30:57.349Z","buy",
"1.71650000","233.20000000","2023-03-29T15:30:46.020Z","sell",
"1.71410000","150.00000000","2023-03-29T15:29:57.633Z","buy",
"1.71420000","100.00000000","2023-03-29T15:29:57.633Z","buy",
"1.71580000","5.00000000","2023-03-29T15:28:49.528Z","buy",
"1.71380000","89.20000000","2023-03-29T15:27:12.801Z","sell",
"1.71380000","135.30000000","2023-03-29T15:27:12.801Z","sell",
"1.71380000","145.00000000","2023-03-29T15:27:12.789Z","buy",
"1.71450000","89.20000000","2023-03-29T15:27:12.789Z","sell",
"1.71370000","2.90000000","2023-03-29T15:24:13.790Z","buy",
"1.71480000","50.70000000","2023-03-29T15:23:24.786Z","buy",
"1.71410000","5.80000000","2023-03-29T15:22:39.475Z","buy",
"1.71420000","127.30000000","2023-03-29T15:22:00.781Z","buy",
"1.71340000","20.00000000","2023-03-29T15:21:47.730Z","buy",
"1.71310000","45.00000000","2023-03-29T15:21:36.434Z","buy",
"1.71350000","5.00000000","2023-03-29T15:21:36.434Z","buy",
"1.71390000","100.00000000","2023-03-29T15:21:36.417Z","buy",
"1.71130000","1.20000000","2023-03-29T15:21:19.673Z","sell",
"1.70900000","5.00000000","2023-03-29T15:19:43.348Z","sell",
"1.71000000","10.80000000","2023-03-29T15:18:38.497Z","sell",
"1.70840000","30.10000000","2023-03-29T15:17:21.961Z","sell",
"1.70840000","181.70000000","2023-03-29T15:17:21.958Z","sell",
"1.70840000","1653.60000000","2023-03-29T15:17:21.953Z","sell",
"1.70660000","18.40000000","2023-03-29T15:15:42.306Z","sell",
"1.70650000","5.10000000","2023-03-29T15:15:42.041Z","buy",
"1.70650000","11.60000000","2023-03-29T15:15:41.591Z","buy",
"1.70650000","38.90000000","2023-03-29T15:15:41.380Z","buy",
"1.70650000","129.50000000","2023-03-29T15:15:41.179Z","buy",
"1.70650000","431.90000000","2023-03-29T15:15:40.950Z","buy",
"1.70650000","5.90000000","2023-03-29T15:14:45.183Z","buy",
"1.70650000","633.50000000","2023-03-29T15:14:18.574Z","buy",
"1.70650000","43.20000000","2023-03-29T15:14:18.201Z","buy",
"1.70710000","120.70000000","2023-03-29T15:13:48.346Z","buy",
"1.70900000","2.90000000","2023-03-29T15:13:44.221Z","buy",
"1.70860000","18.40000000","2023-03-29T15:12:53.254Z","sell",
"1.70720000","5.90000000","2023-03-29T15:12:03.460Z","buy",
"1.70650000","1.80000000","2023-03-29T15:11:38.858Z","buy",
"1.70690000","5.90000000","2023-03-29T15:10:41.527Z","buy",
"1.71060000","1.80000000","2023-03-29T15:10:16.048Z","sell",
"1.70950000","75.80000000","2023-03-29T15:08:41.399Z","buy",
"1.70960000","5.00000000","2023-03-29T15:08:41.399Z","buy",
"1.71020000","18.40000000","2023-03-29T15:08:33.492Z","sell",
"1.70860000","18.40000000","2023-03-29T15:08:19.637Z","sell",
"1.70700000","0.80000000","2023-03-29T15:08:12.692Z","buy",
"1.71620000","31.30000000","2023-03-29T15:06:31.504Z","sell",
"1.71550000","18.30000000","2023-03-29T15:06:31.504Z","sell",
"1.71440000","18.30000000","2023-03-29T15:06:21.558Z","sell",
"1.71470000","232.10000000","2023-03-29T15:06:01.846Z","buy",
"1.71900000","3.00000000","2023-03-29T15:05:26.215Z","sell",
"1.71800000","3.00000000","2023-03-29T15:05:22.276Z","sell",
"1.71740000","50.00000000","2023-03-29T15:05:22.231Z","sell",
"1.71730000","100.00000000","2023-03-29T15:05:22.231Z","sell",
"1.71700000","3.00000000","2023-03-29T15:05:21.134Z","sell",
"1.71460000","183.70000000","2023-03-29T15:05:07.808Z","sell",
"1.71430000","233.50000000","2023-03-29T15:05:07.808Z","sell",
"1.71320000","49.50000000","2023-03-29T15:05:07.804Z","sell",
"1.71320000","11.70000000","2023-03-29T15:05:07.804Z","sell",
"1.71270000","18.30000000","2023-03-29T15:05:07.804Z","sell",
"1.70820000","89.60000000","2023-03-29T15:04:41.209Z","buy",
"1.70400000","5.00000000","2023-03-29T15:04:24.464Z","sell",
"1.70400000","100.00000000","2023-03-29T15:04:24.451Z","sell",
"1.70400000","61.60000000","2023-03-29T15:04:24.451Z","sell",
"1.70380000","5.00000000","2023-03-29T15:04:24.451Z","sell",
"1.70310000","18.40000000","2023-03-29T15:04:24.447Z","sell",
"1.70310000","18.40000000","2023-03-29T15:04:19.376Z","sell",
"1.70310000","18.40000000","2023-03-29T15:04:18.553Z","sell",
"1.70310000","5.90000000","2023-03-29T15:04:06.758Z","buy",
"1.70310000","80.00000000","2023-03-29T15:04:06.650Z","buy",
"1.70310000","145.00000000","2023-03-29T15:04:06.650Z","buy",
"1.70440000","0.60000000","2023-03-29T15:04:06.393Z","buy",
"1.70450000","18.40000000","2023-03-29T15:04:05.011Z","sell",
"1.70420000","18.40000000","2023-03-29T15:04:04.219Z","sell",
"1.70440000","100.00000000","2023-03-29T15:03:59.172Z","sell",
"1.70440000","15.00000000","2023-03-29T15:03:59.172Z","sell",
"1.70420000","5.00000000","2023-03-29T15:03:59.172Z","sell",
"1.70420000","18.40000000","2023-03-29T15:03:59.172Z","sell",
"1.70280000","5.00000000","2023-03-29T15:03:57.191Z","buy",
"1.70280000","145.00000000","2023-03-29T15:03:57.191Z","buy",
"1.70380000","164.10000000","2023-03-29T15:03:56.152Z","buy",
"1.70580000","18.40000000","2023-03-29T15:03:42.568Z","sell",
"1.70710000","69.20000000","2023-03-29T15:02:56.860Z","buy",
"1.70660000","100.00000000","2023-03-29T15:02:43.389Z","buy",
"1.71210000","5.80000000","2023-03-29T15:01:08.968Z","buy",
"1.71600000","3.00000000","2023-03-29T14:59:58.546Z","sell",
"1.71500000","3.00000000","2023-03-29T14:59:54.332Z","sell",
"1.71420000","3.00000000","2023-03-29T14:59:38.061Z","buy",
"1.71450000","100.00000000","2023-03-29T14:58:50.212Z","buy",
"1.71450000","94.20000000","2023-03-29T14:58:46.426Z","buy",
"1.71450000","5.80000000","2023-03-29T14:58:24.571Z","buy",
"1.71660000","108.20000000","2023-03-29T14:58:13.724Z","sell",
"1.71650000","20.00000000","2023-03-29T14:58:13.724Z","sell",
"1.71640000","145.00000000","2023-03-29T14:58:13.724Z","sell",
"1.71620000","145.00000000","2023-03-29T14:58:13.724Z","sell",
"1.71610000","5.00000000","2023-03-29T14:58:13.724Z","sell",
"1.71600000","145.00000000","2023-03-29T14:58:13.724Z","sell",
"1.71550000","2.90000000","2023-03-29T14:57:31.875Z","buy",
"1.71550000","8.50000000","2023-03-29T14:57:31.746Z","buy",
"1.71610000","3.60000000","2023-03-29T14:57:06.250Z","buy",
"1.71660000","5.80000000","2023-03-29T14:56:58.436Z","buy",
"1.71920000","100.00000000","2023-03-29T14:56:17.207Z","buy",
"1.71940000","5.00000000","2023-03-29T14:56:17.191Z","buy",
"1.71940000","62.10000000","2023-03-29T14:56:17.191Z","buy",
"1.71940000","87.90000000","2023-03-29T14:56:12.253Z","buy",
"1.71950000","5.00000000","2023-03-29T14:56:12.253Z","buy",
"1.71950000","50.00000000","2023-03-29T14:56:12.253Z","buy",
"1.71950000","100.00000000","2023-03-29T14:56:12.253Z","buy",
"1.72140000","96.10000000","2023-03-29T14:56:08.335Z","sell",
"1.72130000","50.00000000","2023-03-29T14:56:08.335Z","sell",
"1.72120000","145.00000000","2023-03-29T14:56:08.335Z","sell",
"1.71940000","80.80000000","2023-03-29T14:56:05.319Z","buy",
"1.71950000","50.00000000","2023-03-29T14:56:05.319Z","buy",
"1.71950000","100.00000000","2023-03-29T14:56:05.319Z","buy",
"1.71960000","5.00000000","2023-03-29T14:56:05.319Z","buy",
"1.71960000","50.00000000","2023-03-29T14:56:05.319Z","buy",
"1.72070000","13.60000000","2023-03-29T14:55:50.197Z","sell",
"1.72040000","18.30000000","2023-03-29T14:55:50.197Z","sell",
"1.71920000","100.00000000","2023-03-29T14:55:24.906Z","buy",
"1.71930000","150.00000000","2023-03-29T14:55:24.906Z","buy",
"1.72010000","145.00000000","2023-03-29T14:55:20.784Z","sell",
"1.71970000","18.30000000","2023-03-29T14:55:20.784Z","sell",
"1.71980000","145.00000000","2023-03-29T14:55:19.792Z","sell",
"1.71970000","18.30000000","2023-03-29T14:55:19.792Z","sell",
"1.71960000","145.00000000","2023-03-29T14:55:19.792Z","sell",
"1.71940000","5.00000000","2023-03-29T14:55:19.792Z","sell",
"1.71940000","232.70000000","2023-03-29T14:55:19.792Z","sell",
"1.71540000","100.00000000","2023-03-29T14:54:35.169Z","buy",
"1.71550000","150.00000000","2023-03-29T14:54:35.162Z","buy",
"1.71450000","100.00000000","2023-03-29T14:54:30.085Z","buy",
"1.71520000","50.00000000","2023-03-29T14:54:18.783Z","buy",
"1.71530000","100.00000000","2023-03-29T14:54:18.783Z","buy",
"1.71360000","5.00000000","2023-03-29T14:54:08.947Z","buy",
"1.71360000","150.00000000","2023-03-29T14:54:08.947Z","buy",
"1.71330000","30.00000000","2023-03-29T14:53:56.037Z","sell",
"1.71230000","117.10000000","2023-03-29T14:52:24.543Z","buy",
"1.71240000","150.00000000","2023-03-29T14:52:24.540Z","buy",
"1.71240000","2.20000000","2023-03-29T14:52:13.893Z","buy",
"1.71220000","150.00000000","2023-03-29T14:51:37.831Z","buy",
"1.71230000","100.00000000","2023-03-29T14:51:37.799Z","buy",
"1.71280000","150.00000000","2023-03-29T14:51:26.100Z","buy",
"1.71290000","100.00000000","2023-03-29T14:51:26.095Z","buy",
"1.71300000","150.00000000","2023-03-29T14:51:26.092Z","buy",
"1.70950000","2.90000000","2023-03-29T14:51:12.162Z","buy",
"1.71060000","23.80000000","2023-03-29T14:51:07.909Z","sell",
"1.71050000","145.00000000","2023-03-29T14:51:07.909Z","sell",
"1.71040000","50.00000000","2023-03-29T14:51:07.909Z","sell",
"1.71030000","145.00000000","2023-03-29T14:51:07.909Z","sell",
"1.71020000","50.00000000","2023-03-29T14:51:07.909Z","sell",
"1.71010000","5.00000000","2023-03-29T14:51:07.909Z","sell",
"1.71010000","145.00000000","2023-03-29T14:51:07.909Z","sell",
"1.70990000","145.00000000","2023-03-29T14:51:07.909Z","sell",
"1.70940000","50.00000000","2023-03-29T14:51:05.556Z","buy",
"1.70950000","100.00000000","2023-03-29T14:51:05.556Z","buy",
"1.71050000","0.60000000","2023-03-29T14:51:00.511Z","buy",
"1.71030000","150.00000000","2023-03-29T14:50:59.135Z","buy",
"1.71040000","100.00000000","2023-03-29T14:50:59.135Z","buy",
"1.71050000","0.80000000","2023-03-29T14:50:41.663Z","buy",
"1.71050000","5.00000000","2023-03-29T14:50:41.663Z","buy",
"1.71250000","100.00000000","2023-03-29T14:50:22.150Z","buy",
"1.71240000","5.80000000","2023-03-29T14:49:50.959Z","buy",
"1.71230000","18.30000000","2023-03-29T14:49:37.743Z","sell",
"1.71300000","50.00000000","2023-03-29T14:49:37.719Z","sell",
"1.71240000","50.00000000","2023-03-29T14:49:37.719Z","sell",
"1.71200000","20.00000000","2023-03-29T14:49:37.719Z","sell",
"1.71180000","61.30000000","2023-03-29T14:49:37.709Z","sell",
"1.71180000","20.00000000","2023-03-29T14:49:37.709Z","sell",
"1.71180000","5.00000000","2023-03-29T14:49:37.709Z","sell",
"1.71080000","33.90000000","2023-03-29T14:49:37.709Z","sell",
"1.71080000","200.00000000","2023-03-29T14:49:37.705Z","sell",
"1.71120000","100.00000000","2023-03-29T14:49:35.972Z","buy",
"1.71120000","50.00000000","2023-03-29T14:49:35.972Z","buy",
"1.71130000","100.00000000","2023-03-29T14:49:35.972Z","buy",
"1.71360000","20.00000000","2023-03-29T14:49:25.666Z","sell",
"1.71360000","5.00000000","2023-03-29T14:49:25.666Z","sell",
"1.71360000","50.00000000","2023-03-29T14:49:25.666Z","sell",
"1.71470000","91.60000000","2023-03-29T14:49:13.690Z","sell",
"1.71460000","5.00000000","2023-03-29T14:49:13.690Z","sell",
"1.71450000","145.00000000","2023-03-29T14:49:13.690Z","sell",
"1.71400000","50.00000000","2023-03-29T14:49:13.104Z","buy",
"1.71410000","100.00000000","2023-03-29T14:49:13.104Z","buy",
"1.71420000","150.00000000","2023-03-29T14:49:13.101Z","buy",
"1.71530000","0.60000000","2023-03-29T14:49:08.994Z","sell",
"1.71440000","233.10000000","2023-03-29T14:49:06.819Z","buy",
"1.71000000","116.80000000","2023-03-29T14:49:06.798Z","sell",
"1.71050000","2754.30000000","2023-03-29T14:49:06.787Z","buy",
"1.71050000","145.00000000","2023-03-29T14:49:06.787Z","buy",
"1.71080000","145.00000000","2023-03-29T14:49:06.787Z","buy",
"1.71090000","3462.00000000","2023-03-29T14:49:06.787Z","buy",
"1.71100000","1431.80000000","2023-03-29T14:49:06.787Z","buy",
"1.71100000","145.00000000","2023-03-29T14:49:06.787Z","buy",
"1.71120000","145.00000000","2023-03-29T14:49:06.787Z","buy",
"1.71150000","145.00000000","2023-03-29T14:49:06.787Z","buy",
"1.71170000","145.00000000","2023-03-29T14:49:06.787Z","buy",
"1.71190000","145.00000000","2023-03-29T14:49:06.787Z","buy",
"1.71220000","145.00000000","2023-03-29T14:49:06.787Z","buy",
"1.71240000","145.00000000","2023-03-29T14:49:06.787Z","buy",
"1.71260000","1021.80000000","2023-03-29T14:49:06.787Z","buy",
"1.71270000","145.00000000","2023-03-29T14:49:06.787Z","buy",
"1.71290000","145.00000000","2023-03-29T14:49:06.787Z","buy",
"1.71310000","1865.40000000","2023-03-29T14:49:06.787Z","buy",
"1.71310000","145.00000000","2023-03-29T14:49:06.787Z","buy",
"1.71330000","145.00000000","2023-03-29T14:49:06.787Z","buy",
"1.71350000","612.70000000","2023-03-29T14:49:06.787Z","buy",
"1.71350000","145.00000000","2023-03-29T14:49:06.787Z","buy",
"1.71350000","1.50000000","2023-03-29T14:49:06.787Z","buy",
"1.71370000","93.10000000","2023-03-29T14:49:06.787Z","buy",
"1.71370000","145.00000000","2023-03-29T14:49:06.787Z","buy",
"1.71390000","145.00000000","2023-03-29T14:49:06.787Z","buy",
"1.71410000","145.00000000","2023-03-29T14:49:06.787Z","buy",
"1.71430000","145.00000000","2023-03-29T14:49:06.787Z","buy",
"1.71440000","204.10000000","2023-03-29T14:49:06.787Z","buy",
"1.71450000","233.10000000","2023-03-29T14:49:06.787Z","buy",
"1.71450000","145.00000000","2023-03-29T14:49:06.787Z","buy",
"1.71470000","145.00000000","2023-03-29T14:49:06.787Z","buy",
"1.71490000","145.00000000","2023-03-29T14:49:06.787Z","buy",
"1.71500000","50.00000000","2023-03-29T14:49:06.787Z","buy",
"1.71510000","145.00000000","2023-03-29T14:49:06.787Z","buy",
"1.71520000","50.00000000","2023-03-29T14:49:06.787Z","buy",
"1.71530000","145.00000000","2023-03-29T14:49:06.787Z","buy",
"1.71540000","61.20000000","2023-03-29T14:49:06.787Z","buy",
"1.71550000","145.00000000","2023-03-29T14:49:06.787Z","buy",
"1.71570000","145.00000000","2023-03-29T14:49:06.787Z","buy",
"1.71590000","145.00000000","2023-03-29T14:49:06.787Z","buy",
"1.71790000","100.00000000","2023-03-29T14:49:04.311Z","buy",
"1.71930000","16.10000000","2023-03-29T14:48:32.691Z","sell",
"1.71930000","30.20000000","2023-03-29T14:48:32.681Z","sell",
"1.71930000","5.80000000","2023-03-29T14:48:00.296Z","buy",
"1.72090000","36.00000000","2023-03-29T14:47:54.530Z","sell",
"1.72070000","4.00000000","2023-03-29T14:47:06.385Z","buy",
"1.72170000","338.40000000","2023-03-29T14:46:08.960Z","buy",
"1.72170000","1.30000000","2023-03-29T14:46:08.895Z","buy",
"1.72170000","0.70000000","2023-03-29T14:46:05.127Z","buy",
"1.72170000","3.00000000","2023-03-29T14:46:05.121Z","buy",
"1.72170000","5.00000000","2023-03-29T14:46:00.119Z","buy",
"1.72230000","6.60000000","2023-03-29T14:44:37.934Z","buy",
"1.72230000","99.40000000","2023-03-29T14:44:37.934Z","buy",
"1.72240000","5.00000000","2023-03-29T14:44:37.934Z","buy",
"1.72280000","5.80000000","2023-03-29T14:44:29.957Z","buy",
"1.72190000","5.80000000","2023-03-29T14:42:38.041Z","buy",
"1.72310000","11.00000000","2023-03-29T14:42:31.190Z","buy",
"1.72370000","5.00000000","2023-03-29T14:42:31.175Z","buy",
"1.72160000","20.00000000","2023-03-29T14:42:02.949Z","sell",
"1.71960000","5.80000000","2023-03-29T14:41:33.323Z","buy",
"1.72280000","60.90000000","2023-03-29T14:40:58.447Z","buy",
"1.72290000","88.50000000","2023-03-29T14:40:58.447Z","buy",
"1.72290000","11.50000000","2023-03-29T14:40:58.443Z","buy",
"1.71980000","5.80000000","2023-03-29T14:40:24.275Z","buy",
"1.71800000","12.20000000","2023-03-29T14:39:34.975Z","sell",
"1.71760000","115.50000000","2023-03-29T14:39:34.958Z","sell",
"1.71610000","5.80000000","2023-03-29T14:39:17.257Z","buy",
"1.72160000","232.50000000","2023-03-29T14:38:21.939Z","sell",
"1.72160000","0.10000000","2023-03-29T14:38:14.622Z","sell",
"1.72210000","0.60000000","2023-03-29T14:38:06.154Z","buy",
"1.72190000","63.20000000","2023-03-29T14:37:40.226Z","buy",
"1.72190000","36.80000000","2023-03-29T14:37:40.221Z","buy",
"1.72190000","91.30000000","2023-03-29T14:37:37.357Z","buy",
"1.72240000","11.60000000","2023-03-29T14:37:15.393Z","buy",
"1.72400000","0.60000000","2023-03-29T14:36:41.528Z","buy",
"1.72380000","12.10000000","2023-03-29T14:36:00.271Z","sell",
"1.72530000","0.70000000","2023-03-29T14:35:11.655Z","sell",
"1.72290000","25.70000000","2023-03-29T14:35:03.590Z","buy",
"1.72360000","5.80000000","2023-03-29T14:34:55.612Z","buy",
"1.72570000","5.00000000","2023-03-29T14:34:03.338Z","buy",
"1.72650000","30.00000000","2023-03-29T14:33:27.327Z","buy",
"1.72700000","20.00000000","2023-03-29T14:33:27.324Z","buy",
"1.72690000","109.70000000","2023-03-29T14:33:06.506Z","buy",
"1.72690000","5.80000000","2023-03-29T14:33:05.131Z","buy",
"1.72690000","1.70000000","2023-03-29T14:32:20.088Z","sell",
"1.72640000","12.10000000","2023-03-29T14:32:20.088Z","sell",
"1.72530000","12.10000000","2023-03-29T14:32:15.611Z","sell",
"1.72350000","12.10000000","2023-03-29T14:32:01.018Z","sell",
"1.72480000","5.80000000","2023-03-29T14:30:16.064Z","buy",
"1.72530000","12.10000000","2023-03-29T14:29:56.728Z","sell",
"1.72500000","12.90000000","2023-03-29T14:29:56.696Z","sell",
"1.72500000","7.10000000","2023-03-29T14:29:56.690Z","sell",
"1.72500000","5.00000000","2023-03-29T14:29:56.690Z","sell",
"1.72490000","5.00000000","2023-03-29T14:29:56.686Z","sell",
"1.72490000","20.00000000","2023-03-29T14:29:56.686Z","sell",
"1.72400000","12.10000000","2023-03-29T14:29:49.173Z","sell",
"1.72340000","19.80000000","2023-03-29T14:29:47.093Z","buy",
"1.72340000","45.90000000","2023-03-29T14:29:47.086Z","buy",
"1.72450000","100.00000000","2023-03-29T14:29:41.463Z","sell",
"1.72410000","12.10000000","2023-03-29T14:29:40.839Z","sell",
"1.72410000","12.10000000","2023-03-29T14:29:28.264Z","sell",
"1.72420000","50.00000000","2023-03-29T14:29:10.800Z","buy",
"1.72560000","231.60000000","2023-03-29T14:29:10.784Z","buy",
"1.72560000","5.00000000","2023-03-29T14:29:10.784Z","buy",
"1.72560000","15.00000000","2023-03-29T14:29:10.784Z","buy",
"1.72570000","15.00000000","2023-03-29T14:29:10.784Z","buy",
"1.72630000","39.10000000","2023-03-29T14:28:38.448Z","buy",
"1.72640000","5.00000000","2023-03-29T14:28:38.448Z","buy",
"1.72640000","50.00000000","2023-03-29T14:28:38.448Z","buy",
"1.73700000","1.50000000","2023-03-29T14:27:56.337Z","buy",
"1.73700000","3.50000000","2023-03-29T14:27:56.336Z","buy",
"1.73670000","20.00000000","2023-03-29T14:27:56.156Z","buy",
"1.73680000","20.00000000","2023-03-29T14:27:56.149Z","buy",
"1.73540000","24.60000000","2023-03-29T14:27:56.146Z","buy",
"1.73650000","145.00000000","2023-03-29T14:27:56.146Z","buy",
"1.73660000","30.40000000","2023-03-29T14:27:56.146Z","buy",
"1.73660000","30.00000000","2023-03-29T14:27:56.146Z","buy",
"1.73690000","20.00000000","2023-03-29T14:27:56.146Z","buy",
"1.73690000","20.00000000","2023-03-29T14:27:56.146Z","buy",
"1.73750000","20.00000000","2023-03-29T14:27:38.817Z","sell",
"1.73740000","5.00000000","2023-03-29T14:27:38.814Z","sell",
"1.73710000","12.00000000","2023-03-29T14:27:29.826Z","sell",
"1.73650000","5.00000000","2023-03-29T14:27:29.808Z","sell",
"1.73660000","20.00000000","2023-03-29T14:27:29.798Z","sell",
"1.73640000","5.00000000","2023-03-29T14:27:29.798Z","sell",
"1.73390000","2.00000000","2023-03-29T14:27:08.070Z","buy",
"1.74280000","5.00000000","2023-03-29T14:25:29.418Z","buy",
"1.74310000","20.00000000","2023-03-29T14:25:29.411Z","buy",
"1.74310000","5.00000000","2023-03-29T14:25:29.411Z","buy",
"1.74410000","0.70000000","2023-03-29T14:25:15.260Z","buy",
"1.74420000","5.00000000","2023-03-29T14:25:15.260Z","buy",
"1.74500000","127.70000000","2023-03-29T14:25:12.284Z","buy",
"1.74510000","50.00000000","2023-03-29T14:25:12.284Z","buy",
"1.74520000","20.00000000","2023-03-29T14:25:12.284Z","buy",
"1.74520000","20.00000000","2023-03-29T14:25:12.284Z","buy",
"1.74520000","145.00000000","2023-03-29T14:25:12.284Z","buy",
"1.74530000","50.00000000","2023-03-29T14:25:12.284Z","buy",
"1.74540000","5.00000000","2023-03-29T14:25:12.284Z","buy",
"1.75000000","5.00000000","2023-03-29T14:25:07.846Z","sell",
"1.75000000","2.90000000","2023-03-29T14:25:07.846Z","sell",
"1.74900000","2.90000000","2023-03-29T14:25:07.270Z","sell",
"1.74800000","2.90000000","2023-03-29T14:25:07.182Z","sell",
"1.74760000","30.00000000","2023-03-29T14:25:07.171Z","sell",
"1.74700000","2.90000000","2023-03-29T14:25:07.167Z","sell",
"1.74680000","145.00000000","2023-03-29T14:25:07.167Z","sell",
"1.74670000","40.00000000","2023-03-29T14:25:07.167Z","sell",
"1.74630000","10.00000000","2023-03-29T14:25:07.167Z","sell",
"1.74560000","12.00000000","2023-03-29T14:25:07.167Z","sell",
"1.74580000","83.70000000","2023-03-29T14:25:00.511Z","sell",
"1.74580000","12.00000000","2023-03-29T14:25:00.511Z","sell",
"1.74640000","100.00000000","2023-03-29T14:24:53.727Z","sell",
"1.74630000","95.50000000","2023-03-29T14:24:47.924Z","sell",
"1.74630000","4.50000000","2023-03-29T14:24:45.114Z","sell",
"1.74600000","145.00000000","2023-03-29T14:24:44.306Z","sell",
"1.74600000","2.90000000","2023-03-29T14:24:44.306Z","sell",
"1.74500000","145.00000000","2023-03-29T14:24:40.314Z","sell",
"1.74500000","2.90000000","2023-03-29T14:24:40.314Z","sell",
"1.74400000","2.90000000","2023-03-29T14:24:38.658Z","sell",
"1.74300000","2.90000000","2023-03-29T14:24:38.456Z","sell",
"1.74230000","11.50000000","2023-03-29T14:24:38.456Z","sell",
"1.74230000","8.50000000","2023-03-29T14:24:38.453Z","sell",
"1.74220000","25.60000000","2023-03-29T14:24:19.940Z","sell",
"1.74200000","2.90000000","2023-03-29T14:24:19.940Z","sell",
"1.74190000","2.90000000","2023-03-29T14:24:16.612Z","sell",
"1.74100000","2.90000000","2023-03-29T14:24:16.583Z","sell",
"1.74000000","2.90000000","2023-03-29T14:24:14.944Z","sell",
"1.73970000","30.00000000","2023-03-29T14:24:14.935Z","sell",
"1.73790000","2.90000000","2023-03-29T14:24:05.109Z","buy",
"1.73730000","5.70000000","2023-03-29T14:23:27.013Z","sell",
"1.73580000","5.00000000","2023-03-29T14:23:10.667Z","sell",
"1.73520000","200.60000000","2023-03-29T14:23:10.667Z","sell",
"1.73520000","30.00000000","2023-03-29T14:23:10.664Z","sell",
"1.73520000","5.00000000","2023-03-29T14:22:12.129Z","sell",
"1.73340000","5.00000000","2023-03-29T14:22:12.126Z","sell",
"1.73420000","40.30000000","2023-03-29T14:22:12.122Z","sell",
"1.73340000","20.00000000","2023-03-29T14:22:12.119Z","sell",
"1.73320000","12.10000000","2023-03-29T14:22:12.116Z","sell",
"1.73200000","16.80000000","2023-03-29T14:22:04.373Z","buy",
"1.73380000","10.00000000","2023-03-29T14:21:46.916Z","buy",
"1.73040000","20.00000000","2023-03-29T14:21:15.082Z","sell",
"1.73010000","100.00000000","2023-03-29T14:21:15.082Z","sell",
"1.72930000","22.90000000","2023-03-29T14:20:59.156Z","buy",
"1.72950000","145.00000000","2023-03-29T14:20:59.156Z","buy",
"1.73060000","5.00000000","2023-03-29T14:20:52.376Z","sell",
"1.73060000","20.00000000","2023-03-29T14:20:52.376Z","sell",
"1.73060000","20.00000000","2023-03-29T14:20:52.368Z","sell",
"1.73040000","12.10000000","2023-03-29T14:20:52.368Z","sell",
"1.73130000","20.90000000","2023-03-29T14:19:16.676Z","buy",
"1.73180000","22.30000000","2023-03-29T14:19:16.676Z","buy",
"1.73180000","6.90000000","2023-03-29T14:19:16.668Z","buy",
"1.73180000","8.20000000","2023-03-29T14:19:16.660Z","buy",
"1.73180000","18.20000000","2023-03-29T14:19:16.653Z","buy",
"1.73180000","143.60000000","2023-03-29T14:19:16.641Z","buy",
"1.73180000","1.00000000","2023-03-29T14:19:16.627Z","buy",
"1.73180000","1.80000000","2023-03-29T14:19:16.627Z","buy",
"1.73270000","20.00000000","2023-03-29T14:18:03.102Z","buy",
"1.73290000","5.00000000","2023-03-29T14:18:03.102Z","buy",
"1.73040000","0.30000000","2023-03-29T14:17:39.651Z","buy",
"1.73060000","5.10000000","2023-03-29T14:17:38.605Z","buy",
"1.72860000","120.60000000","2023-03-29T14:17:14.244Z","buy",
"1.72860000","2.00000000","2023-03-29T14:17:14.244Z","buy",
"1.72820000","50.00000000","2023-03-29T14:17:14.219Z","buy",
"1.72830000","20.00000000","2023-03-29T14:17:14.212Z","buy",
"1.72840000","50.00000000","2023-03-29T14:17:14.212Z","buy",
"1.72850000","50.00000000","2023-03-29T14:17:14.212Z","buy",
"1.72860000","50.00000000","2023-03-29T14:17:14.212Z","buy",
"1.72870000","35.90000000","2023-03-29T14:17:14.122Z","buy",
"1.72870000","57.40000000","2023-03-29T14:17:14.119Z","buy",
"1.72870000","44.20000000","2023-03-29T14:17:14.119Z","buy",
"1.72870000","5.80000000","2023-03-29T14:17:13.638Z","buy",
"1.72900000","50.00000000","2023-03-29T14:17:11.944Z","buy",
"1.72920000","50.00000000","2023-03-29T14:17:11.944Z","buy",
"1.73020000","12.10000000","2023-03-29T14:17:11.335Z","sell",
"1.72870000","85.00000000","2023-03-29T14:17:09.836Z","buy",
"1.72870000","5.00000000","2023-03-29T14:17:09.836Z","buy",
"1.72870000","50.00000000","2023-03-29T14:17:09.836Z","buy",
"1.73150000","50.00000000","2023-03-29T14:17:09.688Z","sell",
"1.73110000","50.00000000","2023-03-29T14:17:09.676Z","sell",
"1.73100000","180.50000000","2023-03-29T14:17:09.676Z","sell",
"1.73100000","40.40000000","2023-03-29T14:17:09.676Z","sell",
"1.73090000","50.00000000","2023-03-29T14:17:09.676Z","sell",
"1.73070000","5.00000000","2023-03-29T14:17:09.676Z","sell",
"1.73070000","45.00000000","2023-03-29T14:17:09.676Z","sell",
"1.73060000","150.00000000","2023-03-29T14:17:09.676Z","sell",
"1.73050000","20.00000000","2023-03-29T14:17:09.673Z","sell",
"1.73050000","100.00000000","2023-03-29T14:17:09.673Z","sell",
"1.73050000","50.00000000","2023-03-29T14:17:09.673Z","sell",
"1.73040000","20.00000000","2023-03-29T14:17:09.673Z","sell",
"1.73040000","17.10000000","2023-03-29T14:17:09.673Z","sell",
"1.73040000","32.90000000","2023-03-29T14:17:09.673Z","sell",
"1.73030000","5.00000000","2023-03-29T14:17:09.673Z","sell",
"1.72970000","12.10000000","2023-03-29T14:17:09.673Z","sell",
"1.72970000","12.10000000","2023-03-29T14:17:08.099Z","sell",
"1.72960000","101.50000000","2023-03-29T14:17:07.586Z","buy",
"1.72980000","98.00000000","2023-03-29T14:17:07.381Z","buy",
"1.72980000","11.40000000","2023-03-29T14:17:07.381Z","buy",
"1.73050000","20.00000000","2023-03-29T14:17:04.114Z","buy",
"1.73070000","5.00000000","2023-03-29T14:17:04.114Z","buy",
"1.73090000","115.00000000","2023-03-29T14:17:04.100Z","buy",
"1.73090000","30.00000000","2023-03-29T14:17:04.089Z","buy",
"1.73040000","30.00000000","2023-03-29T14:16:54.900Z","buy",
"1.72980000","26.40000000","2023-03-29T14:16:30.181Z","buy",
"1.72980000","87.90000000","2023-03-29T14:16:29.917Z","buy",
"1.73060000","30.00000000","2023-03-29T14:16:19.656Z","buy",
"1.73060000","87.10000000","2023-03-29T14:16:19.656Z","buy",
"1.73080000","10.00000000","2023-03-29T14:15:48.147Z","buy",
"1.73110000","50.00000000","2023-03-29T14:15:45.816Z","buy",
"1.73120000","50.00000000","2023-03-29T14:15:45.807Z","buy",
"1.73130000","50.00000000","2023-03-29T14:15:45.793Z","buy",
"1.73180000","5.00000000","2023-03-29T14:15:45.778Z","buy",
"1.73270000","150.00000000","2023-03-29T14:15:41.000Z","sell",
"1.73260000","100.00000000","2023-03-29T14:15:41.000Z","sell",
"1.73210000","100.00000000","2023-03-29T14:15:33.146Z","sell",
"1.73200000","231.10000000","2023-03-29T14:15:33.146Z","sell",
"1.73260000","49.10000000","2023-03-29T14:15:13.825Z","sell",
"1.73140000","231.20000000","2023-03-29T14:15:11.823Z","sell",
"1.73950000","2381.20000000","2023-03-29T14:15:04.360Z","sell",
"1.73910000","603.70000000","2023-03-29T14:15:04.360Z","sell",
"1.73900000","2.90000000","2023-03-29T14:15:04.360Z","sell",
"1.73800000","2.90000000","2023-03-29T14:15:04.360Z","sell",
"1.73730000","5.80000000","2023-03-29T14:15:04.360Z","sell",
"1.73700000","2.90000000","2023-03-29T14:15:04.360Z","sell",
"1.73670000","423.20000000","2023-03-29T14:15:04.360Z","sell",
"1.73600000","2.90000000","2023-03-29T14:15:04.360Z","sell",
"1.73600000","2.90000000","2023-03-29T14:15:04.360Z","sell",
"1.73600000","2.90000000","2023-03-29T14:15:04.360Z","sell",
"1.73580000","1277.00000000","2023-03-29T14:15:04.360Z","sell",
"1.73570000","126.70000000","2023-03-29T14:15:04.360Z","sell",
"1.73500000","2.90000000","2023-03-29T14:15:04.360Z","sell",
"1.73470000","302.60000000","2023-03-29T14:15:04.360Z","sell",
"1.73460000","2.90000000","2023-03-29T14:15:04.360Z","sell",
"1.73450000","2.90000000","2023-03-29T14:15:04.360Z","sell",
"1.73400000","2.90000000","2023-03-29T14:15:04.360Z","sell",
"1.73360000","2.90000000","2023-03-29T14:15:04.360Z","sell",
"1.73350000","3462.00000000","2023-03-29T14:15:04.360Z","sell",
"1.73310000","181.70000000","2023-03-29T14:15:04.360Z","sell",
"1.73300000","100.00000000","2023-03-29T14:15:04.360Z","sell",
"1.73300000","2.90000000","2023-03-29T14:15:04.360Z","sell",
"1.73280000","2754.30000000","2023-03-29T14:15:04.360Z","sell",
"1.73270000","3462.00000000","2023-03-29T14:15:04.360Z","sell",
"1.73160000","60.60000000","2023-03-29T14:15:04.360Z","sell",
"1.73140000","145.00000000","2023-03-29T14:15:04.360Z","sell",
"1.73130000","50.00000000","2023-03-29T14:15:04.360Z","sell",
"1.73120000","145.00000000","2023-03-29T14:15:04.360Z","sell",
"1.73100000","145.00000000","2023-03-29T14:15:04.360Z","sell",
"1.73100000","18.10000000","2023-03-29T14:15:04.360Z","sell",
"1.73220000","59.50000000","2023-03-29T14:14:58.878Z","sell",
"1.73200000","2.90000000","2023-03-29T14:14:58.878Z","sell",
"1.73160000","20.00000000","2023-03-29T14:14:28.056Z","sell",
"1.73160000","145.00000000","2023-03-29T14:14:28.056Z","sell",
"1.73130000","145.00000000","2023-03-29T14:14:28.056Z","sell",
"1.73120000","2.90000000","2023-03-29T14:14:28.056Z","sell",
"1.73100000","2.90000000","2023-03-29T14:14:28.056Z","sell",
"1.73100000","2.90000000","2023-03-29T14:14:28.056Z","sell",
"1.73090000","2.90000000","2023-03-29T14:14:28.056Z","sell",
"1.73040000","59.70000000","2023-03-29T14:13:50.083Z","sell",
"1.73000000","2.90000000","2023-03-29T14:13:50.083Z","sell",
"1.72930000","5.00000000","2023-03-29T14:13:39.297Z","sell",
"1.72930000","44.30000000","2023-03-29T14:13:39.277Z","sell",
"1.72900000","2.90000000","2023-03-29T14:13:39.277Z","sell",
"1.72840000","145.00000000","2023-03-29T14:13:39.231Z","sell",
"1.72840000","20.00000000","2023-03-29T14:13:20.546Z","sell",
"1.72840000","145.00000000","2023-03-29T14:13:20.546Z","sell",
"1.72820000","5.00000000","2023-03-29T14:13:20.546Z","sell",
"1.72820000","145.00000000","2023-03-29T14:13:20.546Z","sell",
"1.72800000","145.00000000","2023-03-29T14:13:20.546Z","sell",
"1.72820000","2.90000000","2023-03-29T14:12:43.073Z","sell",
"1.72800000","3.00000000","2023-03-29T14:12:43.062Z","sell",
"1.72700000","870.30000000","2023-03-29T14:12:39.647Z","sell",
"1.72700000","210.70000000","2023-03-29T14:12:39.647Z","sell",
"1.72580000","365.90000000","2023-03-29T14:11:30.521Z","sell",
"1.72570000","5.00000000","2023-03-29T14:11:30.521Z","sell",
"1.72570000","145.00000000","2023-03-29T14:11:30.521Z","sell",
"1.72400000","52.70000000","2023-03-29T14:11:28.309Z","buy",
"1.72410000","50.00000000","2023-03-29T14:11:28.309Z","buy",
"1.72550000","60.40000000","2023-03-29T14:11:28.064Z","sell",
"1.72520000","46.30000000","2023-03-29T14:10:58.719Z","buy",
"1.72440000","58.00000000","2023-03-29T14:10:26.041Z","sell",
"1.72420000","37.40000000","2023-03-29T14:09:47.590Z","buy",
"1.72430000","50.00000000","2023-03-29T14:09:47.590Z","buy",
"1.72440000","50.00000000","2023-03-29T14:09:47.590Z","buy",
"1.72450000","20.00000000","2023-03-29T14:09:47.590Z","buy",
"1.72480000","100.00000000","2023-03-29T14:09:47.587Z","buy",
"1.72480000","20.00000000","2023-03-29T14:09:47.583Z","buy",
"1.72460000","40.00000000","2023-03-29T14:09:47.580Z","buy",
"1.72460000","10.00000000","2023-03-29T14:09:47.580Z","buy",
"1.72470000","20.00000000","2023-03-29T14:09:47.580Z","buy",
"1.72470000","20.00000000","2023-03-29T14:09:47.580Z","buy",
"1.72540000","176.10000000","2023-03-29T14:09:47.574Z","buy",
"1.72540000","55.50000000","2023-03-29T14:09:47.574Z","buy",
"1.72530000","60.80000000","2023-03-29T14:09:47.551Z","buy",
"1.72590000","231.50000000","2023-03-29T14:09:47.545Z","buy",
"1.72700000","69.00000000","2023-03-29T14:09:35.478Z","sell",
"1.72700000","3.00000000","2023-03-29T14:09:35.478Z","sell",
"1.72600000","3.00000000","2023-03-29T14:09:31.993Z","sell",
"1.71900000","232.80000000","2023-03-29T14:07:01.509Z","sell",
"1.71730000","5.80000000","2023-03-29T14:06:46.180Z","buy",
"1.71680000","100.00000000","2023-03-29T14:06:37.387Z","buy",
"1.71920000","5.80000000","2023-03-29T14:05:27.473Z","buy",
"1.72020000","18.30000000","2023-03-29T14:05:08.148Z","sell",
"1.71990000","18.30000000","2023-03-29T14:05:06.638Z","sell",
"1.71800000","18.30000000","2023-03-29T14:04:59.510Z","sell",
"1.71810000","18.30000000","2023-03-29T14:04:34.333Z","sell",
"1.71600000","5.80000000","2023-03-29T14:04:25.704Z","buy",
"1.71690000","18.30000000","2023-03-29T14:03:52.803Z","sell",
"1.71740000","824.80000000","2023-03-29T14:03:34.742Z","sell",
"1.71730000","20.00000000","2023-03-29T14:03:34.742Z","sell",
"1.71730000","18.30000000","2023-03-29T14:03:34.742Z","sell",
"1.71730000","145.00000000","2023-03-29T14:03:34.742Z","sell",
"1.71700000","145.00000000","2023-03-29T14:03:34.742Z","sell",
"1.71530000","58.10000000","2023-03-29T14:03:14.898Z","buy",
"1.71540000","233.00000000","2023-03-29T14:03:14.898Z","buy",
"1.71560000","145.00000000","2023-03-29T14:03:14.898Z","buy",
"1.71560000","100.00000000","2023-03-29T14:03:14.898Z","buy",
"1.71570000","352.10000000","2023-03-29T14:02:49.257Z","buy",
"1.71570000","181.60000000","2023-03-29T14:02:49.257Z","buy",
"1.71570000","2.40000000","2023-03-29T14:02:49.254Z","buy",
"1.71580000","100.00000000","2023-03-29T14:02:49.254Z","buy",
"1.71700000","5.70000000","2023-03-29T14:02:43.326Z","buy",
"1.71680000","18.30000000","2023-03-29T14:02:27.447Z","sell",
"1.71680000","18.30000000","2023-03-29T14:02:24.672Z","sell",
"1.71680000","18.30000000","2023-03-29T14:02:23.337Z","sell",
"1.71640000","18.30000000","2023-03-29T14:02:21.327Z","sell",
"1.71640000","18.30000000","2023-03-29T14:02:20.328Z","sell",
"1.71640000","18.30000000","2023-03-29T14:02:19.328Z","sell",
"1.71640000","18.30000000","2023-03-29T14:02:18.326Z","sell",
"1.71640000","18.30000000","2023-03-29T14:02:16.944Z","sell",
"1.71640000","18.30000000","2023-03-29T14:02:15.328Z","sell",
"1.71640000","18.30000000","2023-03-29T14:02:14.101Z","sell",
"1.71640000","18.30000000","2023-03-29T14:02:12.049Z","sell",
"1.71530000","20.00000000","2023-03-29T14:01:59.976Z","buy",
"1.71660000","18.30000000","2023-03-29T14:01:44.127Z","sell",
"1.71550000","18.30000000","2023-03-29T14:01:42.258Z","sell",
"1.71470000","5.80000000","2023-03-29T14:01:40.129Z","buy",
"1.71550000","18.30000000","2023-03-29T14:01:39.326Z","sell",
"1.71550000","18.30000000","2023-03-29T14:01:38.331Z","sell",
"1.71550000","18.30000000","2023-03-29T14:01:37.017Z","sell",
"1.71550000","18.30000000","2023-03-29T14:01:35.330Z","sell",
"1.71550000","18.30000000","2023-03-29T14:01:34.377Z","sell",
"1.71550000","18.30000000","2023-03-29T14:01:32.826Z","sell",
"1.71520000","3.10000000","2023-03-29T14:01:29.814Z","buy",
"1.71520000","10.50000000","2023-03-29T14:01:29.595Z","buy",
"1.71520000","35.00000000","2023-03-29T14:01:29.376Z","buy",
"1.71550000","18.30000000","2023-03-29T14:01:29.334Z","sell",
"1.71510000","101.50000000","2023-03-29T14:01:29.167Z","buy",
"1.71550000","18.30000000","2023-03-29T14:01:28.124Z","sell",
"1.71570000","18.30000000","2023-03-29T14:00:50.202Z","sell",
"1.71440000","17.10000000","2023-03-29T14:00:31.330Z","buy",
"1.71510000","20.00000000","2023-03-29T14:00:23.057Z","buy",
"1.71700000","0.80000000","2023-03-29T14:00:11.022Z","buy",
"1.71700000","5.00000000","2023-03-29T14:00:11.022Z","buy",
"1.71770000","107.20000000","2023-03-29T13:59:58.863Z","sell",
"1.71740000","18.30000000","2023-03-29T13:59:57.658Z","sell",
"1.71710000","18.30000000","2023-03-29T13:59:56.895Z","sell",
"1.71630000","4.50000000","2023-03-29T13:59:51.709Z","sell",
"1.71630000","0.80000000","2023-03-29T13:59:51.709Z","sell",
"1.71630000","3.20000000","2023-03-29T13:59:51.706Z","sell",
"1.71600000","18.30000000","2023-03-29T13:59:51.333Z","sell",
"1.71600000","18.30000000","2023-03-29T13:59:50.317Z","sell",
"1.71600000","18.30000000","2023-03-29T13:59:48.568Z","sell",
"1.71600000","18.30000000","2023-03-29T13:59:47.333Z","sell",
"1.71600000","18.30000000","2023-03-29T13:59:46.371Z","sell",
"1.71490000","11.60000000","2023-03-29T13:59:08.344Z","sell",
"1.71400000","233.50000000","2023-03-29T13:58:22.502Z","sell",
"1.71130000","2.90000000","2023-03-29T13:57:13.588Z","buy",
"1.71140000","2.90000000","2023-03-29T13:57:13.588Z","buy",
"1.71280000","40.00000000","2023-03-29T13:57:11.213Z","buy",
"1.71280000","30.00000000","2023-03-29T13:57:11.213Z","buy",
"1.71280000","200.00000000","2023-03-29T13:57:11.213Z","buy",
"1.71280000","200.00000000","2023-03-29T13:57:11.213Z","buy",
"1.71140000","0.60000000","2023-03-29T13:55:44.543Z","buy",
"1.71450000","141.00000000","2023-03-29T13:54:35.396Z","buy",
"1.71450000","329.00000000","2023-03-29T13:54:35.336Z","buy",
"1.71600000","18.30000000","2023-03-29T13:54:22.748Z","sell",
"1.71700000","1082.10000000","2023-03-29T13:53:51.982Z","buy",
"1.71700000","600.00000000","2023-03-29T13:53:51.979Z","buy",
"1.71700000","200.00000000","2023-03-29T13:53:51.968Z","buy",
"1.71700000","145.00000000","2023-03-29T13:53:51.965Z","buy",
"1.71700000","297.80000000","2023-03-29T13:53:51.939Z","buy",
"1.71750000","18.30000000","2023-03-29T13:53:31.373Z","sell",
"1.71730000","72.90000000","2023-03-29T13:53:18.785Z","buy",
"1.71740000","2.90000000","2023-03-29T13:53:18.785Z","buy",
"1.71670000","79.90000000","2023-03-29T13:52:04.074Z","buy",
"1.71680000","50.00000000","2023-03-29T13:52:04.074Z","buy",
"1.71690000","145.00000000","2023-03-29T13:52:04.074Z","buy",
"1.71700000","50.00000000","2023-03-29T13:52:04.074Z","buy",
"1.71710000","145.00000000","2023-03-29T13:52:04.074Z","buy",
"1.71720000","116.60000000","2023-03-29T13:52:04.074Z","buy",
"1.71740000","18.30000000","2023-03-29T13:51:53.288Z","sell",
"1.71790000","232.60000000","2023-03-29T13:51:22.753Z","buy",
"1.71760000","18.30000000","2023-03-29T13:51:09.770Z","sell",
"1.71760000","17.40000000","2023-03-29T13:51:09.694Z","sell",
"1.71890000","5.00000000","2023-03-29T13:50:42.278Z","buy",
"1.71920000","5.00000000","2023-03-29T13:50:42.269Z","buy",
"1.71970000","18.30000000","2023-03-29T13:50:40.804Z","sell",
"1.71930000","18.30000000","2023-03-29T13:50:21.079Z","sell",
"1.71810000","20.00000000","2023-03-29T13:50:15.462Z","sell",
"1.71810000","20.00000000","2023-03-29T13:50:15.462Z","sell",
"1.71800000","5.00000000","2023-03-29T13:50:15.462Z","sell",
"1.71800000","18.30000000","2023-03-29T13:50:15.462Z","sell",
"1.71790000","100.00000000","2023-03-29T13:50:15.462Z","sell",
"1.71580000","53.00000000","2023-03-29T13:50:05.875Z","buy",
"1.71590000","50.00000000","2023-03-29T13:50:05.875Z","buy",
"1.71730000","11.00000000","2023-03-29T13:50:01.707Z","sell",
"1.71800000","5.00000000","2023-03-29T13:49:52.695Z","buy",
"1.72020000","59.40000000","2023-03-29T13:49:50.791Z","sell",
"1.72060000","18.30000000","2023-03-29T13:49:31.458Z","sell",
"1.72010000","18.30000000","2023-03-29T13:49:26.784Z","sell",
"1.72110000","0.20000000","2023-03-29T13:49:18.714Z","sell",
"1.71810000","20.00000000","2023-03-29T13:48:25.633Z","buy",
"1.71840000","2.90000000","2023-03-29T13:48:25.625Z","buy",
"1.71810000","5.00000000","2023-03-29T13:48:18.538Z","buy",
"1.71890000","100.00000000","2023-03-29T13:48:18.229Z","buy",
"1.71610000","18.20000000","2023-03-29T13:48:03.264Z","sell",
"1.71610000","1.00000000","2023-03-29T13:48:03.249Z","sell",
"1.71610000","2.60000000","2023-03-29T13:48:03.236Z","sell",
"1.71610000","2.60000000","2023-03-29T13:48:03.231Z","sell",
"1.71610000","7.30000000","2023-03-29T13:48:03.228Z","sell",
"1.71610000","1.60000000","2023-03-29T13:48:03.224Z","sell",
"1.71610000","2.80000000","2023-03-29T13:48:03.204Z","sell",
"1.71610000","1.30000000","2023-03-29T13:48:03.193Z","sell",
"1.71610000","181.40000000","2023-03-29T13:48:03.177Z","sell",
"1.71610000","1.10000000","2023-03-29T13:48:03.159Z","sell",