"price","volume","time","side","orderType"
"0.02725000","2349.00000000","2024-06-14T18:22:35.979Z","sell","maker"
"0.02730000","2345.00000000","2024-06-14T18:22:32.828Z","sell","maker"
"0.02750000","100.00000000","2024-06-14T16:09:30.119Z","sell","maker"
"0.02750000","2328.00000000","2024-06-14T16:09:30.119Z","sell","maker"
"0.02745000","2332.00000000","2024-06-14T16:09:30.119Z","sell","maker"
"0.02740000","2336.00000000","2024-06-14T16:09:30.119Z","sell","maker"
"0.02735000","2341.00000000","2024-06-14T16:09:30.119Z","sell","maker"
"0.02755000","2324.00000000","2024-06-14T16:09:25.629Z","sell","maker"
"0.02761000","2319.00000000","2024-06-14T16:09:20.092Z","sell","maker"
"0.02773000","2308.00000000","2024-06-14T16:09:00.015Z","sell","maker"
"0.02767000","2313.00000000","2024-06-14T16:09:00.015Z","sell","maker"
"0.02779000","2303.00000000","2024-06-14T16:08:30.464Z","sell","maker"
"0.02785000","2299.00000000","2024-06-14T16:08:30.196Z","sell","maker"
"0.02781000","287.00000000","2024-06-14T16:08:30.196Z","sell","maker"
"0.02790000","2294.00000000","2024-06-14T16:08:23.442Z","sell","maker"
"0.02795000","2290.00000000","2024-06-14T16:08:21.817Z","sell","maker"
"0.02800000","2286.00000000","2024-06-14T16:08:20.864Z","sell","maker"
"0.02806000","2281.00000000","2024-06-14T16:08:20.078Z","sell","maker"
"0.02811000","2277.00000000","2024-06-14T16:08:10.088Z","sell","maker"
"0.02817000","2272.00000000","2024-06-14T16:08:08.557Z","sell","maker"
"0.02823000","2268.00000000","2024-06-14T16:08:06.352Z","sell","maker"
"0.02829000","2263.00000000","2024-06-14T16:07:56.425Z","sell","maker"
"0.02835000","2258.00000000","2024-06-14T16:06:59.436Z","sell","maker"
"0.02835000","40.00000000","2024-06-14T09:21:42.252Z","sell","maker"
"0.02846000","176.00000000","2024-06-13T23:20:22.675Z","buy","taker"
"0.02841000","849.00000000","2024-06-13T15:48:12.182Z","sell","maker"
"0.02846000","2249.00000000","2024-06-13T15:45:48.893Z","sell","maker"
"0.02851000","2245.00000000","2024-06-13T15:42:43.602Z","sell","maker"
"0.02857000","2241.00000000","2024-06-13T15:41:54.158Z","sell","maker"
"0.02863000","350.00000000","2024-06-12T20:21:04.735Z","buy","taker"
"0.02863000","52.00000000","2024-06-12T14:53:53.822Z","buy","taker"
"0.02863000","52.00000000","2024-06-12T14:53:49.344Z","buy","taker"
"0.02863000","310.00000000","2024-06-12T14:53:42.086Z","buy","taker"
"0.02857000","2241.00000000","2024-06-12T13:07:31.626Z","buy","taker"
"0.02851000","2245.00000000","2024-06-12T13:04:05.392Z","buy","taker"
"0.02846000","2249.00000000","2024-06-12T13:02:00.573Z","buy","taker"
"0.02841000","2253.00000000","2024-06-12T13:01:08.960Z","buy","taker"
"0.02806000","2281.00000000","2024-06-12T13:01:08.949Z","buy","taker"
"0.02835000","2258.00000000","2024-06-12T13:01:08.900Z","buy","taker"
"0.02829000","2263.00000000","2024-06-12T13:01:08.841Z","buy","taker"
"0.02823000","2268.00000000","2024-06-12T13:01:08.725Z","buy","taker"
"0.02817000","2272.00000000","2024-06-12T13:01:08.710Z","buy","taker"
"0.02811000","2277.00000000","2024-06-12T13:01:08.646Z","buy","taker"
"0.02795000","2290.00000000","2024-06-12T13:01:08.607Z","buy","taker"
"0.02800000","2286.00000000","2024-06-12T13:01:08.468Z","buy","taker"
"0.02790000","2294.00000000","2024-06-12T13:01:08.445Z","buy","taker"
"0.02790000","53.00000000","2024-06-12T11:04:18.441Z","buy","taker"
"0.02781000","359.00000000","2024-06-12T10:44:42.282Z","sell","maker"
"0.02785000","2299.00000000","2024-06-12T01:47:00.814Z","sell","maker"
"0.02790000","2294.00000000","2024-06-12T01:42:40.755Z","sell","maker"
"0.02795000","2290.00000000","2024-06-12T01:42:24.811Z","sell","maker"
"0.02806000","53.00000000","2024-06-11T20:50:38.213Z","buy","taker"
"0.02800000","2286.00000000","2024-06-11T17:26:41.581Z","sell","maker"
"0.02806000","2281.00000000","2024-06-11T15:41:01.299Z","sell","maker"
"0.02817000","2272.00000000","2024-06-11T15:41:00.367Z","sell","maker"
"0.02811000","2277.00000000","2024-06-11T15:41:00.367Z","sell","maker"
"0.02823000","2268.00000000","2024-06-11T15:40:59.634Z","sell","maker"
"0.02829000","2263.00000000","2024-06-11T15:40:54.783Z","sell","maker"
"0.02835000","2258.00000000","2024-06-11T13:48:38.217Z","sell","maker"
"0.02841000","2253.00000000","2024-06-11T13:46:56.935Z","sell","maker"
"0.02846000","2249.00000000","2024-06-11T13:46:52.303Z","sell","maker"
"0.02857000","2241.00000000","2024-06-11T13:43:46.537Z","sell","maker"
"0.02863000","2236.00000000","2024-06-11T13:43:46.467Z","sell","maker"
"0.02857000","700.00000000","2024-06-11T13:43:46.447Z","sell","maker"
"0.02857000","2241.00000000","2024-06-11T13:43:46.447Z","sell","maker"
"0.02868000","2232.00000000","2024-06-11T13:00:36.162Z","sell","maker"
"0.02874000","2227.00000000","2024-06-11T13:00:00.376Z","sell","maker"
"0.02880000","2223.00000000","2024-06-11T12:58:15.481Z","sell","maker"
"0.02886000","2218.00000000","2024-06-11T12:40:05.636Z","sell","maker"
"0.02898000","51.00000000","2024-06-11T12:20:35.631Z","buy","taker"
"0.02898000","51.00000000","2024-06-11T11:05:52.068Z","buy","taker"
"0.02892000","1243.00000000","2024-06-11T03:48:27.217Z","sell","maker"
"0.02903000","51.00000000","2024-06-11T03:31:27.063Z","buy","taker"
"0.02898000","2209.00000000","2024-06-11T01:53:03.500Z","sell","maker"
"0.02926000","2188.00000000","2024-06-11T01:53:00.934Z","sell","maker"
"0.02921000","2192.00000000","2024-06-11T01:53:00.934Z","sell","maker"
"0.02915000","2196.00000000","2024-06-11T01:53:00.934Z","sell","maker"
"0.02909000","2201.00000000","2024-06-11T01:53:00.934Z","sell","maker"
"0.02903000","2205.00000000","2024-06-11T01:53:00.934Z","sell","maker"
"0.02932000","1448.00000000","2024-06-10T20:31:32.813Z","buy","taker"
"0.02932000","51.00000000","2024-06-10T16:05:50.414Z","buy","taker"
"0.02921000","541.00000000","2024-06-10T13:08:18.769Z","sell","maker"
"0.02926000","2188.00000000","2024-06-10T09:11:36.571Z","buy","taker"
"0.02926000","137.00000000","2024-06-08T22:38:54.429Z","buy","taker"
"0.02921000","2192.00000000","2024-06-08T22:26:41.757Z","sell","maker"
"0.02926000","2188.00000000","2024-06-08T22:23:15.773Z","sell","maker"
"0.02932000","2183.00000000","2024-06-08T22:22:32.441Z","sell","maker"
"0.02944000","849.00000000","2024-06-08T22:19:22.748Z","buy","taker"
"0.02938000","2179.00000000","2024-06-08T17:35:14.261Z","sell","maker"
"0.02944000","2174.00000000","2024-06-08T17:35:05.922Z","sell","maker"
"0.02950000","2170.00000000","2024-06-08T17:34:28.502Z","sell","maker"
"0.02956000","2166.00000000","2024-06-08T17:33:15.389Z","sell","maker"
"0.02956000","54.00000000","2024-06-08T09:21:43.373Z","sell","maker"
"0.02968000","508.00000000","2024-06-08T00:00:14.988Z","buy","taker"
"0.02962000","1824.00000000","2024-06-07T23:00:49.857Z","buy","taker"
"0.02962000","337.00000000","2024-06-07T22:58:24.245Z","buy","taker"
"0.02956000","2166.00000000","2024-06-07T22:53:11.890Z","buy","taker"
"0.02950000","2170.00000000","2024-06-07T22:51:37.918Z","buy","taker"
"0.02944000","2174.00000000","2024-06-07T22:46:47.282Z","buy","taker"
"0.02932000","39.00000000","2024-06-07T19:21:39.141Z","sell","maker"
"0.02856000","599.00000000","2024-06-07T18:14:41.107Z","sell","maker"
"0.02931000","556.00000000","2024-06-07T18:13:21.930Z","sell","maker"
"0.03007000","516.00000000","2024-06-07T18:11:07.301Z","sell","maker"
"0.03082000","480.00000000","2024-06-07T18:09:28.176Z","sell","maker"
"0.03157000","446.00000000","2024-06-07T18:05:43.391Z","sell","maker"
"0.02991000","2140.00000000","2024-06-07T18:05:30.002Z","sell","maker"
"0.02985000","2145.00000000","2024-06-07T18:05:30.002Z","sell","maker"
"0.02980000","2148.00000000","2024-06-07T18:05:30.002Z","sell","maker"
"0.02974000","2152.00000000","2024-06-07T18:05:30.002Z","sell","maker"
"0.02968000","2157.00000000","2024-06-07T18:05:30.002Z","sell","maker"
"0.02962000","2161.00000000","2024-06-07T18:05:30.002Z","sell","maker"
"0.02956000","2166.00000000","2024-06-07T18:05:30.002Z","sell","maker"
"0.02950000","2170.00000000","2024-06-07T18:05:30.002Z","sell","maker"
"0.02944000","2174.00000000","2024-06-07T18:05:30.002Z","sell","maker"
"0.02938000","2179.00000000","2024-06-07T18:05:30.002Z","sell","maker"
"0.02997000","2136.00000000","2024-06-07T18:05:10.153Z","sell","maker"
"0.03009000","2127.00000000","2024-06-07T18:05:10.094Z","sell","maker"
"0.03003000","2132.00000000","2024-06-07T18:05:10.094Z","sell","maker"
"0.03051000","2098.00000000","2024-06-07T18:05:10.061Z","sell","maker"
"0.03045000","2102.00000000","2024-06-07T18:05:10.061Z","sell","maker"
"0.03039000","2106.00000000","2024-06-07T18:05:10.061Z","sell","maker"
"0.03033000","2111.00000000","2024-06-07T18:05:10.061Z","sell","maker"
"0.03027000","2115.00000000","2024-06-07T18:05:10.061Z","sell","maker"
"0.03021000","2119.00000000","2024-06-07T18:05:10.061Z","sell","maker"
"0.03015000","2123.00000000","2024-06-07T18:05:10.061Z","sell","maker"
"0.03022000","165.00000000","2024-06-07T18:04:50.093Z","sell","maker"
"0.03003000","37.00000000","2024-06-07T18:04:50.093Z","sell","maker"
"0.03000000","333.00000000","2024-06-07T18:04:50.093Z","sell","maker"
"0.03057000","2094.00000000","2024-06-07T18:04:40.088Z","sell","maker"
"0.03063000","2090.00000000","2024-06-07T18:04:34.718Z","sell","maker"
"0.03069000","2086.00000000","2024-06-07T18:04:34.664Z","sell","maker"
"0.03075000","2082.00000000","2024-06-07T18:04:34.598Z","sell","maker"
"0.03087000","2074.00000000","2024-06-07T18:04:33.015Z","sell","maker"
"0.03081000","2078.00000000","2024-06-07T18:04:33.015Z","sell","maker"
"0.03099000","2066.00000000","2024-06-07T18:04:30.010Z","sell","maker"
"0.03093000","2070.00000000","2024-06-07T18:04:30.010Z","sell","maker"
"0.03105000","2062.00000000","2024-06-07T18:04:25.022Z","sell","maker"
"0.03111000","2058.00000000","2024-06-07T18:04:22.959Z","sell","maker"
"0.03123000","2050.00000000","2024-06-07T18:02:54.727Z","sell","maker"
"0.03117000","2054.00000000","2024-06-07T18:02:54.727Z","sell","maker"
"0.03129000","2046.00000000","2024-06-07T18:02:54.527Z","sell","maker"
"0.03135000","2042.00000000","2024-06-07T18:01:40.881Z","sell","maker"
"0.03141000","2038.00000000","2024-06-07T18:01:40.776Z","sell","maker"
"0.03147000","2034.00000000","2024-06-07T18:01:40.667Z","sell","maker"
"0.03153000","2030.00000000","2024-06-07T18:01:40.564Z","sell","maker"
"0.03159000","2026.00000000","2024-06-07T18:01:40.458Z","sell","maker"
"0.03165000","2023.00000000","2024-06-07T18:01:40.357Z","sell","maker"
"0.03171000","2019.00000000","2024-06-07T18:01:40.251Z","sell","maker"
"0.03177000","2015.00000000","2024-06-07T18:01:40.163Z","sell","maker"
"0.03189000","2007.00000000","2024-06-07T18:01:40.050Z","sell","maker"
"0.03183000","2011.00000000","2024-06-07T18:01:40.050Z","sell","maker"
"0.03127000","639.00000000","2024-06-07T18:01:40.050Z","sell","maker"
"0.03100000","100.00000000","2024-06-07T18:01:40.050Z","sell","maker"
"0.03255000","3763.00000000","2024-06-07T18:01:20.095Z","sell","maker"
"0.03255000","1967.00000000","2024-06-07T18:01:18.094Z","buy","taker"
"0.03201000","2000.00000000","2024-06-07T18:01:10.139Z","sell","maker"
"0.03200000","50.00000000","2024-06-07T18:01:10.139Z","sell","maker"
"0.03195000","2004.00000000","2024-06-07T18:01:10.139Z","sell","maker"
"0.03189000","2007.00000000","2024-06-07T18:01:10.139Z","sell","maker"
"0.03219000","1989.00000000","2024-06-07T18:01:10.073Z","sell","maker"
"0.03213000","1992.00000000","2024-06-07T18:01:10.073Z","sell","maker"
"0.03207000","1996.00000000","2024-06-07T18:01:10.073Z","sell","maker"
"0.03225000","1985.00000000","2024-06-07T18:01:04.292Z","sell","maker"
"0.03231000","1981.00000000","2024-06-07T18:01:04.204Z","sell","maker"
"0.03237000","1978.00000000","2024-06-07T18:01:04.056Z","sell","maker"
"0.03243000","1974.00000000","2024-06-07T18:01:03.871Z","sell","maker"
"0.03222000","155.00000000","2024-06-07T18:01:03.871Z","sell","maker"
"0.03232000","415.00000000","2024-06-07T18:00:50.154Z","sell","maker"
"0.03276000","1954.00000000","2024-06-07T18:00:50.036Z","sell","maker"
"0.03269000","1958.00000000","2024-06-07T18:00:50.036Z","sell","maker"
"0.03262000","1962.00000000","2024-06-07T18:00:50.036Z","sell","maker"
"0.03255000","1967.00000000","2024-06-07T18:00:50.036Z","sell","maker"
"0.03249000","1970.00000000","2024-06-07T18:00:50.036Z","sell","maker"
"0.03283000","1950.00000000","2024-06-07T18:00:42.385Z","sell","maker"
"0.03290000","1946.00000000","2024-06-07T18:00:40.080Z","sell","maker"
"0.03296000","1942.00000000","2024-06-07T18:00:36.459Z","sell","maker"
"0.03302000","1939.00000000","2024-06-07T18:00:31.743Z","sell","maker"
"0.03308000","1935.00000000","2024-06-07T18:00:29.391Z","sell","maker"
"0.03314000","601.00000000","2024-06-07T15:52:22.817Z","buy","taker"
"0.03314000","603.00000000","2024-06-07T11:21:21.282Z","buy","taker"
"0.03314000","1106.00000000","2024-06-07T03:33:55.798Z","buy","taker"
"0.03314000","453.00000000","2024-06-06T12:13:17.720Z","buy","taker"
"0.03308000","379.00000000","2024-06-06T06:48:17.767Z","buy","taker"
"0.03302000","1939.00000000","2024-06-05T19:43:52.284Z","buy","taker"
"0.03296000","1942.00000000","2024-06-05T18:22:32.058Z","buy","taker"
"0.03296000","45.00000000","2024-06-05T11:50:54.954Z","buy","taker"
"0.03296000","1256.00000000","2024-06-05T10:44:00.651Z","buy","taker"
"0.03296000","45.00000000","2024-06-05T08:10:18.946Z","buy","taker"
"0.03290000","729.00000000","2024-06-05T02:16:18.036Z","buy","taker"
"0.03290000","303.00000000","2024-06-05T02:11:16.203Z","buy","taker"
"0.03290000","45.00000000","2024-06-04T21:34:01.807Z","buy","taker"
"0.03290000","45.00000000","2024-06-04T20:59:15.649Z","buy","taker"
"0.03290000","45.00000000","2024-06-04T13:15:53.001Z","buy","taker"
"0.03290000","1946.00000000","2024-06-04T08:06:04.863Z","sell","maker"
"0.03296000","1942.00000000","2024-06-04T08:06:04.502Z","sell","maker"
"0.03290000","1946.00000000","2024-06-04T08:06:04.481Z","sell","maker"
"0.03302000","1939.00000000","2024-06-04T01:15:13.532Z","sell","maker"
"0.03308000","1935.00000000","2024-06-04T00:19:55.903Z","sell","maker"
"0.03314000","1932.00000000","2024-06-04T00:19:53.545Z","sell","maker"
"0.03321000","1928.00000000","2024-06-04T00:18:53.300Z","sell","maker"
"0.03335000","44.00000000","2024-06-04T00:18:19.489Z","buy","taker"
"0.03328000","1924.00000000","2024-06-04T00:11:02.150Z","sell","maker"
"0.03342000","451.00000000","2024-06-04T00:00:22.330Z","buy","taker"
"0.03335000","1920.00000000","2024-06-03T23:36:02.174Z","sell","maker"
"0.03335000","81.00000000","2024-06-03T21:25:19.992Z","sell","maker"
"0.03349000","449.00000000","2024-06-03T06:00:32.360Z","buy","taker"
"0.03342000","451.00000000","2024-06-03T00:00:23.534Z","buy","taker"
"0.03342000","1916.00000000","2024-06-02T19:24:46.379Z","sell","maker"
"0.03335000","1113.00000000","2024-06-02T19:24:46.379Z","sell","maker"
"0.03349000","1912.00000000","2024-06-02T18:04:21.436Z","sell","maker"
"0.03356000","1908.00000000","2024-06-02T18:01:53.621Z","sell","maker"
"0.03358000","1192.00000000","2024-06-02T18:01:44.956Z","sell","maker"
"0.03362000","1904.00000000","2024-06-02T18:01:15.556Z","sell","maker"
"0.03369000","1900.00000000","2024-06-02T18:00:15.763Z","sell","maker"
"0.03375000","1897.00000000","2024-06-02T17:20:34.450Z","sell","maker"
"0.03381000","1893.00000000","2024-05-31T16:24:52.343Z","sell","maker"
"0.03381000","69.00000000","2024-05-31T09:21:42.634Z","sell","maker"
"0.03388000","1890.00000000","2024-05-31T05:25:27.237Z","sell","maker"
"0.03402000","446.00000000","2024-05-30T23:30:29.689Z","buy","taker"
"0.03388000","1890.00000000","2024-05-30T23:26:56.904Z","buy","taker"
"0.03395000","1158.00000000","2024-05-30T23:26:56.904Z","buy","taker"
"0.03388000","461.00000000","2024-05-30T18:36:34.829Z","buy","taker"
"0.03381000","1281.00000000","2024-05-30T18:08:59.434Z","buy","taker"
"0.03388000","163.00000000","2024-05-30T18:08:59.434Z","buy","taker"
"0.03381000","434.00000000","2024-05-30T18:08:37.784Z","buy","taker"
"0.03381000","35.00000000","2024-05-30T18:02:33.273Z","buy","taker"
"0.03381000","143.00000000","2024-05-30T18:02:30.969Z","buy","taker"
"0.03375000","573.00000000","2024-05-30T18:02:29.032Z","buy","taker"
"0.03369000","1900.00000000","2024-05-30T18:02:25.912Z","buy","taker"
"0.03375000","396.00000000","2024-05-30T18:02:25.912Z","buy","taker"
"0.03369000","458.00000000","2024-05-30T12:36:15.463Z","buy","taker"
"0.03369000","1900.00000000","2024-05-30T08:17:26.935Z","sell","maker"
"0.03369000","1897.00000000","2024-05-30T08:17:26.898Z","sell","maker"
"0.03375000","1897.00000000","2024-05-30T08:17:26.827Z","sell","maker"
"0.03369000","3.00000000","2024-05-30T08:17:26.827Z","sell","maker"
"0.03381000","1893.00000000","2024-05-30T07:53:04.202Z","sell","maker"
"0.03393000","590.00000000","2024-05-30T07:51:39.643Z","sell","maker"
"0.03388000","1890.00000000","2024-05-30T07:51:39.643Z","sell","maker"
"0.03395000","1886.00000000","2024-05-30T07:51:39.072Z","sell","maker"
"0.03402000","1882.00000000","2024-05-30T06:34:34.671Z","sell","maker"
"0.03409000","1878.00000000","2024-05-30T06:32:06.568Z","sell","maker"
"0.03416000","1874.00000000","2024-05-30T06:23:38.669Z","sell","maker"
"0.03423000","1870.00000000","2024-05-30T06:23:30.209Z","sell","maker"
"0.03428000","292.00000000","2024-05-30T06:23:18.172Z","sell","maker"
"0.03430000","1866.00000000","2024-05-30T06:07:15.960Z","sell","maker"
"0.03437000","1863.00000000","2024-05-30T06:05:54.401Z","sell","maker"
"0.03443000","1859.00000000","2024-05-30T06:05:33.849Z","sell","maker"
"0.03456000","69.00000000","2024-05-30T02:05:26.142Z","buy","taker"
"0.03456000","69.00000000","2024-05-30T00:09:49.180Z","buy","taker"
"0.03456000","69.00000000","2024-05-29T23:01:40.882Z","buy","taker"
"0.03456000","69.00000000","2024-05-29T22:01:51.123Z","buy","taker"
"0.03449000","1856.00000000","2024-05-29T21:30:07.898Z","sell","maker"
"0.03463000","145.00000000","2024-05-29T20:09:04.525Z","sell","maker"
"0.03456000","1852.00000000","2024-05-29T20:09:04.525Z","sell","maker"
"0.03484000","1837.00000000","2024-05-29T16:04:02.458Z","sell","maker"
"0.03477000","1841.00000000","2024-05-29T16:04:02.234Z","sell","maker"
"0.03484000","1398.00000000","2024-05-29T16:04:02.094Z","sell","maker"
"0.03477000","575.00000000","2024-05-29T16:04:02.094Z","sell","maker"
"0.03477000","719.00000000","2024-05-29T16:04:02.094Z","sell","maker"
"0.03477000","1841.00000000","2024-05-29T16:04:02.094Z","sell","maker"
"0.03484000","439.00000000","2024-05-29T16:00:38.904Z","sell","maker"
"0.03491000","1834.00000000","2024-05-29T14:10:48.387Z","buy","taker"
"0.03498000","1031.00000000","2024-05-29T14:10:48.387Z","buy","taker"
"0.03477000","71.00000000","2024-05-26T09:21:42.166Z","sell","maker"
"0.03477000","44.00000000","2024-05-25T09:21:41.407Z","sell","maker"
"0.03484000","1091.00000000","2024-05-25T06:48:24.398Z","buy","taker"
"0.03470000","728.00000000","2024-05-25T00:01:08.130Z","sell","maker"
"0.03484000","144.00000000","2024-05-24T22:51:24.097Z","buy","taker"
"0.03484000","90.00000000","2024-05-24T22:50:04.360Z","buy","taker"
"0.03477000","1841.00000000","2024-05-24T22:49:58.117Z","buy","taker"
"0.03477000","263.00000000","2024-05-24T03:18:56.155Z","buy","taker"
"0.03470000","1845.00000000","2024-05-24T00:47:46.880Z","buy","taker"
"0.03470000","439.00000000","2024-05-24T00:01:05.348Z","buy","taker"
"0.03470000","434.00000000","2024-05-24T00:00:48.063Z","buy","taker"
"0.03463000","1849.00000000","2024-05-23T20:00:42.351Z","sell","maker"
"0.03484000","1837.00000000","2024-05-23T20:00:40.511Z","sell","maker"
"0.03477000","1841.00000000","2024-05-23T20:00:40.511Z","sell","maker"
"0.03470000","1845.00000000","2024-05-23T20:00:40.511Z","sell","maker"
"0.03491000","1834.00000000","2024-05-23T20:00:34.820Z","sell","maker"
"0.03498000","1830.00000000","2024-05-23T20:00:32.219Z","sell","maker"
"0.03505000","1826.00000000","2024-05-23T20:00:30.044Z","sell","maker"
"0.03512000","1823.00000000","2024-05-23T18:23:27.852Z","sell","maker"
"0.03518000","1820.00000000","2024-05-23T18:22:43.560Z","sell","maker"
"0.03525000","1816.00000000","2024-05-23T18:11:20.206Z","sell","maker"
"0.03532000","1813.00000000","2024-05-23T18:06:38.218Z","sell","maker"
"0.03539000","1809.00000000","2024-05-23T18:06:09.363Z","sell","maker"
"0.03546000","1805.00000000","2024-05-23T13:50:35.966Z","sell","maker"
"0.03553000","1802.00000000","2024-05-23T13:50:35.482Z","sell","maker"
"0.03560000","1798.00000000","2024-05-23T13:50:34.816Z","sell","maker"
"0.03567000","1795.00000000","2024-05-23T13:50:32.928Z","sell","maker"
"0.03574000","1791.00000000","2024-05-23T13:50:29.985Z","sell","maker"
"0.03581000","1788.00000000","2024-05-23T13:50:27.531Z","sell","maker"
"0.03581000","278.00000000","2024-05-21T19:28:04.507Z","sell","maker"
"0.03588000","814.00000000","2024-05-21T00:00:25.617Z","buy","taker"
"0.03581000","1788.00000000","2024-05-20T23:27:30.595Z","buy","taker"
"0.03574000","2933.00000000","2024-05-20T21:55:11.617Z","buy","taker"
"0.03574000","1791.00000000","2024-05-20T21:55:11.617Z","buy","taker"
"0.03574000","139.00000000","2024-05-20T20:41:12.199Z","buy","taker"
"0.03567000","1795.00000000","2024-05-20T20:35:15.575Z","buy","taker"
"0.03560000","1798.00000000","2024-05-20T20:35:11.236Z","buy","taker"
"0.03547000","2847.00000000","2024-05-20T20:00:47.492Z","sell","maker"
"0.03553000","1802.00000000","2024-05-20T20:00:22.472Z","buy","taker"
"0.03546000","1805.00000000","2024-05-20T19:57:32.202Z","buy","taker"
"0.03539000","1668.00000000","2024-05-20T19:54:36.572Z","buy","taker"
"0.03539000","141.00000000","2024-05-20T19:44:14.814Z","buy","taker"
"0.03532000","1813.00000000","2024-05-20T19:36:05.767Z","buy","taker"
"0.03525000","1816.00000000","2024-05-20T19:33:16.970Z","buy","taker"
"0.03518000","1820.00000000","2024-05-20T19:31:02.144Z","buy","taker"
"0.03512000","1823.00000000","2024-05-20T19:30:49.269Z","buy","taker"
"0.03505000","1826.00000000","2024-05-20T19:25:35.871Z","buy","taker"
"0.03500000","17401.00000000","2024-05-20T19:25:18.742Z","buy","taker"
"0.03500000","41474.00000000","2024-05-20T19:25:16.107Z","buy","taker"
"0.03500000","3719.00000000","2024-05-20T19:25:16.107Z","buy","taker"
"0.03498000","1830.00000000","2024-05-20T19:24:35.734Z","buy","taker"
"0.03491000","1834.00000000","2024-05-20T19:23:54.583Z","buy","taker"
"0.03484000","1660.00000000","2024-05-20T16:19:35.591Z","buy","taker"
"0.03477000","1841.00000000","2024-05-20T16:19:18.786Z","buy","taker"
"0.03470000","1845.00000000","2024-05-20T16:19:14.604Z","buy","taker"
"0.03463000","1849.00000000","2024-05-20T01:36:26.201Z","sell","maker"
"0.03470000","1845.00000000","2024-05-20T01:34:05.525Z","sell","maker"
"0.03477000","1841.00000000","2024-05-20T01:31:09.311Z","sell","maker"
"0.03484000","1837.00000000","2024-05-20T00:25:29.544Z","sell","maker"
"0.03491000","1834.00000000","2024-05-20T00:23:25.948Z","sell","maker"
"0.03498000","1830.00000000","2024-05-18T11:21:03.415Z","buy","taker"
"0.03500000","1029.00000000","2024-05-18T11:21:03.415Z","buy","taker"
"0.03491000","1834.00000000","2024-05-18T04:00:49.994Z","buy","taker"
"0.03484000","1837.00000000","2024-05-18T03:24:20.495Z","buy","taker"
"0.03470000","68.00000000","2024-05-18T02:06:25.815Z","sell","maker"
"0.03470000","99.00000000","2024-05-17T21:22:52.295Z","sell","maker"
"0.03484000","169.00000000","2024-05-17T20:47:56.440Z","buy","taker"
"0.03463000","1849.00000000","2024-05-17T16:22:13.053Z","buy","taker"
"0.03456000","1852.00000000","2024-05-17T16:22:12.950Z","buy","taker"
"0.03456000","7.00000000","2024-05-17T16:22:12.924Z","buy","taker"
"0.03463000","1849.00000000","2024-05-17T16:22:12.924Z","buy","taker"
"0.03449000","1856.00000000","2024-05-17T16:22:12.863Z","buy","taker"
"0.03456000","1845.00000000","2024-05-17T16:22:12.863Z","buy","taker"
"0.03443000","1859.00000000","2024-05-17T15:52:12.348Z","buy","taker"
"0.03437000","1863.00000000","2024-05-17T15:29:47.415Z","buy","taker"
"0.03430000","1866.00000000","2024-05-17T15:22:43.074Z","buy","taker"
"0.03423000","1870.00000000","2024-05-17T15:22:07.001Z","buy","taker"
"0.03416000","1874.00000000","2024-05-17T15:15:47.720Z","buy","taker"
"0.03409000","1878.00000000","2024-05-17T14:59:42.613Z","buy","taker"
"0.03402000","1882.00000000","2024-05-17T12:49:49.270Z","buy","taker"
"0.03395000","1886.00000000","2024-05-17T12:32:24.352Z","buy","taker"
"0.03381000","139.00000000","2024-05-17T09:21:41.897Z","sell","maker"
"0.03388000","1890.00000000","2024-05-17T07:16:29.465Z","buy","taker"
"0.03381000","1893.00000000","2024-05-17T07:13:01.439Z","buy","taker"
"0.03375000","1897.00000000","2024-05-17T07:10:03.257Z","buy","taker"
"0.03369000","1900.00000000","2024-05-17T07:02:27.484Z","buy","taker"
"0.03362000","1904.00000000","2024-05-17T03:28:46.174Z","buy","taker"
"0.03409000","1878.00000000","2024-05-16T14:58:21.173Z","sell","maker"
"0.03402000","1882.00000000","2024-05-16T14:58:21.173Z","sell","maker"
"0.03395000","1886.00000000","2024-05-16T14:58:21.173Z","sell","maker"
"0.03388000","1890.00000000","2024-05-16T14:58:21.173Z","sell","maker"
"0.03381000","1893.00000000","2024-05-16T14:58:21.173Z","sell","maker"
"0.03375000","1897.00000000","2024-05-16T14:58:21.173Z","sell","maker"
"0.03369000","21205.00000000","2024-05-16T14:58:21.173Z","sell","maker"
"0.03369000","1900.00000000","2024-05-16T14:58:21.173Z","sell","maker"
"0.03362000","1904.00000000","2024-05-16T14:58:21.173Z","sell","maker"
"0.03356000","1573.00000000","2024-05-16T14:58:21.173Z","sell","maker"
"0.03402000","1882.00000000","2024-05-16T12:04:00.734Z","buy","taker"
"0.03409000","1878.00000000","2024-05-16T12:04:00.734Z","buy","taker"
"0.03416000","1874.00000000","2024-05-16T12:04:00.734Z","buy","taker"
"0.03423000","196.00000000","2024-05-16T12:04:00.734Z","buy","taker"
"0.03395000","1886.00000000","2024-05-15T20:00:24.975Z","buy","taker"
"0.03388000","1890.00000000","2024-05-15T19:57:56.367Z","buy","taker"
"0.03381000","1893.00000000","2024-05-15T19:43:00.811Z","buy","taker"
"0.03375000","1897.00000000","2024-05-15T18:26:28.040Z","buy","taker"
"0.03369000","1900.00000000","2024-05-15T17:32:05.601Z","buy","taker"
"0.03362000","1904.00000000","2024-05-15T17:10:59.034Z","buy","taker"
"0.03356000","1908.00000000","2024-05-15T17:05:00.288Z","buy","taker"
"0.03349000","1912.00000000","2024-05-15T16:15:03.026Z","buy","taker"
"0.03342000","1916.00000000","2024-05-15T16:13:44.871Z","buy","taker"
"0.03335000","1920.00000000","2024-05-15T15:00:49.283Z","buy","taker"
"0.03328000","1924.00000000","2024-05-15T14:45:35.050Z","buy","taker"
"0.03321000","1928.00000000","2024-05-15T14:40:06.965Z","buy","taker"
"0.03314000","1932.00000000","2024-05-15T14:30:45.677Z","buy","taker"
"0.03308000","1935.00000000","2024-05-15T13:33:02.564Z","buy","taker"
"0.03302000","1939.00000000","2024-05-15T13:32:32.725Z","buy","taker"
"0.03296000","1942.00000000","2024-05-15T13:29:41.421Z","buy","taker"
"0.03290000","1946.00000000","2024-05-15T13:28:26.657Z","buy","taker"
"0.03283000","1950.00000000","2024-05-15T13:16:53.942Z","buy","taker"
"0.03276000","1954.00000000","2024-05-15T13:15:28.815Z","buy","taker"
"0.03269000","1958.00000000","2024-05-15T13:13:47.199Z","buy","taker"
"0.03330000","90.00000000","2024-05-15T11:59:07.893Z","sell","maker"
"0.03262000","1962.00000000","2024-05-15T11:58:48.621Z","sell","maker"
"0.03269000","1958.00000000","2024-05-15T11:58:43.985Z","sell","maker"
"0.03276000","1954.00000000","2024-05-15T11:58:40.189Z","sell","maker"
"0.03283000","1950.00000000","2024-05-15T11:58:35.871Z","sell","maker"
"0.03290000","1946.00000000","2024-05-15T11:58:32.037Z","sell","maker"
"0.03296000","1942.00000000","2024-05-15T11:58:28.465Z","sell","maker"
"0.03302000","1939.00000000","2024-05-15T11:58:24.545Z","sell","maker"
"0.03308000","1935.00000000","2024-05-15T11:58:20.253Z","sell","maker"
"0.03314000","1932.00000000","2024-05-15T11:58:15.984Z","sell","maker"
"0.03321000","1928.00000000","2024-05-15T11:58:12.213Z","sell","maker"
"0.03328000","1924.00000000","2024-05-15T09:31:20.171Z","sell","maker"
"0.03342000","299.00000000","2024-05-14T21:01:25.768Z","buy","taker"
"0.03342000","90.00000000","2024-05-14T16:39:54.595Z","buy","taker"
"0.03335000","1725.00000000","2024-05-14T15:48:45.543Z","sell","maker"
"0.03342000","1916.00000000","2024-05-14T15:48:29.389Z","sell","maker"
"0.03349000","1912.00000000","2024-05-14T15:48:18.535Z","sell","maker"
"0.03356000","1908.00000000","2024-05-14T15:48:07.829Z","sell","maker"
"0.03362000","1904.00000000","2024-05-14T15:47:58.694Z","sell","maker"
"0.03369000","1900.00000000","2024-05-14T15:47:36.013Z","sell","maker"
"0.03375000","1897.00000000","2024-05-14T15:47:09.076Z","sell","maker"
"0.03381000","1893.00000000","2024-05-14T14:21:13.573Z","sell","maker"
"0.03381000","70.00000000","2024-05-14T09:21:41.964Z","sell","maker"
"0.03388000","1890.00000000","2024-05-14T01:15:50.342Z","sell","maker"
"0.03395000","1886.00000000","2024-05-14T01:15:41.631Z","sell","maker"
"0.03402000","1882.00000000","2024-05-14T01:14:17.981Z","sell","maker"
"0.03409000","1878.00000000","2024-05-14T01:14:05.169Z","sell","maker"
"0.03416000","1874.00000000","2024-05-14T01:13:55.534Z","sell","maker"
"0.03423000","1870.00000000","2024-05-14T01:13:40.765Z","sell","maker"
"0.03430000","1866.00000000","2024-05-13T18:59:16.085Z","sell","maker"
"0.03437000","1863.00000000","2024-05-13T18:59:15.972Z","sell","maker"
"0.03443000","1859.00000000","2024-05-13T16:38:22.093Z","buy","taker"
"0.03437000","1860.00000000","2024-05-13T16:37:56.662Z","buy","taker"
"0.03430000","1866.00000000","2024-05-13T16:33:14.517Z","buy","taker"
"0.03423000","1870.00000000","2024-05-13T16:31:40.646Z","buy","taker"
"0.03416000","1874.00000000","2024-05-13T16:14:33.176Z","buy","taker"
"0.03409000","13552.00000000","2024-05-13T16:13:21.291Z","buy","taker"
"0.03409000","1878.00000000","2024-05-13T16:12:56.984Z","buy","taker"
"0.03409000","1874.00000000","2024-05-13T16:12:56.874Z","buy","taker"
"0.03409000","1870.00000000","2024-05-13T16:12:56.775Z","buy","taker"
"0.03409000","1866.00000000","2024-05-13T16:12:56.666Z","buy","taker"
"0.03395000","1886.00000000","2024-05-13T16:12:43.127Z","buy","taker"
"0.03388000","1890.00000000","2024-05-13T16:12:42.092Z","buy","taker"
"0.03381000","1893.00000000","2024-05-13T16:12:41.889Z","buy","taker"
"0.03375000","1897.00000000","2024-05-13T16:12:41.709Z","buy","taker"
"0.03369000","1900.00000000","2024-05-13T16:12:41.540Z","buy","taker"
"0.03362000","1904.00000000","2024-05-13T16:12:41.452Z","buy","taker"
"0.03375000","15.00000000","2024-05-13T16:12:41.353Z","buy","taker"
"0.03381000","1893.00000000","2024-05-13T16:12:41.353Z","buy","taker"
"0.03388000","1890.00000000","2024-05-13T16:12:41.353Z","buy","taker"
"0.03395000","1886.00000000","2024-05-13T16:12:41.353Z","buy","taker"
"0.03356000","1908.00000000","2024-05-13T16:12:41.352Z","buy","taker"
"0.03362000","1904.00000000","2024-05-13T16:12:41.352Z","buy","taker"
"0.03369000","1900.00000000","2024-05-13T16:12:41.352Z","buy","taker"
"0.03375000","1882.00000000","2024-05-13T16:12:41.352Z","buy","taker"
"0.03349000","1912.00000000","2024-05-13T15:58:03.200Z","buy","taker"
"0.03342000","1916.00000000","2024-05-13T14:10:28.317Z","buy","taker"
"0.03335000","1920.00000000","2024-05-13T14:07:04.865Z","buy","taker"
"0.03328000","1924.00000000","2024-05-13T13:59:27.981Z","buy","taker"
"0.03321000","1928.00000000","2024-05-13T09:26:59.366Z","buy","taker"
"0.03314000","1932.00000000","2024-05-13T09:25:29.554Z","buy","taker"
"0.03308000","1935.00000000","2024-05-13T08:44:19.820Z","buy","taker"
"0.03307000","386.00000000","2024-05-13T02:38:49.397Z","sell","maker"
"0.03302000","1553.00000000","2024-05-13T02:38:49.397Z","sell","maker"
"0.03308000","1935.00000000","2024-05-13T02:35:20.035Z","sell","maker"
"0.03314000","1932.00000000","2024-05-13T02:35:13.378Z","sell","maker"
"0.03321000","1928.00000000","2024-05-13T02:35:06.893Z","sell","maker"
"0.03328000","1924.00000000","2024-05-13T02:35:02.813Z","sell","maker"
"0.03335000","1920.00000000","2024-05-13T02:34:58.811Z","sell","maker"
"0.03338000","660.00000000","2024-05-13T02:34:54.845Z","sell","maker"
"0.03342000","1916.00000000","2024-05-13T02:34:50.528Z","sell","maker"
"0.03349000","1912.00000000","2024-05-13T02:34:45.549Z","sell","maker"
"0.03356000","1908.00000000","2024-05-13T02:34:41.844Z","sell","maker"
"0.03362000","1904.00000000","2024-05-13T02:34:38.642Z","sell","maker"
"0.03369000","1900.00000000","2024-05-13T02:34:35.226Z","sell","maker"
"0.03375000","1897.00000000","2024-05-13T02:33:39.985Z","sell","maker"
"0.03381000","1893.00000000","2024-05-13T02:30:53.877Z","sell","maker"
"0.03382000","360.00000000","2024-05-13T02:30:53.833Z","sell","maker"
"0.03388000","1890.00000000","2024-05-13T02:28:01.401Z","sell","maker"
"0.03395000","1886.00000000","2024-05-13T02:22:12.685Z","sell","maker"
"0.03402000","1882.00000000","2024-05-12T23:41:21.966Z","sell","maker"
"0.03395000","82.00000000","2024-05-12T23:41:21.966Z","sell","maker"
"0.03409000","562.00000000","2024-05-11T11:21:04.738Z","buy","taker"
"0.03402000","1882.00000000","2024-05-11T11:16:38.514Z","sell","maker"
"0.03409000","785.00000000","2024-05-11T11:16:35.093Z","sell","maker"
"0.03409000","1093.00000000","2024-05-11T11:16:26.163Z","sell","maker"
"0.03416000","1874.00000000","2024-05-11T11:16:22.436Z","sell","maker"
"0.03423000","1870.00000000","2024-05-11T11:16:16.730Z","sell","maker"
"0.03430000","1866.00000000","2024-05-11T11:16:14.911Z","sell","maker"
"0.03437000","1863.00000000","2024-05-11T11:16:11.111Z","sell","maker"
"0.03443000","1859.00000000","2024-05-11T11:16:06.412Z","sell","maker"
"0.03449000","1856.00000000","2024-05-11T11:16:03.266Z","sell","maker"
"0.03458000","335.00000000","2024-05-11T11:15:49.678Z","sell","maker"
"0.03456000","1517.00000000","2024-05-11T11:15:49.678Z","sell","maker"
"0.03505000","1826.00000000","2024-05-11T11:09:14.178Z","sell","maker"
"0.03498000","1830.00000000","2024-05-11T11:09:14.178Z","sell","maker"
"0.03491000","1834.00000000","2024-05-11T11:09:14.178Z","sell","maker"
"0.03484000","1837.00000000","2024-05-11T11:09:14.178Z","sell","maker"
"0.03477000","1841.00000000","2024-05-11T11:09:14.178Z","sell","maker"
"0.03470000","1845.00000000","2024-05-11T11:09:14.178Z","sell","maker"
"0.03463000","1849.00000000","2024-05-11T11:09:14.178Z","sell","maker"
"0.03512000","1823.00000000","2024-05-10T20:25:45.147Z","sell","maker"
"0.03518000","1820.00000000","2024-05-10T20:25:29.680Z","sell","maker"
"0.03525000","1816.00000000","2024-05-10T20:21:39.746Z","sell","maker"
"0.03533000","257.00000000","2024-05-10T20:21:24.819Z","sell","maker"
"0.03532000","1813.00000000","2024-05-10T20:21:24.819Z","sell","maker"
"0.03533000","56.00000000","2024-05-10T18:37:37.504Z","sell","maker"
"0.03539000","1809.00000000","2024-05-10T17:51:30.054Z","sell","maker"
"0.03546000","1805.00000000","2024-05-10T17:26:09.246Z","sell","maker"
"0.03553000","1802.00000000","2024-05-10T17:24:51.202Z","sell","maker"
"0.03560000","1798.00000000","2024-05-10T17:18:16.270Z","sell","maker"
"0.03567000","1795.00000000","2024-05-10T17:18:14.870Z","sell","maker"
"0.03574000","1791.00000000","2024-05-10T16:46:05.107Z","sell","maker"
"0.03581000","1788.00000000","2024-05-10T16:36:14.864Z","sell","maker"
"0.03588000","1784.00000000","2024-05-10T16:34:30.692Z","sell","maker"
"0.03595000","1781.00000000","2024-05-10T15:35:52.772Z","buy","taker"