"price","volume","time","side","orderType"
"0.20820000","283.00000000","2023-12-05T19:03:28.191Z","buy",
"0.20830000","190.00000000","2023-12-05T19:03:28.191Z","buy",
"0.20840000","60.00000000","2023-12-05T19:03:28.191Z","buy",
"0.21020000","19.00000000","2023-12-05T19:02:58.732Z","sell",
"0.20820000","5937.00000000","2023-12-05T18:59:01.929Z","buy",
"0.20820000","2827.00000000","2023-12-05T18:58:56.483Z","buy",
"0.20830000","190.00000000","2023-12-05T18:58:56.483Z","buy",
"0.21030000","2.00000000","2023-12-05T18:57:33.543Z","sell",
"0.20820000","2665.00000000","2023-12-05T18:56:26.195Z","buy",
"0.20820000","267.00000000","2023-12-05T18:56:25.227Z","buy",
"0.20830000","190.00000000","2023-12-05T18:56:25.227Z","buy",
"0.20830000","100.00000000","2023-12-05T18:56:25.227Z","buy",
"0.20830000","200.00000000","2023-12-05T18:56:25.227Z","buy",
"0.20840000","200.00000000","2023-12-05T18:56:25.227Z","buy",
"0.20850000","80.00000000","2023-12-05T18:56:25.227Z","buy",
"0.20820000","1136.00000000","2023-12-05T18:55:28.218Z","buy",
"0.20830000","200.00000000","2023-12-05T18:55:28.218Z","buy",
"0.20830000","100.00000000","2023-12-05T18:55:28.218Z","buy",
"0.20840000","200.00000000","2023-12-05T18:55:28.218Z","buy",
"0.20850000","190.00000000","2023-12-05T18:55:28.218Z","buy",
"0.20860000","80.00000000","2023-12-05T18:55:28.218Z","buy",
"0.20870000","94.00000000","2023-12-05T18:55:28.218Z","buy",
"0.20870000","27.00000000","2023-12-05T18:55:00.551Z","buy",
"0.20870000","267.00000000","2023-12-05T18:53:39.919Z","buy",
"0.20870000","5.00000000","2023-12-05T18:51:54.259Z","buy",
"0.21040000","338.00000000","2023-12-05T18:51:36.823Z","sell",
"0.21030000","200.00000000","2023-12-05T18:51:36.823Z","sell",
"0.21030000","100.00000000","2023-12-05T18:51:36.823Z","sell",
"0.21000000","111.00000000","2023-12-05T18:51:36.823Z","sell",
"0.21000000","168.00000000","2023-12-05T18:51:36.823Z","sell",
"0.20990000","200.00000000","2023-12-05T18:51:36.823Z","sell",
"0.20980000","129.00000000","2023-12-05T18:51:36.823Z","sell",
"0.20950000","80.00000000","2023-12-05T18:51:36.823Z","sell",
"0.20940000","190.00000000","2023-12-05T18:51:36.823Z","sell",
"0.20930000","342.00000000","2023-12-05T18:51:36.823Z","sell",
"0.20960000","46.00000000","2023-12-05T18:49:52.408Z","sell",
"0.20980000","195.00000000","2023-12-05T18:49:23.871Z","sell",
"0.20980000","130.00000000","2023-12-05T18:49:23.871Z","sell",
"0.20930000","51.00000000","2023-12-05T18:49:23.871Z","sell",
"0.20900000","169.00000000","2023-12-05T18:49:23.871Z","sell",
"0.20900000","202.00000000","2023-12-05T18:49:23.871Z","sell",
"0.20870000","326.00000000","2023-12-05T18:49:23.871Z","sell",
"0.20860000","100.00000000","2023-12-05T18:49:23.871Z","sell",
"0.20850000","200.00000000","2023-12-05T18:49:23.871Z","sell",
"0.20760000","327.00000000","2023-12-05T18:49:23.871Z","sell",
"0.20750000","200.00000000","2023-12-05T18:49:23.871Z","sell",
"0.20750000","190.00000000","2023-12-05T18:49:23.871Z","sell",
"0.20740000","80.00000000","2023-12-05T18:49:23.871Z","sell",
"0.20700000","171.00000000","2023-12-05T18:49:23.871Z","sell",
"0.20430000","34271.00000000","2023-12-05T18:46:32.749Z","buy",
"0.20430000","202.00000000","2023-12-05T18:46:32.749Z","buy",
"0.20440000","171.00000000","2023-12-05T18:46:32.749Z","buy",
"0.20500000","327.00000000","2023-12-05T18:46:32.749Z","buy",
"0.20610000","326.00000000","2023-12-05T18:46:32.749Z","buy",
"0.20620000","100.00000000","2023-12-05T18:46:32.749Z","buy",
"0.20640000","200.00000000","2023-12-05T18:46:32.749Z","buy",
"0.20640000","169.00000000","2023-12-05T18:46:32.749Z","buy",
"0.20650000","190.00000000","2023-12-05T18:46:32.749Z","buy",
"0.20650000","80.00000000","2023-12-05T18:46:32.749Z","buy",
"0.20660000","388.00000000","2023-12-05T18:46:32.749Z","buy",
"0.20930000","396.00000000","2023-12-05T18:46:25.032Z","sell",
"0.20900000","169.00000000","2023-12-05T18:46:25.032Z","sell",
"0.20870000","326.00000000","2023-12-05T18:46:25.032Z","sell",
"0.20860000","100.00000000","2023-12-05T18:46:25.032Z","sell",
"0.20800000","170.00000000","2023-12-05T18:46:25.032Z","sell",
"0.20760000","327.00000000","2023-12-05T18:46:25.032Z","sell",
"0.20750000","200.00000000","2023-12-05T18:46:25.032Z","sell",
"0.20740000","80.00000000","2023-12-05T18:46:25.032Z","sell",
"0.20720000","190.00000000","2023-12-05T18:46:25.032Z","sell",
"0.20710000","388.00000000","2023-12-05T18:46:25.032Z","sell",
"0.20460000","447.00000000","2023-12-05T18:45:43.751Z","buy",
"0.20470000","731.00000000","2023-12-05T18:45:43.751Z","buy",
"0.20500000","327.00000000","2023-12-05T18:45:43.751Z","buy",
"0.20510000","130.00000000","2023-12-05T18:45:43.751Z","buy",
"0.20540000","170.00000000","2023-12-05T18:45:43.751Z","buy",
"0.20570000","354.00000000","2023-12-05T18:45:43.751Z","buy",
"0.20610000","326.00000000","2023-12-05T18:45:43.751Z","buy",
"0.20640000","169.00000000","2023-12-05T18:45:43.751Z","buy",
"0.20720000","324.00000000","2023-12-05T18:45:43.751Z","buy",
"0.20740000","168.00000000","2023-12-05T18:45:43.751Z","buy",
"0.20830000","322.00000000","2023-12-05T18:45:43.751Z","buy",
"0.21000000","10000.00000000","2023-12-05T18:45:43.751Z","buy",
"0.21000000","90439.00000000","2023-12-05T18:45:43.751Z","buy",
"0.21000000","603.00000000","2023-12-05T18:45:36.552Z","buy",
"0.21000000","8958.00000000","2023-12-05T18:45:30.485Z","buy",
"0.21010000","200.00000000","2023-12-05T18:45:30.485Z","buy",
"0.21010000","190.00000000","2023-12-05T18:45:30.485Z","buy",
"0.21020000","200.00000000","2023-12-05T18:45:30.485Z","buy",
"0.21040000","104.00000000","2023-12-05T18:45:12.039Z","sell",
"0.21010000","27.00000000","2023-12-05T18:44:30.794Z","buy",
"0.21040000","250.00000000","2023-12-05T18:44:12.206Z","sell",
"0.21190000","186.00000000","2023-12-05T18:44:03.139Z","sell",
"0.21100000","322.00000000","2023-12-05T18:44:03.139Z","sell",
"0.21090000","190.00000000","2023-12-05T18:44:03.139Z","sell",
"0.21080000","80.00000000","2023-12-05T18:44:03.139Z","sell",
"0.21080000","200.00000000","2023-12-05T18:44:03.139Z","sell",
"0.21000000","168.00000000","2023-12-05T18:44:03.139Z","sell",
"0.20990000","169.00000000","2023-12-05T18:43:59.161Z","buy",
"0.20990000","170.00000000","2023-12-05T18:43:58.238Z","buy",
"0.20990000","327.00000000","2023-12-05T18:43:58.162Z","buy",
"0.20990000","326.00000000","2023-12-05T18:43:57.572Z","buy",
"0.20990000","324.00000000","2023-12-05T18:43:56.814Z","buy",
"0.21000000","130.00000000","2023-12-05T18:43:55.215Z","buy",
"0.20500000","500.00000000","2023-12-05T18:43:48.423Z","buy",
"0.20500000","327.00000000","2023-12-05T18:43:48.423Z","buy",
"0.20510000","130.00000000","2023-12-05T18:43:48.423Z","buy",
"0.20530000","60.00000000","2023-12-05T18:43:48.423Z","buy",
"0.20540000","170.00000000","2023-12-05T18:43:48.423Z","buy",
"0.20570000","354.00000000","2023-12-05T18:43:48.423Z","buy",
"0.20610000","326.00000000","2023-12-05T18:43:48.423Z","buy",
"0.20630000","1298.00000000","2023-12-05T18:43:48.423Z","buy",
"0.20640000","649.00000000","2023-12-05T18:43:48.423Z","buy",
"0.20640000","212.00000000","2023-12-05T18:43:48.423Z","buy",
"0.20640000","169.00000000","2023-12-05T18:43:48.423Z","buy",
"0.20720000","324.00000000","2023-12-05T18:43:48.423Z","buy",
"0.20730000","2159.00000000","2023-12-05T18:43:48.423Z","buy",
"0.20740000","199.00000000","2023-12-05T18:43:48.423Z","buy",
"0.20740000","168.00000000","2023-12-05T18:43:48.423Z","buy",
"0.20770000","441.00000000","2023-12-05T18:43:48.423Z","buy",
"0.20820000","128.00000000","2023-12-05T18:43:48.423Z","buy",
"0.20830000","322.00000000","2023-12-05T18:43:48.423Z","buy",
"0.20880000","349.00000000","2023-12-05T18:43:48.423Z","buy",
"0.20940000","321.00000000","2023-12-05T18:43:48.423Z","buy",
"0.20950000","166.00000000","2023-12-05T18:43:48.423Z","buy",
"0.20980000","4630.00000000","2023-12-05T18:43:48.423Z","buy",
"0.20990000","10000.00000000","2023-12-05T18:43:48.423Z","buy",
"0.20990000","59459.00000000","2023-12-05T18:43:48.423Z","buy",
"0.21010000","190.00000000","2023-12-05T18:43:48.423Z","buy",
"0.20990000","173.00000000","2023-12-05T18:43:31.945Z","buy",
"0.21010000","190.00000000","2023-12-05T18:43:31.945Z","buy",
"0.20990000","10909.00000000","2023-12-05T18:43:10.762Z","buy",
"0.21000000","200.00000000","2023-12-05T18:43:10.762Z","buy",
"0.21000000","100.00000000","2023-12-05T18:43:10.762Z","buy",
"0.21010000","200.00000000","2023-12-05T18:43:10.762Z","buy",
"0.21010000","190.00000000","2023-12-05T18:43:10.762Z","buy",
"0.21020000","80.00000000","2023-12-05T18:43:10.762Z","buy",
"0.21220000","1777.00000000","2023-12-05T18:42:23.565Z","buy",
"0.21220000","190.00000000","2023-12-05T18:42:21.599Z","buy",
"0.21220000","190.00000000","2023-12-05T18:42:21.592Z","buy",
"0.21220000","190.00000000","2023-12-05T18:42:21.585Z","buy",
"0.21200000","5880.00000000","2023-12-05T18:41:41.147Z","sell",
"0.21190000","100.00000000","2023-12-05T18:41:41.147Z","sell",
"0.21190000","200.00000000","2023-12-05T18:41:41.147Z","sell",
"0.21190000","190.00000000","2023-12-05T18:41:41.147Z","sell",
"0.21180000","200.00000000","2023-12-05T18:41:41.147Z","sell",
"0.21180000","80.00000000","2023-12-05T18:41:41.147Z","sell",
"0.21220000","9757.00000000","2023-12-05T18:41:39.310Z","buy",
"0.21220000","243.00000000","2023-12-05T18:41:39.125Z","buy",
"0.20980000","27529.00000000","2023-12-05T18:41:37.607Z","buy",
"0.21200000","35182.00000000","2023-12-05T18:41:37.607Z","buy",
"0.21220000","3228.00000000","2023-12-05T18:41:37.607Z","buy",
"0.21220000","6772.00000000","2023-12-05T18:39:57.114Z","sell",
"0.21220000","3324.00000000","2023-12-05T18:39:55.277Z","buy",
"0.21220000","2634.00000000","2023-12-05T18:35:47.646Z","buy",
"0.21220000","3000.00000000","2023-12-05T18:35:32.885Z","buy",
"0.21220000","12.00000000","2023-12-05T18:34:51.722Z","buy",
"0.21220000","167.00000000","2023-12-05T18:34:29.545Z","buy",
"0.21220000","863.00000000","2023-12-05T18:34:13.121Z","buy",
"0.21220000","1001.00000000","2023-12-05T18:34:13.121Z","buy",
"0.21230000","60.00000000","2023-12-05T18:34:13.121Z","buy",
"0.21300000","5.00000000","2023-12-05T18:32:52.835Z","sell",
"0.21220000","104.00000000","2023-12-05T18:32:24.815Z","buy",
"0.21220000","351.00000000","2023-12-05T18:31:26.222Z","buy",
"0.21230000","100.00000000","2023-12-05T18:31:26.222Z","buy",
"0.21230000","200.00000000","2023-12-05T18:31:26.222Z","buy",
"0.21240000","200.00000000","2023-12-05T18:31:26.222Z","buy",
"0.21250000","80.00000000","2023-12-05T18:31:26.222Z","buy",
"0.21220000","166.00000000","2023-12-05T18:31:18.096Z","sell",
"0.21210000","321.00000000","2023-12-05T18:31:18.096Z","sell",
"0.21200000","1275.00000000","2023-12-05T18:29:34.913Z","buy",
"0.21200000","335.00000000","2023-12-05T18:29:32.553Z","sell",
"0.21190000","658.00000000","2023-12-05T18:29:32.553Z","sell",
"0.21180000","200.00000000","2023-12-05T18:29:32.553Z","sell",
"0.21180000","100.00000000","2023-12-05T18:29:32.553Z","sell",
"0.21170000","266.00000000","2023-12-05T18:29:32.553Z","sell",
"0.21160000","80.00000000","2023-12-05T18:29:32.553Z","sell",
"0.21160000","200.00000000","2023-12-05T18:29:32.553Z","sell",
"0.21150000","190.00000000","2023-12-05T18:29:32.553Z","sell",
"0.21010000","750.00000000","2023-12-05T18:29:17.891Z","buy",
"0.21010000","1.00000000","2023-12-05T18:27:15.009Z","buy",
"0.21140000","47.00000000","2023-12-05T18:27:14.271Z","sell",
"0.21010000","61.00000000","2023-12-05T18:27:00.600Z","buy",
"0.21010000","9.00000000","2023-12-05T18:26:56.301Z","buy",
"0.21080000","70.00000000","2023-12-05T18:26:11.928Z","sell",
"0.21080000","325.00000000","2023-12-05T18:26:11.928Z","sell",
"0.21060000","243.00000000","2023-12-05T18:26:11.928Z","sell",
"0.21040000","3212.00000000","2023-12-05T18:26:11.928Z","sell",
"0.21030000","768.00000000","2023-12-05T18:26:11.928Z","sell",
"0.21010000","2.00000000","2023-12-05T18:26:01.950Z","buy",
"0.21040000","29.00000000","2023-12-05T18:25:29.148Z","sell",
"0.21010000","736.00000000","2023-12-05T18:25:20.109Z","buy",
"0.21010000","3808.00000000","2023-12-05T18:24:27.415Z","buy",
"0.21010000","38015.00000000","2023-12-05T18:22:37.670Z","buy",
"0.21010000","2000.00000000","2023-12-05T18:22:21.858Z","buy",
"0.21010000","16870.00000000","2023-12-05T18:22:06.041Z","buy",
"0.21010000","2158.00000000","2023-12-05T18:21:31.401Z","buy",
"0.21010000","957.00000000","2023-12-05T18:20:20.801Z","buy",
"0.21100000","232.00000000","2023-12-05T18:19:16.462Z","sell",
"0.21010000","854.00000000","2023-12-05T18:19:15.180Z","buy",
"0.21050000","154.00000000","2023-12-05T18:19:15.180Z","buy",
"0.21050000","60.00000000","2023-12-05T18:19:04.638Z","buy",
"0.21050000","18.00000000","2023-12-05T18:18:23.690Z","buy",
"0.21050000","133.00000000","2023-12-05T18:16:17.940Z","buy",
"0.21050000","137.00000000","2023-12-05T18:15:44.356Z","buy",
"0.21050000","314.00000000","2023-12-05T18:15:00.214Z","buy",
"0.21050000","130.00000000","2023-12-05T18:12:58.038Z","buy",
"0.21000000","1555.00000000","2023-12-05T18:12:12.571Z","buy",
"0.21010000","200.00000000","2023-12-05T18:12:12.571Z","buy",
"0.21020000","80.00000000","2023-12-05T18:12:12.571Z","buy",
"0.21090000","106.00000000","2023-12-05T18:10:13.099Z","sell",
"0.21080000","200.00000000","2023-12-05T18:10:13.099Z","sell",
"0.21070000","80.00000000","2023-12-05T18:10:13.099Z","sell",
"0.21070000","130.00000000","2023-12-05T18:10:13.099Z","sell",
"0.21000000","517.00000000","2023-12-05T18:10:07.806Z","buy",
"0.21000000","110.00000000","2023-12-05T18:09:41.532Z","buy",
"0.21000000","218.00000000","2023-12-05T18:09:41.532Z","buy",
"0.21000000","17879.00000000","2023-12-05T18:09:21.580Z","buy",
"0.21000000","1099.00000000","2023-12-05T18:09:00.806Z","buy",
"0.21000000","8907.00000000","2023-12-05T18:08:30.527Z","buy",
"0.21000000","125.00000000","2023-12-05T18:07:47.411Z","buy",
"0.20980000","741.00000000","2023-12-05T18:06:33.789Z","buy",
"0.20910000","2829.00000000","2023-12-05T18:04:04.141Z","buy",
"0.20920000","152.00000000","2023-12-05T18:04:04.141Z","buy",
"0.21040000","9.00000000","2023-12-05T18:03:44.605Z","sell",
"0.21060000","143.00000000","2023-12-05T18:03:30.956Z","sell",
"0.20900000","110.00000000","2023-12-05T18:02:06.362Z","buy",
"0.20900000","1796.00000000","2023-12-05T18:02:05.726Z","buy",
"0.20910000","34.00000000","2023-12-05T18:02:05.726Z","buy",
"0.21050000","34.00000000","2023-12-05T18:01:31.105Z","sell",
"0.20980000","35.00000000","2023-12-05T18:01:26.065Z","buy",
"0.20980000","36.00000000","2023-12-05T18:01:23.131Z","buy",
"0.20980000","9051.00000000","2023-12-05T18:01:23.022Z","buy",
"0.20900000","87225.00000000","2023-12-05T18:01:01.313Z","buy",
"0.20940000","321.00000000","2023-12-05T18:01:01.313Z","buy",
"0.20980000","1667.00000000","2023-12-05T18:01:01.313Z","buy",
"0.20980000","2915.00000000","2023-12-05T18:01:01.313Z","buy",
"0.20980000","514.00000000","2023-12-05T17:59:32.500Z","buy",
"0.20980000","823.00000000","2023-12-05T17:57:18.121Z","buy",
"0.20980000","2588.00000000","2023-12-05T17:57:06.548Z","buy",
"0.20980000","2024.00000000","2023-12-05T17:56:26.983Z","buy",
"0.20990000","98.00000000","2023-12-05T17:56:26.983Z","buy",
"0.20980000","262.00000000","2023-12-05T17:55:48.801Z","buy",
"0.20980000","874.00000000","2023-12-05T17:54:06.732Z","buy",
"0.20990000","200.00000000","2023-12-05T17:54:06.732Z","buy",
"0.20990000","42.00000000","2023-12-05T17:53:19.764Z","buy",
"0.20990000","100.00000000","2023-12-05T17:53:19.764Z","buy",
"0.20990000","190.00000000","2023-12-05T17:53:19.764Z","buy",
"0.21000000","200.00000000","2023-12-05T17:53:19.764Z","buy",
"0.21010000","80.00000000","2023-12-05T17:53:19.764Z","buy",
"0.21060000","388.00000000","2023-12-05T17:53:19.764Z","buy",
"0.21180000","14.00000000","2023-12-05T17:47:16.030Z","sell",
"0.21240000","395.00000000","2023-12-05T17:46:49.138Z","sell",
"0.21230000","2378.00000000","2023-12-05T17:46:49.138Z","sell",
"0.21220000","200.00000000","2023-12-05T17:46:49.138Z","sell",
"0.21220000","100.00000000","2023-12-05T17:46:49.138Z","sell",
"0.21210000","80.00000000","2023-12-05T17:46:49.138Z","sell",
"0.21160000","49.00000000","2023-12-05T17:46:49.138Z","sell",
"0.21140000","190.00000000","2023-12-05T17:46:49.138Z","sell",
"0.21090000","1164.00000000","2023-12-05T17:46:49.138Z","sell",
"0.21080000","200.00000000","2023-12-05T17:46:49.138Z","sell",
"0.20950000","4757.00000000","2023-12-05T17:46:44.390Z","buy",
"0.20950000","166.00000000","2023-12-05T17:46:44.390Z","buy",
"0.20970000","190.00000000","2023-12-05T17:46:44.390Z","buy",
"0.21000000","237.00000000","2023-12-05T17:46:44.390Z","buy",
"0.21050000","319.00000000","2023-12-05T17:46:44.390Z","buy",
"0.21060000","166.00000000","2023-12-05T17:46:44.390Z","buy",
"0.21070000","188.00000000","2023-12-05T17:46:44.390Z","buy",
"0.21070000","19.00000000","2023-12-05T17:45:52.407Z","buy",
"0.21110000","3.00000000","2023-12-05T17:44:07.747Z","buy",
"0.21110000","27.00000000","2023-12-05T17:44:03.019Z","buy",
"0.21110000","100.00000000","2023-12-05T17:43:50.555Z","buy",
"0.21110000","30.00000000","2023-12-05T17:43:37.976Z","buy",
"0.21110000","36.00000000","2023-12-05T17:43:27.070Z","buy",
"0.21110000","36.00000000","2023-12-05T17:43:24.208Z","buy",
"0.21110000","27.00000000","2023-12-05T17:43:20.922Z","buy",
"0.21160000","211.00000000","2023-12-05T17:43:20.907Z","buy",
"0.21180000","1354.00000000","2023-12-05T17:40:29.362Z","buy",
"0.21180000","388.00000000","2023-12-05T17:40:29.362Z","buy",
"0.21200000","388.00000000","2023-12-05T17:40:29.362Z","buy",
"0.21210000","100.00000000","2023-12-05T17:40:29.362Z","buy",
"0.21210000","200.00000000","2023-12-05T17:40:29.362Z","buy",
"0.21220000","200.00000000","2023-12-05T17:40:29.362Z","buy",
"0.21250000","60.00000000","2023-12-05T17:40:29.362Z","buy",
"0.21250000","369.00000000","2023-12-05T17:40:29.362Z","buy",
"0.21250000","19.00000000","2023-12-05T17:40:28.123Z","buy",
"0.21260000","14.00000000","2023-12-05T17:40:24.063Z","buy",
"0.21300000","34.00000000","2023-12-05T17:40:20.066Z","buy",
"0.21420000","211.00000000","2023-12-05T17:36:03.141Z","sell",
"0.21380000","1570.00000000","2023-12-05T17:36:03.141Z","sell",
"0.21370000","2528.00000000","2023-12-05T17:36:03.141Z","sell",
"0.21360000","2491.00000000","2023-12-05T17:36:03.141Z","sell",
"0.21350000","100.00000000","2023-12-05T17:36:03.141Z","sell",
"0.21330000","166.00000000","2023-12-05T17:36:03.141Z","sell",
"0.21310000","202.00000000","2023-12-05T17:36:03.141Z","sell",
"0.21300000","212.00000000","2023-12-05T17:36:03.141Z","sell",
"0.21300000","134.00000000","2023-12-05T17:36:03.141Z","sell",
"0.21290000","200.00000000","2023-12-05T17:36:03.141Z","sell",
"0.21290000","80.00000000","2023-12-05T17:36:03.141Z","sell",
"0.21290000","200.00000000","2023-12-05T17:36:03.141Z","sell",
"0.21290000","190.00000000","2023-12-05T17:36:03.141Z","sell",
"0.21240000","263.00000000","2023-12-05T17:36:03.141Z","sell",
"0.21060000","8548.00000000","2023-12-05T17:35:57.641Z","buy",
"0.21070000","40.00000000","2023-12-05T17:33:33.229Z","buy",
"0.21060000","758.00000000","2023-12-05T17:33:09.263Z","buy",
"0.21060000","16.00000000","2023-12-05T17:32:45.549Z","buy",
"0.21060000","166.00000000","2023-12-05T17:32:45.549Z","buy",
"0.21070000","200.00000000","2023-12-05T17:32:45.549Z","buy",
"0.21070000","100.00000000","2023-12-05T17:32:45.549Z","buy",
"0.21080000","200.00000000","2023-12-05T17:32:45.549Z","buy",
"0.21090000","51.00000000","2023-12-05T17:31:38.130Z","buy",
"0.21090000","12.00000000","2023-12-05T17:31:16.753Z","buy",
"0.21090000","8.00000000","2023-12-05T17:29:18.064Z","buy",
"0.21090000","218.00000000","2023-12-05T17:27:07.943Z","buy",
"0.21110000","5.00000000","2023-12-05T17:23:28.237Z","buy",
"0.21410000","324.00000000","2023-12-05T17:22:49.305Z","sell",
"0.21400000","2902.00000000","2023-12-05T17:22:49.305Z","sell",
"0.21390000","100.00000000","2023-12-05T17:22:49.305Z","sell",
"0.21380000","200.00000000","2023-12-05T17:22:49.305Z","sell",
"0.21330000","166.00000000","2023-12-05T17:22:49.305Z","sell",
"0.21320000","319.00000000","2023-12-05T17:22:49.305Z","sell",
"0.21310000","200.00000000","2023-12-05T17:22:49.305Z","sell",
"0.21300000","190.00000000","2023-12-05T17:22:49.305Z","sell",
"0.21290000","80.00000000","2023-12-05T17:22:49.305Z","sell",
"0.21010000","1678.00000000","2023-12-05T17:22:39.892Z","buy",
"0.21020000","80.00000000","2023-12-05T17:22:39.892Z","buy",
"0.21030000","190.00000000","2023-12-05T17:22:39.892Z","buy",
"0.21020000","141.00000000","2023-12-05T17:22:37.738Z","buy",
"0.21020000","100.00000000","2023-12-05T17:22:37.738Z","buy",
"0.21020000","190.00000000","2023-12-05T17:22:37.738Z","buy",
"0.21030000","80.00000000","2023-12-05T17:22:37.738Z","buy",
"0.21280000","97.00000000","2023-12-05T17:22:20.532Z","sell",
"0.21270000","200.00000000","2023-12-05T17:22:20.532Z","sell",
"0.21240000","23.00000000","2023-12-05T17:22:20.532Z","sell",
"0.21230000","23.00000000","2023-12-05T17:22:20.532Z","sell",
"0.21220000","166.00000000","2023-12-05T17:22:20.532Z","sell",
"0.21210000","190.00000000","2023-12-05T17:22:20.532Z","sell",
"0.21200000","80.00000000","2023-12-05T17:22:20.532Z","sell",
"0.21180000","388.00000000","2023-12-05T17:22:20.532Z","sell",
"0.21010000","5840.00000000","2023-12-05T17:22:19.538Z","buy",
"0.21010000","58.00000000","2023-12-05T17:21:02.748Z","buy",
"0.21050000","38.00000000","2023-12-05T17:19:36.143Z","buy",
"0.21050000","46.00000000","2023-12-05T17:18:50.043Z","buy",
"0.21050000","11.00000000","2023-12-05T17:18:46.002Z","buy",
"0.21010000","448.00000000","2023-12-05T17:18:10.037Z","buy",
"0.21010000","526.00000000","2023-12-05T17:13:57.025Z","buy",
"0.21020000","131.00000000","2023-12-05T17:13:57.025Z","buy",
"0.21030000","22.00000000","2023-12-05T17:13:57.025Z","buy",
"0.21020000","104.00000000","2023-12-05T17:13:35.440Z","buy",
"0.21160000","12.00000000","2023-12-05T17:11:37.540Z","sell",
"0.21150000","10.00000000","2023-12-05T17:09:29.327Z","sell",
"0.21010000","48.00000000","2023-12-05T17:08:12.299Z","buy",
"0.21000000","19992.00000000","2023-12-05T17:06:24.008Z","buy",
"0.21000000","1450.00000000","2023-12-05T17:05:45.797Z","buy",
"0.21000000","5.00000000","2023-12-05T17:04:58.969Z","buy",
"0.21000000","5.00000000","2023-12-05T17:03:08.114Z","buy",
"0.21000000","45.00000000","2023-12-05T17:03:06.725Z","buy",
"0.21000000","106.00000000","2023-12-05T17:02:39.840Z","buy",
"0.21000000","219.00000000","2023-12-05T17:01:54.981Z","buy",
"0.21000000","12327.00000000","2023-12-05T16:59:28.852Z","buy",
"0.21000000","92.00000000","2023-12-05T16:56:41.163Z","buy",
"0.21000000","1746.00000000","2023-12-05T16:56:04.659Z","buy",
"0.21000000","404.00000000","2023-12-05T16:55:17.216Z","buy",
"0.21000000","8000.00000000","2023-12-05T16:49:56.135Z","buy",
"0.21000000","9.00000000","2023-12-05T16:45:13.947Z","buy",
"0.21000000","793.00000000","2023-12-05T16:44:17.050Z","buy",
"0.21000000","1436.00000000","2023-12-05T16:42:55.115Z","buy",
"0.21000000","708.00000000","2023-12-05T16:42:53.421Z","buy",
"0.21000000","3.00000000","2023-12-05T16:40:26.300Z","buy",
"0.21050000","11.00000000","2023-12-05T16:38:53.153Z","buy",
"0.21050000","12.00000000","2023-12-05T16:38:48.035Z","buy",
"0.20950000","2598.00000000","2023-12-05T16:30:39.519Z","buy",
"0.20950000","2244.00000000","2023-12-05T16:30:39.519Z","buy",
"0.20960000","80.00000000","2023-12-05T16:30:39.519Z","buy",
"0.20960000","190.00000000","2023-12-05T16:30:39.519Z","buy",
"0.20970000","388.00000000","2023-12-05T16:30:39.519Z","buy",
"0.21170000","7.00000000","2023-12-05T16:30:34.153Z","sell",
"0.21160000","80.00000000","2023-12-05T16:30:34.153Z","sell",
"0.20950000","3476.00000000","2023-12-05T16:28:45.124Z","buy",
"0.20960000","200.00000000","2023-12-05T16:28:45.124Z","buy",
"0.20960000","200.00000000","2023-12-05T16:28:45.124Z","buy",
"0.20960000","100.00000000","2023-12-05T16:28:45.124Z","buy",
"0.20970000","80.00000000","2023-12-05T16:28:45.124Z","buy",
"0.20970000","190.00000000","2023-12-05T16:28:45.124Z","buy",
"0.21180000","1910.00000000","2023-12-05T16:27:03.263Z","sell",
"0.21170000","200.00000000","2023-12-05T16:27:03.263Z","sell",
"0.21170000","200.00000000","2023-12-05T16:27:03.263Z","sell",
"0.21170000","100.00000000","2023-12-05T16:27:03.263Z","sell",
"0.21160000","190.00000000","2023-12-05T16:27:03.263Z","sell",
"0.21120000","388.00000000","2023-12-05T16:27:03.263Z","sell",
"0.21110000","80.00000000","2023-12-05T16:27:03.263Z","sell",
"0.20950000","3069.00000000","2023-12-05T16:26:58.302Z","buy",
"0.20950000","121.00000000","2023-12-05T16:25:39.503Z","buy",
"0.20950000","1090.00000000","2023-12-05T16:25:19.643Z","buy",
"0.20950000","166.00000000","2023-12-05T16:25:19.643Z","buy",
"0.20960000","190.00000000","2023-12-05T16:25:19.643Z","buy",
"0.20960000","100.00000000","2023-12-05T16:25:19.643Z","buy",
"0.20960000","100.00000000","2023-12-05T16:25:19.643Z","buy",
"0.20960000","45.00000000","2023-12-05T16:20:06.683Z","buy",
"0.20970000","200.00000000","2023-12-05T16:20:06.683Z","buy",
"0.21050000","3.00000000","2023-12-05T16:18:36.259Z","buy",
"0.21050000","20.00000000","2023-12-05T16:18:32.156Z","buy",
"0.21050000","48.00000000","2023-12-05T16:18:28.137Z","buy",
"0.21050000","11.00000000","2023-12-05T16:18:22.087Z","buy",
"0.21050000","31.00000000","2023-12-05T16:18:18.040Z","buy",
"0.21050000","15.00000000","2023-12-05T16:18:14.038Z","buy",
"0.21050000","21.00000000","2023-12-05T16:18:04.027Z","buy",
"0.21050000","33.00000000","2023-12-05T16:17:58.041Z","buy",
"0.21050000","12.00000000","2023-12-05T16:17:48.025Z","buy",
"0.21050000","52.00000000","2023-12-05T16:17:16.046Z","buy",
"0.21050000","25.00000000","2023-12-05T16:15:30.029Z","buy",
"0.21050000","48.00000000","2023-12-05T16:15:20.295Z","buy",
"0.21060000","6.00000000","2023-12-05T16:15:18.174Z","buy",
"0.21060000","33.00000000","2023-12-05T16:15:14.138Z","buy",
"0.21060000","22.00000000","2023-12-05T16:15:12.034Z","buy",
"0.21060000","36.00000000","2023-12-05T16:15:08.146Z","buy",
"0.21060000","26.00000000","2023-12-05T16:14:58.051Z","buy",
"0.21060000","43.00000000","2023-12-05T16:14:52.112Z","buy",
"0.21150000","140.00000000","2023-12-05T16:14:12.028Z","buy",
"0.21150000","52.00000000","2023-12-05T16:14:08.102Z","buy",
"0.21150000","32.00000000","2023-12-05T16:14:04.238Z","buy",
"0.21150000","52.00000000","2023-12-05T16:14:00.040Z","buy",
"0.21150000","41.00000000","2023-12-05T16:13:35.913Z","buy",
"0.21160000","42.00000000","2023-12-05T16:13:31.467Z","buy",
"0.21160000","51.00000000","2023-12-05T16:13:12.443Z","buy",
"0.21220000","388.00000000","2023-12-05T16:13:07.278Z","buy",
"0.21160000","165.00000000","2023-12-05T16:12:56.030Z","buy",
"0.21450000","324.00000000","2023-12-05T16:12:48.215Z","sell",
"0.21430000","165.00000000","2023-12-05T16:12:48.215Z","sell",
"0.21420000","40.00000000","2023-12-05T16:12:48.215Z","sell",
"0.21420000","317.00000000","2023-12-05T16:12:48.215Z","sell",
"0.21400000","69.00000000","2023-12-05T16:12:48.215Z","sell",
"0.21360000","349.00000000","2023-12-05T16:12:48.215Z","sell",
"0.21330000","166.00000000","2023-12-05T16:12:48.215Z","sell",
"0.21320000","319.00000000","2023-12-05T16:12:48.215Z","sell",
"0.21290000","128.00000000","2023-12-05T16:12:48.215Z","sell",
"0.21270000","23.00000000","2023-12-05T16:12:48.215Z","sell",
"0.21260000","23.00000000","2023-12-05T16:12:48.215Z","sell",
"0.21240000","441.00000000","2023-12-05T16:12:48.215Z","sell",
"0.21220000","166.00000000","2023-12-05T16:12:48.215Z","sell",
"0.21210000","250.00000000","2023-12-05T16:12:48.215Z","sell",
"0.21200000","496.00000000","2023-12-05T16:12:48.215Z","sell",
"0.21180000","17.00000000","2023-12-05T16:12:48.215Z","sell",
"0.21160000","227.00000000","2023-12-05T16:12:48.215Z","sell",
"0.21150000","100.00000000","2023-12-05T16:12:48.215Z","sell",
"0.21100000","322.00000000","2023-12-05T16:12:48.215Z","sell",
"0.21090000","200.00000000","2023-12-05T16:12:48.215Z","sell",
"0.21020000","388.00000000","2023-12-05T16:12:48.215Z","sell",
"0.21010000","200.00000000","2023-12-05T16:12:48.215Z","sell",
"0.21000000","80.00000000","2023-12-05T16:12:48.215Z","sell",
"0.21000000","190.00000000","2023-12-05T16:12:48.215Z","sell",
"0.20750000","726.00000000","2023-12-05T16:12:22.683Z","buy",
"0.20760000","190.00000000","2023-12-05T16:12:22.683Z","buy",
"0.20760000","190.00000000","2023-12-05T16:12:22.683Z","buy",
"0.20780000","18.00000000","2023-12-05T16:10:32.973Z","buy",
"0.20780000","26.00000000","2023-12-05T16:09:01.062Z","buy",
"0.21000000","7.00000000","2023-12-05T16:09:00.412Z","sell",
"0.20750000","26.00000000","2023-12-05T15:57:00.919Z","buy",
"0.20800000","541.00000000","2023-12-05T15:57:00.919Z","buy",
"0.20810000","115.00000000","2023-12-05T15:57:00.919Z","buy",
"0.20810000","190.00000000","2023-12-05T15:57:00.919Z","buy",
"0.20750000","1833.00000000","2023-12-05T15:52:37.500Z","buy",
"0.20750000","59.00000000","2023-12-05T15:52:37.500Z","buy",
"0.20760000","405.00000000","2023-12-05T15:52:37.500Z","buy",
"0.20760000","377.00000000","2023-12-05T15:52:37.500Z","buy",
"0.20770000","103.00000000","2023-12-05T15:52:37.500Z","buy",
"0.20780000","840.00000000","2023-12-05T15:52:37.500Z","buy",
"0.20830000","322.00000000","2023-12-05T15:52:37.500Z","buy",
"0.20930000","23.00000000","2023-12-05T15:52:37.500Z","buy",
"0.21100000","2704.00000000","2023-12-05T15:52:37.500Z","buy",
"0.21100000","40.00000000","2023-12-05T15:52:34.593Z","buy",
"0.21100000","13.00000000","2023-12-05T15:52:30.048Z","buy",
"0.21100000","50.00000000","2023-12-05T15:52:24.254Z","buy",
"0.21100000","1223.00000000","2023-12-05T15:52:17.960Z","buy",
"0.21100000","42.00000000","2023-12-05T15:52:12.078Z","buy",
"0.21100000","17.00000000","2023-12-05T15:51:38.653Z","buy",
"0.21100000","31.00000000","2023-12-05T15:51:36.233Z","buy",
"0.21100000","51.00000000","2023-12-05T15:51:32.110Z","buy",
"0.21100000","19.00000000","2023-12-05T15:51:28.257Z","buy",
"0.21100000","54.00000000","2023-12-05T15:51:24.087Z","buy",
"0.21100000","45.00000000","2023-12-05T15:51:21.008Z","buy",
"0.21100000","42.00000000","2023-12-05T15:51:14.097Z","buy",
"0.21100000","34.00000000","2023-12-05T15:51:11.130Z","buy",
"0.21100000","38.00000000","2023-12-05T15:49:13.282Z","buy",
"0.21100000","51.00000000","2023-12-05T15:48:44.377Z","buy",
"0.21100000","39.00000000","2023-12-05T15:48:39.765Z","buy",
"0.21100000","44.00000000","2023-12-05T15:48:36.883Z","buy",
"0.21100000","35.00000000","2023-12-05T15:48:18.235Z","buy",
"0.21100000","12.00000000","2023-12-05T15:47:44.442Z","buy",
"0.21100000","871.00000000","2023-12-05T15:47:40.715Z","buy",
"0.21100000","20.00000000","2023-12-05T15:46:06.526Z","buy",
"0.21100000","1634.00000000","2023-12-05T15:46:03.505Z","buy",
"0.21110000","25.00000000","2023-12-05T15:46:00.097Z","buy",
"0.21110000","35.00000000","2023-12-05T15:45:57.550Z","buy",
"0.21110000","21.00000000","2023-12-05T15:45:32.940Z","buy",
"0.21100000","39.00000000","2023-12-05T15:45:06.827Z","buy",
"0.21040000","2.00000000","2023-12-05T15:42:38.472Z","buy",
"0.21010000","4350.00000000","2023-12-05T15:41:38.580Z","buy",
"0.21020000","200.00000000","2023-12-05T15:41:38.580Z","buy",
"0.21030000","80.00000000","2023-12-05T15:41:38.580Z","buy",
"0.21030000","60.00000000","2023-12-05T15:41:38.580Z","buy",
"0.21040000","283.00000000","2023-12-05T15:41:38.580Z","buy",
"0.21110000","41.00000000","2023-12-05T15:41:26.255Z","buy",
"0.21110000","18.00000000","2023-12-05T15:39:34.054Z","buy",
"0.21030000","5.00000000","2023-12-05T15:38:25.672Z","buy",
"0.21040000","60.00000000","2023-12-05T15:38:25.672Z","buy",
"0.21120000","41.00000000","2023-12-05T15:37:40.081Z","buy",
"0.21120000","25.00000000","2023-12-05T15:37:33.720Z","buy",
"0.21140000","24.00000000","2023-12-05T15:37:30.974Z","buy",
"0.21130000","39.00000000","2023-12-05T15:37:18.839Z","buy",
"0.21200000","52.00000000","2023-12-05T15:37:15.728Z","sell",
"0.21200000","80.00000000","2023-12-05T15:37:15.728Z","sell",
"0.21210000","71.00000000","2023-12-05T15:37:12.040Z","sell",
"0.21130000","226.00000000","2023-12-05T15:37:11.761Z","sell",
"0.21130000","499.00000000","2023-12-05T15:37:11.703Z","sell",
"0.21130000","66.00000000","2023-12-05T15:37:11.631Z","sell",
"0.21120000","60.00000000","2023-12-05T15:37:11.631Z","sell",
"0.21200000","200.00000000","2023-12-05T15:37:11.384Z","sell",
"0.21190000","80.00000000","2023-12-05T15:37:11.384Z","sell",
"0.21180000","60.00000000","2023-12-05T15:37:11.384Z","sell",
"0.21110000","15.00000000","2023-12-05T15:37:10.819Z","buy",
"0.21000000","72.00000000","2023-12-05T15:36:01.529Z","buy",
"0.21010000","200.00000000","2023-12-05T15:36:01.529Z","buy",
"0.21010000","80.00000000","2023-12-05T15:36:01.529Z","buy",
"0.21030000","388.00000000","2023-12-05T15:36:01.529Z","buy",
"0.21040000","60.00000000","2023-12-05T15:36:01.529Z","buy",
"0.21050000","388.00000000","2023-12-05T15:36:01.529Z","buy",
"0.21080000","23.00000000","2023-12-05T15:36:01.529Z","buy",
"0.21200000","18.00000000","2023-12-05T15:35:32.234Z","sell",
"0.21190000","80.00000000","2023-12-05T15:35:32.234Z","sell",
"0.21190000","80.00000000","2023-12-05T15:35:29.317Z","sell",
"0.21190000","22.00000000","2023-12-05T15:35:29.317Z","sell",
"0.21190000","38.00000000","2023-12-05T15:35:22.315Z","sell",
"0.21160000","53.00000000","2023-12-05T15:35:22.315Z","sell",
"0.21100000","122.00000000","2023-12-05T15:31:40.860Z","sell",
"0.20990000","651.00000000","2023-12-05T15:31:40.468Z","buy",
"0.21000000","200.00000000","2023-12-05T15:31:40.468Z","buy",
"0.21000000","80.00000000","2023-12-05T15:31:40.468Z","buy",
"0.21000000","200.00000000","2023-12-05T15:31:40.468Z","buy",
"0.21120000","213.00000000","2023-12-05T15:31:21.175Z","sell",
"0.20990000","2374.00000000","2023-12-05T15:31:19.356Z","buy",
"0.21000000","200.00000000","2023-12-05T15:31:19.356Z","buy",
"0.21000000","100.00000000","2023-12-05T15:31:19.356Z","buy",
"0.21010000","200.00000000","2023-12-05T15:31:19.356Z","buy",
"0.21010000","60.00000000","2023-12-05T15:31:19.356Z","buy",
"0.21020000","289.00000000","2023-12-05T15:31:19.356Z","buy",
"0.21100000","51.00000000","2023-12-05T15:30:00.069Z","buy",
"0.21090000","44.00000000","2023-12-05T15:27:32.751Z","buy",
"0.21110000","27.00000000","2023-12-05T15:27:26.116Z","buy",
"0.21100000","27.00000000","2023-12-05T15:26:50.044Z","buy",
"0.21170000","79.00000000","2023-12-05T15:26:24.803Z","sell",
"0.21080000","95.00000000","2023-12-05T15:24:08.453Z","sell",
"0.21030000","40.00000000","2023-12-05T15:23:56.714Z","buy",
"0.21010000","36.00000000","2023-12-05T15:23:51.942Z","buy",
"0.21090000","113.00000000","2023-12-05T15:23:38.892Z","sell",
"0.21080000","149.00000000","2023-12-05T15:22:45.924Z","sell",
"0.21070000","66.00000000","2023-12-05T15:22:45.924Z","sell",
"0.20890000","185.00000000","2023-12-05T15:22:25.588Z","buy",
"0.20900000","80.00000000","2023-12-05T15:22:25.588Z","buy",
"0.20910000","278.00000000","2023-12-05T15:22:25.588Z","buy",
"0.20910000","66.00000000","2023-12-05T15:22:25.588Z","buy",
"0.21100000","26.00000000","2023-12-05T15:21:00.223Z","sell",
"0.21100000","73.00000000","2023-12-05T15:21:00.223Z","sell",
"0.21080000","22.00000000","2023-12-05T15:20:51.970Z","sell",
"0.21070000","101.00000000","2023-12-05T15:20:51.970Z","sell",
"0.21070000","89.00000000","2023-12-05T15:20:51.504Z","sell",
"0.21010000","12.00000000","2023-12-05T15:20:51.020Z","buy",
"0.21020000","49.00000000","2023-12-05T15:20:48.103Z","buy",
"0.21000000","19.00000000","2023-12-05T15:20:44.155Z","buy",
"0.21000000","28.00000000","2023-12-05T15:20:28.048Z","buy",
"0.21070000","102.00000000","2023-12-05T15:20:25.468Z","sell",
"0.20990000","15.00000000","2023-12-05T15:20:25.145Z","buy",
"0.21070000","96.00000000","2023-12-05T15:20:25.121Z","sell",
"0.21060000","60.00000000","2023-12-05T15:20:25.121Z","sell",
"0.21070000","350.00000000","2023-12-05T15:20:24.799Z","sell",
"0.21060000","102.00000000","2023-12-05T15:20:23.631Z","sell",
"0.21040000","28.00000000","2023-12-05T15:20:23.265Z","sell",
"0.21030000","80.00000000","2023-12-05T15:20:23.265Z","sell",
"0.20920000","96.00000000","2023-12-05T15:20:20.701Z","buy",
"0.20980000","50.00000000","2023-12-05T15:19:24.527Z","buy",
"0.21050000","75.00000000","2023-12-05T15:19:24.420Z","sell",
"0.20970000","23.00000000","2023-12-05T15:19:10.033Z","buy",
"0.20970000","51.00000000","2023-12-05T15:19:04.034Z","buy",
"0.20970000","12.00000000","2023-12-05T15:18:56.033Z","buy",
"0.20970000","45.00000000","2023-12-05T15:18:50.054Z","buy",
"0.21070000","396.00000000","2023-12-05T15:18:21.098Z","sell",
"0.21070000","456.00000000","2023-12-05T15:18:20.703Z","sell",
"0.21060000","100.00000000","2023-12-05T15:18:20.703Z","sell",
"0.21070000","548.00000000","2023-12-05T15:18:20.404Z","sell",
"0.21060000","200.00000000","2023-12-05T15:18:20.404Z","sell",
"0.21060000","77.00000000","2023-12-05T15:18:20.168Z","sell",
"0.21070000","412.00000000","2023-12-05T15:18:20.066Z","sell",
"0.21060000","100.00000000","2023-12-05T15:18:20.066Z","sell",
"0.21060000","200.00000000","2023-12-05T15:18:20.066Z","sell",
"0.21060000","220.00000000","2023-12-05T15:18:20.066Z","sell",
"0.21050000","200.00000000","2023-12-05T15:18:20.066Z","sell",
"0.21050000","80.00000000","2023-12-05T15:18:20.066Z","sell",
"0.20990000","30.00000000","2023-12-05T15:18:19.804Z","buy",
"0.20990000","127.00000000","2023-12-05T15:18:14.435Z","buy",
"0.21080000","129.00000000","2023-12-05T15:18:10.412Z","sell",
"0.20990000","30.00000000","2023-12-05T15:17:58.139Z","buy",
"0.21070000","6.00000000","2023-12-05T15:17:56.148Z","sell",
"0.21060000","80.00000000","2023-12-05T15:17:56.148Z","sell",
"0.21090000","151.00000000","2023-12-05T15:17:44.906Z","sell",
"0.21080000","69.00000000","2023-12-05T15:17:38.347Z","sell",
"0.21070000","66.00000000","2023-12-05T15:17:38.347Z","sell",
"0.20880000","112.00000000","2023-12-05T15:14:10.052Z","buy",
"0.20880000","100.00000000","2023-12-05T15:14:10.052Z","buy",
"0.20890000","200.00000000","2023-12-05T15:14:10.052Z","buy",
"0.20900000","80.00000000","2023-12-05T15:14:10.052Z","buy",
"0.20900000","74.00000000","2023-12-05T15:14:10.052Z","buy",
"0.20910000","32.00000000","2023-12-05T15:11:26.645Z","buy",
"0.20830000","1343.00000000","2023-12-05T15:10:25.048Z","buy",
"0.20840000","200.00000000","2023-12-05T15:10:25.048Z","buy",
"0.20840000","100.00000000","2023-12-05T15:10:25.048Z","buy",
"0.20850000","200.00000000","2023-12-05T15:10:25.048Z","buy",
"0.20860000","80.00000000","2023-12-05T15:10:25.048Z","buy",
"0.20940000","330.00000000","2023-12-05T15:10:25.048Z","buy",
"0.20950000","74.00000000","2023-12-05T15:10:25.048Z","buy",
"0.20980000","31.00000000","2023-12-05T15:09:16.143Z","buy",
"0.21070000","8.00000000","2023-12-05T15:07:34.963Z","sell",
"0.21030000","69.00000000","2023-12-05T15:07:34.687Z","sell",
"0.21090000","27.00000000","2023-12-05T15:07:32.117Z","buy",
"0.21090000","14.00000000","2023-12-05T15:07:20.075Z","buy",
"0.21100000","82.00000000","2023-12-05T15:05:30.874Z","sell",
"0.21100000","94.00000000","2023-12-05T15:05:06.061Z","sell",
"0.21100000","15.00000000","2023-12-05T15:04:53.992Z","sell",
"0.21090000","60.00000000","2023-12-05T15:04:53.992Z","sell",
"0.21090000","22.00000000","2023-12-05T15:04:53.857Z","sell",
"0.21050000","81.00000000","2023-12-05T15:04:53.857Z","sell",
"0.21070000","54.00000000","2023-12-05T15:04:53.769Z","sell",
"0.21060000","82.00000000","2023-12-05T15:04:53.769Z","sell",
"0.21090000","12.00000000","2023-12-05T15:04:53.560Z","sell",
"0.21080000","82.00000000","2023-12-05T15:04:53.560Z","sell",
"0.20880000","1363.00000000","2023-12-05T15:04:53.341Z","buy",
"0.20890000","100.00000000","2023-12-05T15:04:53.341Z","buy",
"0.20890000","200.00000000","2023-12-05T15:04:53.341Z","buy",
"0.20900000","200.00000000","2023-12-05T15:04:53.341Z","buy",
"0.20910000","80.00000000","2023-12-05T15:04:53.341Z","buy",
"0.20930000","82.00000000","2023-12-05T15:04:53.341Z","buy",
"0.20940000","69.00000000","2023-12-05T15:04:53.341Z","buy",
"0.21070000","133.00000000","2023-12-05T15:04:51.838Z","sell",
"0.21070000","120.00000000","2023-12-05T15:04:35.677Z","sell",
"0.21060000","60.00000000","2023-12-05T15:04:35.677Z","sell",
"0.20900000","61.00000000","2023-12-05T15:03:48.497Z","buy",
"0.20910000","82.00000000","2023-12-05T15:03:48.497Z","buy",
"0.20920000","69.00000000","2023-12-05T15:03:48.497Z","buy",
"0.20980000","319.00000000","2023-12-05T15:02:51.319Z","buy",
"0.21050000","77.00000000","2023-12-05T15:01:43.171Z","sell",
"0.21050000","33.00000000","2023-12-05T15:01:43.171Z","sell",
"0.21050000","110.00000000","2023-12-05T15:01:35.671Z","sell",
"0.21050000","77.00000000","2023-12-05T15:01:35.664Z","sell",
"0.21050000","118.00000000","2023-12-05T15:01:35.443Z","sell",
"0.21050000","181.00000000","2023-12-05T15:01:35.201Z","sell",
"0.21050000","279.00000000","2023-12-05T15:01:34.841Z","sell",
"0.21050000","429.00000000","2023-12-05T15:01:34.571Z","sell",
"0.21050000","660.00000000","2023-12-05T15:01:34.315Z","sell",
"0.21050000","1016.00000000","2023-12-05T15:01:34.060Z","sell",
"0.21050000","1562.00000000","2023-12-05T15:01:32.216Z","sell",
"0.21050000","579.00000000","2023-12-05T15:01:31.964Z","sell",
"0.21050000","2716.00000000","2023-12-05T15:01:31.744Z","sell",
"0.21050000","1732.00000000","2023-12-05T15:01:31.500Z","sell",
"0.21050000","1752.00000000","2023-12-05T15:01:31.219Z","sell",
"0.21050000","2536.00000000","2023-12-05T15:01:30.978Z","sell",
"0.21050000","3631.00000000","2023-12-05T15:01:30.660Z","sell",
"0.21050000","2323.00000000","2023-12-05T15:01:30.390Z","sell",
"0.21040000","60.00000000","2023-12-05T15:01:30.390Z","sell",
"0.21050000","4039.00000000","2023-12-05T15:01:27.672Z","sell",
"0.21050000","3323.00000000","2023-12-05T15:01:27.443Z","sell",
"0.21050000","4727.00000000","2023-12-05T15:01:27.215Z","sell",
"0.21050000","2082.00000000","2023-12-05T15:01:26.971Z","sell",
"0.21050000","2064.00000000","2023-12-05T15:01:26.697Z","sell",
"0.21050000","1473.00000000","2023-12-05T15:01:26.407Z","sell",
"0.21050000","712.00000000","2023-12-05T15:01:26.172Z","sell",
"0.21040000","200.00000000","2023-12-05T15:01:26.172Z","sell",
"0.21050000","743.00000000","2023-12-05T15:01:25.917Z","sell",
"0.21050000","1030.00000000","2023-12-05T15:01:25.681Z","sell",
"0.21050000","1717.00000000","2023-12-05T15:01:25.464Z","sell",
"0.21050000","291.00000000","2023-12-05T15:01:25.128Z","sell",
"0.21050000","680.00000000","2023-12-05T15:01:24.749Z","sell",
"0.21040000","200.00000000","2023-12-05T15:01:24.749Z","sell",
"0.21040000","140.00000000","2023-12-05T15:01:08.296Z","sell",
"0.21040000","118.00000000","2023-12-05T15:01:07.133Z","sell",
"0.21040000","60.00000000","2023-12-05T15:01:06.924Z","sell",
"0.21030000","80.00000000","2023-12-05T15:01:06.924Z","sell",
"0.21040000","18.00000000","2023-12-05T15:00:58.790Z","sell",
"0.21040000","80.00000000","2023-12-05T15:00:58.790Z","sell",
"0.21040000","116.00000000","2023-12-05T15:00:58.485Z","sell",
"0.21040000","80.00000000","2023-12-05T15:00:58.485Z","sell",
"0.21040000","98.00000000","2023-12-05T15:00:58.155Z","sell",
"0.21040000","5.00000000","2023-12-05T15:00:57.838Z","sell",
"0.21040000","100.00000000","2023-12-05T15:00:57.838Z","sell",
"0.21040000","105.00000000","2023-12-05T15:00:57.360Z","sell",
"0.21040000","75.00000000","2023-12-05T15:00:57.010Z","sell",
"0.21040000","100.00000000","2023-12-05T15:00:57.010Z","sell",
"0.21040000","60.00000000","2023-12-05T15:00:56.745Z","sell",
"0.21030000","80.00000000","2023-12-05T15:00:56.745Z","sell",
"0.21040000","16.00000000","2023-12-05T15:00:51.227Z","sell",
"0.21040000","200.00000000","2023-12-05T15:00:51.227Z","sell",
"0.21040000","57.00000000","2023-12-05T15:00:51.061Z","sell",
"0.21040000","20.00000000","2023-12-05T15:00:51.061Z","sell",
"0.21040000","38.00000000","2023-12-05T15:00:51.061Z","sell",
"0.21030000","60.00000000","2023-12-05T15:00:51.061Z","sell",
"0.21020000","30.00000000","2023-12-05T15:00:50.793Z","sell",
"0.21010000","60.00000000","2023-12-05T15:00:50.793Z","sell",
"0.20990000","31.00000000","2023-12-05T15:00:50.793Z","sell",
"0.20990000","5.00000000","2023-12-05T15:00:50.793Z","sell",
"0.20990000","18.00000000","2023-12-05T14:57:26.436Z","sell",
"0.20980000","55.00000000","2023-12-05T14:57:26.436Z","sell",
"0.20970000","16.00000000","2023-12-05T14:57:26.436Z","sell",
"0.20830000","31.00000000","2023-12-05T14:57:17.766Z","buy",
"0.20910000","80.00000000","2023-12-05T14:56:52.011Z","sell",
"0.20910000","81.00000000","2023-12-05T14:55:51.336Z","sell",
"0.20910000","211.00000000","2023-12-05T14:55:51.054Z","sell",
"0.20810000","6518.00000000","2023-12-05T14:55:48.913Z","buy",
"0.20820000","200.00000000","2023-12-05T14:55:48.913Z","buy",
"0.20830000","55.00000000","2023-12-05T14:55:48.913Z","buy",
"0.20840000","248.00000000","2023-12-05T14:55:48.913Z","buy",
"0.20840000","140.00000000","2023-12-05T14:54:12.802Z","buy",
"0.20860000","57.00000000","2023-12-05T14:51:34.115Z","buy",
"0.20860000","2.00000000","2023-12-05T14:51:34.115Z","buy",
"0.21010000","24.00000000","2023-12-05T14:47:49.534Z","sell",
"0.21000000","82.00000000","2023-12-05T14:47:49.534Z","sell",
"0.20860000","21.00000000","2023-12-05T14:45:59.911Z","buy",
"0.20970000","74.00000000","2023-12-05T14:44:11.099Z","sell",
"0.20980000","142.00000000","2023-12-05T14:42:59.568Z","sell",
"0.21010000","60.00000000","2023-12-05T14:40:35.052Z","sell",
"0.21000000","13.00000000","2023-12-05T14:40:35.052Z","sell",
"0.20970000","77.00000000","2023-12-05T14:39:50.785Z","sell",
"0.20810000","533.00000000","2023-12-05T14:39:44.099Z","buy",
"0.20820000","100.00000000","2023-12-05T14:39:44.099Z","buy",
"0.20820000","200.00000000","2023-12-05T14:39:44.099Z","buy",
"0.20910000","298.00000000","2023-12-05T14:39:44.099Z","buy",
"0.20920000","80.00000000","2023-12-05T14:39:44.099Z","buy",
"0.20930000","61.00000000","2023-12-05T14:39:44.099Z","buy",
"0.21030000","81.00000000","2023-12-05T14:39:29.713Z","sell",
"0.21010000","92.00000000","2023-12-05T14:39:12.942Z","sell",
"0.21010000","238.00000000","2023-12-05T14:39:12.666Z","sell",
"0.20980000","113.00000000","2023-12-05T14:39:09.957Z","buy",
"0.20990000","80.00000000","2023-12-05T14:39:09.957Z","buy",
"0.21020000","388.00000000","2023-12-05T14:39:09.957Z","buy",
"0.21080000","53.00000000","2023-12-05T14:28:31.838Z","sell",
"0.21060000","25.00000000","2023-12-05T14:28:31.838Z","sell",
"0.21060000","77.00000000","2023-12-05T14:26:31.037Z","sell",
"0.21050000","15.00000000","2023-12-05T14:26:22.061Z","sell",
"0.21050000","110.00000000","2023-12-05T14:26:22.061Z","sell",
"0.21050000","173.00000000","2023-12-05T14:26:21.880Z","sell",
"0.21050000","62.00000000","2023-12-05T14:26:21.880Z","sell",
"0.21050000","108.00000000","2023-12-05T14:26:21.685Z","sell",
"0.21050000","205.00000000","2023-12-05T14:26:21.685Z","sell",
"0.21040000","100.00000000","2023-12-05T14:26:21.329Z","sell",
"0.21030000","61.00000000","2023-12-05T14:26:21.329Z","sell",
"0.21030000","195.00000000","2023-12-05T14:26:21.098Z","sell",
"0.21030000","91.00000000","2023-12-05T14:26:20.806Z","sell",
"0.21040000","58.00000000","2023-12-05T14:26:20.348Z","sell",
"0.20980000","26.00000000","2023-12-05T14:26:20.348Z","sell",
"0.20980000","116.00000000","2023-12-05T14:26:20.348Z","sell",
"0.20970000","76.00000000","2023-12-05T14:25:14.447Z","sell",
"0.20970000","150.00000000","2023-12-05T14:25:14.180Z","sell",
"0.20960000","136.00000000","2023-12-05T14:25:13.937Z","sell",
"0.20950000","61.00000000","2023-12-05T14:25:13.937Z","sell",
"0.20790000","31.00000000","2023-12-05T14:25:13.515Z","buy",
"0.20800000","61.00000000","2023-12-05T14:25:13.515Z","buy",
"0.20810000","388.00000000","2023-12-05T14:25:13.515Z","buy",
"0.20770000","1171.00000000","2023-12-05T14:25:00.056Z","buy",
"0.20780000","200.00000000","2023-12-05T14:25:00.056Z","buy",
"0.20810000","388.00000000","2023-12-05T14:25:00.056Z","buy",
"0.20820000","61.00000000","2023-12-05T14:25:00.056Z","buy",
"0.20980000","477.00000000","2023-12-05T14:22:41.783Z","sell",
"0.20980000","571.00000000","2023-12-05T14:22:41.605Z","sell",
"0.20970000","200.00000000","2023-12-05T14:22:41.605Z","sell",
"0.20980000","841.00000000","2023-12-05T14:22:41.449Z","sell",
"0.20970000","200.00000000","2023-12-05T14:22:41.449Z","sell",
"0.20980000","771.00000000","2023-12-05T14:22:41.129Z","sell",
"0.20970000","200.00000000","2023-12-05T14:22:41.129Z","sell",
"0.20980000","1494.00000000","2023-12-05T14:22:40.876Z","sell",
"0.20980000","5871.00000000","2023-12-05T14:22:40.579Z","sell",
"0.20770000","165.00000000","2023-12-05T14:22:20.493Z","buy",
"0.20780000","60.00000000","2023-12-05T14:22:20.493Z","buy",
"0.20780000","100.00000000","2023-12-05T14:22:20.493Z","buy",
"0.20790000","80.00000000","2023-12-05T14:22:20.493Z","buy",
"0.20790000","68.00000000","2023-12-05T14:22:20.493Z","buy",
"0.21100000","58.00000000","2023-12-05T14:21:04.777Z","sell",
"0.21090000","80.00000000","2023-12-05T14:21:04.777Z","sell",
"0.21090000","68.00000000","2023-12-05T14:21:04.777Z","sell",
"0.21090000","57.00000000","2023-12-05T14:21:03.426Z","sell",
"0.21080000","80.00000000","2023-12-05T14:21:03.426Z","sell",
"0.21070000","68.00000000","2023-12-05T14:21:03.426Z","sell",
"0.20980000","50.00000000","2023-12-05T14:20:53.955Z","sell",
"0.20980000","107.00000000","2023-12-05T14:20:53.733Z","sell",
"0.20770000","207.00000000","2023-12-05T14:20:52.788Z","buy",
"0.20780000","200.00000000","2023-12-05T14:20:52.788Z","buy",
"0.20790000","68.00000000","2023-12-05T14:20:52.788Z","buy",
"0.20860000","97.00000000","2023-12-05T14:19:47.341Z","buy",
"0.21000000","46.00000000","2023-12-05T14:18:50.162Z","sell",
"0.21000000","45.00000000","2023-12-05T14:18:46.775Z","sell",
"0.21000000","80.00000000","2023-12-05T14:18:46.427Z","sell",
"0.21070000","149.00000000","2023-12-05T14:18:39.049Z","sell",
"0.21060000","68.00000000","2023-12-05T14:18:39.049Z","sell",
"0.20990000","8.00000000","2023-12-05T14:18:38.583Z","sell",
"0.20980000","68.00000000","2023-12-05T14:18:38.583Z","sell",
"0.20770000","46.00000000","2023-12-05T14:18:37.464Z","buy",
"0.20780000","200.00000000","2023-12-05T14:18:37.464Z","buy",
"0.20790000","80.00000000","2023-12-05T14:18:37.464Z","buy",
"0.20800000","68.00000000","2023-12-05T14:18:37.464Z","buy",
"0.20890000","356.00000000","2023-12-05T14:18:37.464Z","buy",
"0.21000000","91.00000000","2023-12-05T14:16:54.352Z","sell",
"0.20970000","111.00000000","2023-12-05T14:15:42.368Z","sell",
"0.20870000","121.00000000","2023-12-05T14:15:13.700Z","buy",
"0.20910000","8.00000000","2023-12-05T14:12:10.422Z","buy",
"0.21030000","95.00000000","2023-12-05T14:05:06.723Z","sell",
"0.20970000","107.00000000","2023-12-05T14:05:04.344Z","sell",
"0.21090000","23.00000000","2023-12-05T14:04:54.550Z","sell",
"0.21080000","84.00000000","2023-12-05T14:04:54.550Z","sell",
"0.21000000","81.00000000","2023-12-05T14:04:43.260Z","sell",
"0.20990000","84.00000000","2023-12-05T14:04:43.260Z","sell",
"0.20770000","3068.00000000","2023-12-05T14:04:42.521Z","buy",
"0.20770000","441.00000000","2023-12-05T14:04:42.521Z","buy",
"0.20780000","100.00000000","2023-12-05T14:04:42.521Z","buy",
"0.20790000","60.00000000","2023-12-05T14:04:42.521Z","buy",
"0.20790000","80.00000000","2023-12-05T14:04:42.521Z","buy",
"0.20820000","84.00000000","2023-12-05T14:04:42.521Z","buy",
"0.20830000","272.00000000","2023-12-05T14:04:42.521Z","buy",
"0.20970000","106.00000000","2023-12-05T14:03:38.447Z","sell",
"0.20970000","118.00000000","2023-12-05T14:03:32.111Z","sell",
"0.20970000","182.00000000","2023-12-05T14:03:31.830Z","sell",
"0.20970000","341.00000000","2023-12-05T14:03:31.502Z","sell",
"0.20970000","114.00000000","2023-12-05T14:03:31.215Z","sell",
"0.20970000","175.00000000","2023-12-05T14:03:30.878Z","sell",
"0.21060000","3.00000000","2023-12-05T14:02:35.811Z","sell",
"0.21050000","84.00000000","2023-12-05T14:02:35.811Z","sell",
"0.20960000","143.00000000","2023-12-05T14:02:16.110Z","sell",
"0.20950000","53.00000000","2023-12-05T14:02:14.914Z","sell",
"0.20950000","80.00000000","2023-12-05T14:02:14.914Z","sell",
"0.20960000","38.00000000","2023-12-05T14:02:14.528Z","sell",
"0.20960000","200.00000000","2023-12-05T14:02:14.528Z","sell",
"0.20950000","78.00000000","2023-12-05T14:02:13.457Z","sell",
"0.20900000","103.00000000","2023-12-05T14:01:30.623Z","sell",
"0.20810000","30.00000000","2023-12-05T13:58:00.764Z","buy",
"0.20820000","69.00000000","2023-12-05T13:58:00.764Z","buy",
"0.20810000","51.00000000","2023-12-05T13:57:04.181Z","buy",
"0.20820000","63.00000000","2023-12-05T13:57:04.181Z","buy",
"0.21080000","159.00000000","2023-12-05T13:55:39.134Z","sell",
"0.21070000","200.00000000","2023-12-05T13:55:39.134Z","sell",
"0.21060000","63.00000000","2023-12-05T13:55:39.134Z","sell",
"0.20950000","62.00000000","2023-12-05T13:55:37.496Z","sell",
"0.20940000","63.00000000","2023-12-05T13:55:37.496Z","sell",
"0.20800000","423.00000000","2023-12-05T13:55:33.191Z","buy",
"0.20810000","63.00000000","2023-12-05T13:55:33.191Z","buy",
"0.20800000","93.00000000","2023-12-05T13:55:12.205Z","buy",
"0.20810000","57.00000000","2023-12-05T13:55:12.205Z","buy",
"0.20800000","6379.00000000","2023-12-05T13:55:10.486Z","buy",
"0.20810000","100.00000000","2023-12-05T13:55:10.486Z","buy",
"0.20820000","128.00000000","2023-12-05T13:55:10.486Z","buy",
"0.20830000","252.00000000","2023-12-05T13:55:10.486Z","buy",
"0.20840000","57.00000000","2023-12-05T13:55:10.486Z","buy",
"0.20830000","70.00000000","2023-12-05T13:55:07.515Z","buy",
"0.20840000","370.00000000","2023-12-05T13:55:07.515Z","buy",
"0.20850000","120.00000000","2023-12-05T13:55:07.515Z","buy",
"0.20860000","57.00000000","2023-12-05T13:55:07.515Z","buy",
"0.21070000","386.00000000","2023-12-05T13:51:20.925Z","sell",
"0.21060000","57.00000000","2023-12-05T13:51:20.925Z","sell",
"0.21070000","95.00000000","2023-12-05T13:50:14.411Z","sell",
"0.21030000","102.00000000","2023-12-05T13:49:29.430Z","sell",
"0.20880000","589.00000000","2023-12-05T13:49:08.573Z","buy",
"0.20900000","262.00000000","2023-12-05T13:49:08.573Z","buy",
"0.20910000","262.00000000","2023-12-05T13:49:08.573Z","buy",
"0.20920000","100.00000000","2023-12-05T13:49:08.573Z","buy",
"0.20930000","262.00000000","2023-12-05T13:49:08.573Z","buy",
"0.20950000","262.00000000","2023-12-05T13:49:08.573Z","buy",
"0.20960000","160.00000000","2023-12-05T13:49:08.573Z","buy",
"0.20970000","262.00000000","2023-12-05T13:49:08.573Z","buy",
"0.20980000","60.00000000","2023-12-05T13:49:08.573Z","buy",
"0.21000000","43.00000000","2023-12-05T13:49:08.573Z","buy",
"0.21030000","262.00000000","2023-12-05T13:49:08.573Z","buy",
"0.20940000","8.00000000","2023-12-05T13:43:56.368Z","buy",
"0.21070000","95.00000000","2023-12-05T13:43:38.659Z","sell",
"0.21100000","167.00000000","2023-12-05T13:43:31.208Z","sell",
"0.21090000","43.00000000","2023-12-05T13:43:31.208Z","sell",
"0.20870000","211.00000000","2023-12-05T13:43:23.052Z","buy",
"0.20880000","184.00000000","2023-12-05T13:43:23.052Z","buy",
"0.20900000","702.00000000","2023-12-05T13:43:23.052Z","buy",
"0.20910000","100.00000000","2023-12-05T13:43:23.052Z","buy",
"0.20910000","200.00000000","2023-12-05T13:43:23.052Z","buy",
"0.20920000","200.00000000","2023-12-05T13:43:23.052Z","buy",
"0.20940000","321.00000000","2023-12-05T13:43:23.052Z","buy",
"0.20950000","80.00000000","2023-12-05T13:43:23.052Z","buy",
"0.20950000","46.00000000","2023-12-05T13:43:23.052Z","buy",
"0.20960000","43.00000000","2023-12-05T13:43:23.052Z","buy",
"0.20950000","120.00000000","2023-12-05T13:42:14.803Z","buy",
"0.20960000","200.00000000","2023-12-05T13:42:14.803Z","buy",
"0.20970000","80.00000000","2023-12-05T13:42:14.803Z","buy",
"0.20980000","43.00000000","2023-12-05T13:42:14.803Z","buy",
"0.21000000","23.00000000","2023-12-05T13:33:40.315Z","sell",
"0.21000000","80.00000000","2023-12-05T13:33:40.308Z","sell",
"0.21000000","46.00000000","2023-12-05T13:24:36.460Z","buy",
"0.21100000","23.00000000","2023-12-05T13:24:36.460Z","buy",
"0.21110000","384.00000000","2023-12-05T13:24:36.460Z","buy",
"0.21110000","47.00000000","2023-12-05T13:24:36.460Z","buy",
"0.21240000","91.00000000","2023-12-05T13:17:03.480Z","sell",
"0.21240000","60.00000000","2023-12-05T13:17:03.083Z","sell",
"0.21220000","166.00000000","2023-12-05T13:17:03.083Z","sell",
"0.21210000","5.00000000","2023-12-05T13:17:03.083Z","sell",
"0.21210000","151.00000000","2023-12-05T13:16:04.946Z","sell",
"0.21210000","84.00000000","2023-12-05T13:15:57.675Z","sell",
"0.21210000","81.00000000","2023-12-05T13:15:57.403Z","sell",
"0.21200000","47.00000000","2023-12-05T13:15:57.403Z","sell",
"0.21200000","39.00000000","2023-12-05T13:15:57.113Z","sell",
"0.21190000","80.00000000","2023-12-05T13:15:57.113Z","sell",
"0.21180000","47.00000000","2023-12-05T13:15:57.113Z","sell",
"0.21150000","74.00000000","2023-12-05T13:15:48.426Z","sell",
"0.21140000","80.00000000","2023-12-05T13:14:58.437Z","sell",
"0.21150000","68.00000000","2023-12-05T13:14:48.018Z","sell",
"0.21150000","47.00000000","2023-12-05T13:14:48.018Z","sell",
"0.21160000","38.00000000","2023-12-05T13:14:47.377Z","sell",
"0.21150000","47.00000000","2023-12-05T13:14:47.377Z","sell",
"0.20880000","540.00000000","2023-12-05T13:14:46.775Z","buy",
"0.20880000","349.00000000","2023-12-05T13:14:46.775Z","buy",
"0.20890000","100.00000000","2023-12-05T13:14:46.775Z","buy",
"0.20890000","200.00000000","2023-12-05T13:14:46.775Z","buy",
"0.20940000","321.00000000","2023-12-05T13:14:46.775Z","buy",
"0.20950000","200.00000000","2023-12-05T13:14:46.775Z","buy",
"0.20950000","166.00000000","2023-12-05T13:14:46.775Z","buy",
"0.20960000","58.00000000","2023-12-05T13:14:46.775Z","buy",
"0.20980000","80.00000000","2023-12-05T13:14:46.775Z","buy",
"0.21140000","131.00000000","2023-12-05T13:14:46.775Z","buy",
"0.21210000","102.00000000","2023-12-05T13:14:42.628Z","sell",
"0.21230000","90.00000000","2023-12-05T13:13:34.966Z","sell",
"0.21190000","69.00000000","2023-12-05T13:13:34.675Z","sell",
"0.21190000","45.00000000","2023-12-05T13:13:34.416Z","sell",
"0.21180000","200.00000000","2023-12-05T13:13:34.416Z","sell",
"0.21140000","9.00000000","2023-12-05T13:11:56.990Z","buy",
"0.21050000","540.00000000","2023-12-05T13:07:45.927Z","buy",
"0.21050000","319.00000000","2023-12-05T13:07:45.927Z","buy",
"0.21060000","200.00000000","2023-12-05T13:07:45.927Z","buy",
"0.21060000","100.00000000","2023-12-05T13:07:45.927Z","buy",
"0.21060000","166.00000000","2023-12-05T13:07:45.927Z","buy",
"0.21070000","200.00000000","2023-12-05T13:07:45.927Z","buy",
"0.21080000","80.00000000","2023-12-05T13:07:45.927Z","buy",
"0.21090000","53.00000000","2023-12-05T13:07:45.927Z","buy",
"0.21100000","123.00000000","2023-12-05T13:07:45.927Z","buy",
"0.21170000","265.00000000","2023-12-05T13:06:58.363Z","buy",
"0.21190000","92.00000000","2023-12-05T13:03:51.981Z","sell",
"0.21190000","110.00000000","2023-12-05T13:03:51.976Z","sell",
"0.21190000","170.00000000","2023-12-05T13:03:51.731Z","sell",
"0.21190000","1514.00000000","2023-12-05T13:03:51.322Z","sell",
"0.21180000","200.00000000","2023-12-05T13:03:51.322Z","sell",
"0.21180000","200.00000000","2023-12-05T13:03:51.322Z","sell",
"0.21180000","161.00000000","2023-12-05T13:03:51.198Z","sell",
"0.21180000","100.00000000","2023-12-05T13:03:51.198Z","sell",
"0.21170000","99.00000000","2023-12-05T13:03:51.198Z","sell",
"0.21290000","87.00000000","2023-12-05T13:03:32.658Z","sell",
"0.21290000","181.00000000","2023-12-05T13:01:11.267Z","buy",
"0.21300000","191.00000000","2023-12-05T12:57:56.800Z","sell",
"0.21300000","169.00000000","2023-12-05T12:57:56.640Z","sell",
"0.21300000","51.00000000","2023-12-05T12:57:56.404Z","sell",
"0.21300000","75.00000000","2023-12-05T12:57:56.404Z","sell",
"0.21300000","10.00000000","2023-12-05T12:57:56.404Z","sell",
"0.21300000","11.00000000","2023-12-05T12:57:56.363Z","sell",
"0.21290000","200.00000000","2023-12-05T12:57:56.363Z","sell",
"0.21270000","51.00000000","2023-12-05T12:57:56.363Z","sell",
"0.21260000","18.00000000","2023-12-05T12:54:48.025Z","buy",
"0.21310000","5.00000000","2023-12-05T12:52:41.221Z","buy",
"0.21330000","13.00000000","2023-12-05T12:51:30.766Z","sell",
"0.21330000","88.00000000","2023-12-05T12:51:30.766Z","sell",
"0.21330000","100.00000000","2023-12-05T12:51:28.352Z","sell",
"0.21330000","100.00000000","2023-12-05T12:51:28.104Z","sell",
"0.21330000","84.00000000","2023-12-05T12:51:27.879Z","sell",
"0.21330000","70.00000000","2023-12-05T12:51:27.879Z","sell",
"0.21330000","79.00000000","2023-12-05T12:51:25.450Z","sell",
"0.21330000","79.00000000","2023-12-05T12:51:25.156Z","sell",
"0.21330000","21.00000000","2023-12-05T12:51:10.846Z","sell",
"0.21330000","41.00000000","2023-12-05T12:51:08.268Z","sell",
"0.21330000","53.00000000","2023-12-05T12:51:08.268Z","sell",
"0.21330000","144.00000000","2023-12-05T12:51:07.991Z","sell",
"0.21330000","106.00000000","2023-12-05T12:51:05.782Z","sell",
"0.21330000","1.00000000","2023-12-05T12:51:05.470Z","sell",
"0.21330000","101.00000000","2023-12-05T12:51:05.470Z","sell",
"0.21330000","60.00000000","2023-12-05T12:51:05.470Z","sell",
"0.21330000","86.00000000","2023-12-05T12:51:04.577Z","sell",
"0.21330000","8.00000000","2023-12-05T12:51:03.398Z","sell",
"0.21330000","70.00000000","2023-12-05T12:51:03.398Z","sell",
"0.21330000","85.00000000","2023-12-05T12:51:03.143Z","sell",
"0.21330000","35.00000000","2023-12-05T12:51:03.143Z","sell",
"0.21330000","101.00000000","2023-12-05T12:51:02.747Z","sell",
"0.21330000","30.00000000","2023-12-05T12:51:00.334Z","sell",
"0.21320000","89.00000000","2023-12-05T12:51:00.334Z","sell",
"0.21310000","82.00000000","2023-12-05T12:50:39.827Z","sell",
"0.21310000","127.00000000","2023-12-05T12:50:39.580Z","sell",
"0.21310000","195.00000000","2023-12-05T12:50:39.297Z","sell",
"0.21310000","313.00000000","2023-12-05T12:50:38.999Z","sell",
"0.21300000","175.00000000","2023-12-05T12:50:38.735Z","sell",
"0.21300000","5.00000000","2023-12-05T12:50:38.541Z","sell",
"0.21300000","100.00000000","2023-12-05T12:50:38.541Z","sell",
"0.21300000","123.00000000","2023-12-05T12:50:38.288Z","sell",
"0.21290000","80.00000000","2023-12-05T12:50:38.288Z","sell",
"0.21300000","140.00000000","2023-12-05T12:50:37.228Z","sell",
"0.21300000","92.00000000","2023-12-05T12:50:36.776Z","sell",
"0.21300000","100.00000000","2023-12-05T12:50:36.776Z","sell",
"0.21290000","80.00000000","2023-12-05T12:50:36.776Z","sell",
"0.21290000","103.00000000","2023-12-05T12:50:33.913Z","sell",