"price","volume","time","side","orderType"
"0.02462000","735.00000000","2024-05-26T20:25:22.541Z","sell","maker"
"0.02461000","69.00000000","2024-05-26T20:25:22.541Z","sell","maker"
"0.02462000","67.00000000","2024-05-26T20:08:12.372Z","buy","maker"
"0.02472000","25634.00000000","2024-05-26T20:06:42.035Z","sell","maker"
"0.02472000","6742.00000000","2024-05-26T20:06:42.035Z","sell","maker"
"0.02471000","4634.00000000","2024-05-26T20:06:42.035Z","sell","maker"
"0.02471000","1542.00000000","2024-05-26T20:06:42.035Z","sell","maker"
"0.02470000","1080.00000000","2024-05-26T20:06:42.035Z","sell","maker"
"0.02470000","40404.00000000","2024-05-26T20:06:36.797Z","sell","maker"
"0.02472000","5103.00000000","2024-05-26T20:06:32.903Z","sell","maker"
"0.02470000","100.00000000","2024-05-26T20:06:32.903Z","sell","maker"
"0.02466000","34969.00000000","2024-05-26T20:06:32.903Z","sell","maker"
"0.02465000","286.00000000","2024-05-26T20:06:32.903Z","sell","maker"
"0.02466000","11944.00000000","2024-05-26T20:06:29.307Z","sell","maker"
"0.02465000","28538.00000000","2024-05-26T20:06:29.307Z","sell","maker"
"0.02464000","4087.00000000","2024-05-26T20:03:55.240Z","sell","maker"
"0.02456000","806.00000000","2024-05-26T19:56:10.631Z","sell","maker"
"0.02454000","56.00000000","2024-05-26T19:55:53.141Z","sell","maker"
"0.02455000","81.00000000","2024-05-26T19:55:22.132Z","sell","maker"
"0.02455000","73.00000000","2024-05-26T19:54:08.823Z","sell","maker"
"0.02449000","3890.00000000","2024-05-26T19:48:30.429Z","sell","maker"
"0.02446000","4514.00000000","2024-05-26T19:47:51.969Z","buy","maker"
"0.02446000","13088.00000000","2024-05-26T19:47:51.969Z","buy","maker"
"0.02447000","1650.00000000","2024-05-26T19:47:51.969Z","buy","maker"
"0.02447000","1542.00000000","2024-05-26T19:47:51.969Z","buy","maker"
"0.02436000","5703.00000000","2024-05-26T19:23:16.757Z","buy","maker"
"0.02442000","5703.00000000","2024-05-26T19:22:16.257Z","sell","maker"
"0.02449000","20500.00000000","2024-05-26T19:21:27.523Z","buy","maker"
"0.02456000","1129.00000000","2024-05-26T19:11:03.766Z","sell","maker"
"0.02443000","265.00000000","2024-05-26T19:09:20.502Z","sell","maker"
"0.02437000","11550.00000000","2024-05-26T19:08:51.285Z","buy","maker"
"0.02439000","23122.00000000","2024-05-26T19:08:20.364Z","buy","maker"
"0.02439000","17619.00000000","2024-05-26T19:08:20.364Z","buy","maker"
"0.02439000","100.00000000","2024-05-26T19:06:34.368Z","buy","maker"
"0.02444000","38623.00000000","2024-05-26T19:06:34.217Z","buy","maker"
"0.02448000","2590.00000000","2024-05-26T19:06:34.193Z","buy","maker"
"0.02450000","22123.00000000","2024-05-26T19:06:34.193Z","buy","maker"
"0.02450000","11550.00000000","2024-05-26T19:06:34.065Z","buy","maker"
"0.02451000","1700.00000000","2024-05-26T19:06:34.065Z","buy","maker"
"0.02454000","46899.00000000","2024-05-26T19:06:34.065Z","buy","maker"
"0.02455000","43851.00000000","2024-05-26T19:06:34.065Z","buy","maker"
"0.02453000","7500.00000000","2024-05-26T19:06:21.491Z","buy","maker"
"0.02453000","11625.00000000","2024-05-26T19:06:21.488Z","buy","maker"
"0.02454000","375.00000000","2024-05-26T19:06:21.488Z","buy","maker"
"0.02454000","3534.00000000","2024-05-26T19:06:21.485Z","buy","maker"
"0.02456000","3966.00000000","2024-05-26T19:06:21.485Z","buy","maker"
"0.02468000","7955.00000000","2024-05-26T19:06:21.331Z","buy","maker"
"0.02468000","38113.00000000","2024-05-26T19:06:21.179Z","buy","maker"
"0.02469000","40408.00000000","2024-05-26T19:06:21.179Z","buy","maker"
"0.02470000","8000.00000000","2024-05-26T19:06:21.179Z","buy","maker"
"0.02470000","3965.00000000","2024-05-26T19:06:21.179Z","buy","maker"
"0.02471000","3883.00000000","2024-05-26T19:06:21.179Z","buy","maker"
"0.02473000","131.00000000","2024-05-26T19:06:21.179Z","buy","maker"
"0.02469000","11855.00000000","2024-05-26T18:54:52.925Z","buy","maker"
"0.02470000","23904.00000000","2024-05-26T18:54:52.925Z","buy","maker"
"0.02471000","11968.00000000","2024-05-26T18:54:52.925Z","buy","maker"
"0.02475000","4000.00000000","2024-05-26T18:47:33.763Z","sell","maker"
"0.02475000","255.00000000","2024-05-26T18:47:33.763Z","sell","maker"
"0.02474000","2132.00000000","2024-05-26T18:47:33.763Z","sell","maker"
"0.02474000","9675.00000000","2024-05-26T18:46:08.826Z","sell","maker"
"0.02474000","1542.00000000","2024-05-26T18:46:08.826Z","sell","maker"
"0.02472000","24628.00000000","2024-05-26T18:46:08.826Z","sell","maker"
"0.02471000","9450.00000000","2024-05-26T18:46:08.826Z","sell","maker"
"0.02470000","2412.00000000","2024-05-26T18:46:08.826Z","sell","maker"
"0.02474000","260.00000000","2024-05-26T18:44:51.754Z","buy","maker"
"0.02474000","1723.00000000","2024-05-26T18:44:47.594Z","buy","maker"
"0.02474000","8626.00000000","2024-05-26T18:44:47.594Z","buy","maker"
"0.02473000","228.00000000","2024-05-26T18:44:23.212Z","buy","maker"
"0.02470000","397.00000000","2024-05-26T18:43:56.970Z","buy","maker"
"0.02470000","8125.00000000","2024-05-26T18:43:54.437Z","sell","maker"
"0.02470000","100.00000000","2024-05-26T18:43:54.437Z","sell","maker"
"0.02465000","31323.00000000","2024-05-26T18:43:54.437Z","sell","maker"
"0.02465000","1542.00000000","2024-05-26T18:43:54.403Z","sell","maker"
"0.02464000","484.00000000","2024-05-26T18:43:54.351Z","buy","maker"
"0.02465000","13492.00000000","2024-05-26T18:43:54.122Z","sell","maker"
"0.02465000","9506.00000000","2024-05-26T18:43:54.122Z","sell","maker"
"0.02459000","43166.00000000","2024-05-26T18:43:54.122Z","sell","maker"
"0.02458000","4954.00000000","2024-05-26T18:43:54.122Z","sell","maker"
"0.02457000","31882.00000000","2024-05-26T18:43:54.122Z","sell","maker"
"0.02457000","1668.00000000","2024-05-26T18:39:25.009Z","buy","maker"
"0.02457000","9684.00000000","2024-05-26T18:27:43.019Z","sell","maker"
"0.02457000","37254.00000000","2024-05-26T18:27:36.441Z","sell","maker"
"0.02456000","9206.00000000","2024-05-26T18:27:36.441Z","sell","maker"
"0.02456000","1542.00000000","2024-05-26T18:27:33.670Z","sell","maker"
"0.02456000","189.00000000","2024-05-26T18:27:33.670Z","sell","maker"
"0.02456000","23120.00000000","2024-05-26T18:26:50.828Z","sell","maker"
"0.02454000","18880.00000000","2024-05-26T18:26:50.828Z","sell","maker"
"0.02444000","1454.00000000","2024-05-26T18:22:52.154Z","buy","maker"
"0.02445000","9331.00000000","2024-05-26T18:22:52.154Z","buy","maker"
"0.02445000","19067.00000000","2024-05-26T18:22:31.897Z","buy","maker"
"0.02445000","1542.00000000","2024-05-26T18:22:31.897Z","buy","maker"
"0.02453000","2775.00000000","2024-05-26T18:19:39.312Z","sell","maker"
"0.02456000","3191.00000000","2024-05-26T18:18:25.701Z","sell","maker"
"0.02455000","8544.00000000","2024-05-26T18:18:25.701Z","sell","maker"
"0.02455000","202.00000000","2024-05-26T18:18:23.456Z","sell","maker"
"0.02456000","7554.00000000","2024-05-26T18:17:00.156Z","sell","maker"
"0.02455000","9123.00000000","2024-05-26T18:14:15.192Z","sell","maker"
"0.02454000","8998.00000000","2024-05-26T18:14:15.192Z","sell","maker"
"0.02453000","1417.00000000","2024-05-26T18:14:15.192Z","sell","maker"
"0.02453000","324.00000000","2024-05-26T18:14:15.192Z","sell","maker"
"0.02453000","32399.00000000","2024-05-26T18:12:14.672Z","sell","maker"
"0.02452000","380.00000000","2024-05-26T18:09:56.328Z","buy","maker"
"0.02452000","390.00000000","2024-05-26T18:09:39.691Z","buy","maker"
"0.02453000","263.00000000","2024-05-26T18:05:49.150Z","buy","maker"
"0.02453000","193.00000000","2024-05-26T18:05:30.273Z","buy","maker"
"0.02453000","411.00000000","2024-05-26T18:05:18.058Z","buy","maker"
"0.02452000","6023.00000000","2024-05-26T18:04:52.647Z","buy","maker"
"0.02453000","1076.00000000","2024-05-26T18:04:52.647Z","buy","maker"
"0.02458000","325.00000000","2024-05-26T18:01:08.943Z","buy","maker"
"0.02460000","248.00000000","2024-05-26T18:00:58.723Z","buy","maker"
"0.02456000","246.00000000","2024-05-26T17:51:12.596Z","buy","maker"
"0.02451000","299.00000000","2024-05-26T17:46:49.359Z","buy","maker"
"0.02447000","91.00000000","2024-05-26T17:38:24.496Z","buy","maker"
"0.02449000","239.00000000","2024-05-26T17:35:49.376Z","sell","maker"
"0.02436000","60.00000000","2024-05-26T17:25:26.814Z","buy","maker"
"0.02437000","1695.00000000","2024-05-26T17:25:26.814Z","buy","maker"
"0.02448000","46.00000000","2024-05-26T17:15:39.121Z","buy","maker"
"0.02448000","454.00000000","2024-05-26T17:15:22.119Z","buy","maker"
"0.02450000","125.00000000","2024-05-26T17:14:26.750Z","sell","maker"
"0.02448000","4047.00000000","2024-05-26T17:11:08.530Z","buy","maker"
"0.02448000","8.00000000","2024-05-26T17:07:07.118Z","buy","maker"
"0.02453000","409.00000000","2024-05-26T17:06:40.406Z","buy","maker"
"0.02456000","449.00000000","2024-05-26T17:06:12.251Z","buy","maker"
"0.02453000","293.00000000","2024-05-26T17:05:32.679Z","buy","maker"
"0.02454000","112.00000000","2024-05-26T17:05:25.815Z","buy","maker"
"0.02454000","213.00000000","2024-05-26T17:05:22.375Z","buy","maker"
"0.02454000","270.00000000","2024-05-26T17:05:04.464Z","buy","maker"
"0.02453000","385.00000000","2024-05-26T17:05:02.372Z","buy","maker"
"0.02453000","111.00000000","2024-05-26T17:04:56.198Z","buy","maker"
"0.02454000","162.00000000","2024-05-26T17:04:36.655Z","buy","maker"
"0.02454000","468.00000000","2024-05-26T17:04:29.617Z","buy","maker"
"0.02451000","366.00000000","2024-05-26T17:01:50.768Z","buy","maker"
"0.02437000","369.00000000","2024-05-26T16:44:39.398Z","buy","maker"
"0.02428000","48966.00000000","2024-05-26T16:41:08.559Z","buy","maker"
"0.02429000","6463.00000000","2024-05-26T16:41:08.559Z","buy","maker"
"0.02430000","55731.00000000","2024-05-26T16:41:08.559Z","buy","maker"
"0.02430000","31441.00000000","2024-05-26T16:41:08.559Z","buy","maker"
"0.02431000","41264.00000000","2024-05-26T16:41:08.559Z","buy","maker"
"0.02432000","38437.00000000","2024-05-26T16:41:08.559Z","buy","maker"
"0.02433000","22274.00000000","2024-05-26T16:41:08.559Z","buy","maker"
"0.02433000","2002.00000000","2024-05-26T16:41:08.559Z","buy","maker"
"0.02434000","2724.00000000","2024-05-26T16:41:08.559Z","buy","maker"
"0.02434000","10038.00000000","2024-05-26T16:41:08.559Z","buy","maker"
"0.02435000","25452.00000000","2024-05-26T16:41:08.559Z","buy","maker"
"0.02436000","10532.00000000","2024-05-26T16:41:08.559Z","buy","maker"
"0.02441000","41.00000000","2024-05-26T16:21:32.185Z","buy","maker"
"0.02440000","7917.00000000","2024-05-26T16:18:16.003Z","sell","maker"
"0.02439000","25381.00000000","2024-05-26T16:18:16.003Z","sell","maker"
"0.02438000","7945.00000000","2024-05-26T16:18:16.003Z","sell","maker"
"0.02440000","7241.00000000","2024-05-26T16:18:13.917Z","sell","maker"
"0.02447000","399.00000000","2024-05-26T16:16:57.880Z","sell","maker"
"0.02446000","563.00000000","2024-05-26T16:16:57.880Z","sell","maker"
"0.02439000","2820.00000000","2024-05-26T16:14:56.203Z","buy","maker"
"0.02440000","9692.00000000","2024-05-26T16:14:56.203Z","buy","maker"
"0.02440000","2777.00000000","2024-05-26T16:14:56.203Z","buy","maker"
"0.02441000","22204.00000000","2024-05-26T16:14:56.203Z","buy","maker"
"0.02442000","1063.00000000","2024-05-26T16:14:56.203Z","buy","maker"
"0.02438000","8.00000000","2024-05-26T16:14:04.707Z","buy","maker"
"0.02446000","38981.00000000","2024-05-26T16:11:30.998Z","buy","maker"
"0.02449000","22138.00000000","2024-05-26T16:11:30.998Z","buy","maker"
"0.02450000","881.00000000","2024-05-26T16:11:30.998Z","buy","maker"
"0.02460000","405.00000000","2024-05-26T16:10:00.879Z","sell","maker"
"0.02459000","98.00000000","2024-05-26T16:10:00.879Z","sell","maker"
"0.02461000","494.00000000","2024-05-26T16:05:05.375Z","buy","maker"
"0.02462000","46449.00000000","2024-05-26T16:03:55.658Z","buy","maker"
"0.02463000","11282.00000000","2024-05-26T16:03:55.658Z","buy","maker"
"0.02460000","11659.00000000","2024-05-26T16:03:28.612Z","buy","maker"
"0.02461000","1542.00000000","2024-05-26T16:03:28.612Z","buy","maker"
"0.02443000","1053.00000000","2024-05-26T15:42:18.119Z","buy","maker"
"0.02434000","290.00000000","2024-05-26T15:24:03.123Z","buy","maker"
"0.02442000","18294.00000000","2024-05-26T15:16:40.999Z","sell","maker"
"0.02442000","339.00000000","2024-05-26T15:16:40.999Z","sell","maker"
"0.02441000","9049.00000000","2024-05-26T15:16:40.999Z","sell","maker"
"0.02441000","122.00000000","2024-05-26T15:16:38.912Z","sell","maker"
"0.02440000","805.00000000","2024-05-26T15:16:38.912Z","sell","maker"
"0.02444000","369.00000000","2024-05-26T15:14:38.840Z","buy","maker"
"0.02444000","807.00000000","2024-05-26T15:14:38.332Z","buy","maker"
"0.02444000","503.00000000","2024-05-26T15:14:37.013Z","buy","maker"
"0.02444000","494.00000000","2024-05-26T15:14:16.478Z","buy","maker"
"0.02444000","1281.00000000","2024-05-26T15:10:00.481Z","buy","maker"
"0.02444000","489.00000000","2024-05-26T15:09:59.675Z","buy","maker"
"0.02444000","282.00000000","2024-05-26T15:09:04.836Z","buy","maker"
"0.02448000","44.00000000","2024-05-26T15:03:43.701Z","sell","maker"
"0.02450000","10083.00000000","2024-05-26T15:03:19.612Z","sell","maker"
"0.02449000","6218.00000000","2024-05-26T15:03:19.612Z","sell","maker"
"0.02448000","447.00000000","2024-05-26T15:03:19.612Z","sell","maker"
"0.02447000","12844.00000000","2024-05-26T15:03:19.612Z","sell","maker"
"0.02446000","16617.00000000","2024-05-26T15:03:19.612Z","sell","maker"
"0.02440000","327.00000000","2024-05-26T15:01:43.142Z","buy","maker"
"0.02431000","12.00000000","2024-05-26T14:55:38.282Z","buy","maker"
"0.02430000","47.00000000","2024-05-26T14:52:56.342Z","buy","maker"
"0.02424000","16689.00000000","2024-05-26T14:49:24.334Z","buy","maker"
"0.02421000","82.00000000","2024-05-26T14:41:30.221Z","sell","maker"
"0.02422000","4069.00000000","2024-05-26T14:41:05.995Z","sell","maker"
"0.02421000","9437.00000000","2024-05-26T14:41:05.995Z","sell","maker"
"0.02419000","3093.00000000","2024-05-26T14:41:05.995Z","sell","maker"
"0.02414000","804.00000000","2024-05-26T14:34:49.414Z","buy","maker"
"0.02411000","184.00000000","2024-05-26T14:29:13.605Z","sell","maker"
"0.02411000","400.00000000","2024-05-26T14:29:08.129Z","sell","maker"
"0.02411000","405.00000000","2024-05-26T14:29:03.993Z","sell","maker"
"0.02411000","393.00000000","2024-05-26T14:28:51.687Z","sell","maker"
"0.02410000","364.00000000","2024-05-26T14:28:46.770Z","sell","maker"
"0.02415000","1388.00000000","2024-05-26T14:22:58.686Z","buy","maker"
"0.02425000","12283.00000000","2024-05-26T14:18:14.637Z","sell","maker"
"0.02424000","102.00000000","2024-05-26T14:18:13.259Z","sell","maker"
"0.02419000","204.00000000","2024-05-26T14:17:13.275Z","sell","maker"
"0.02416000","73.00000000","2024-05-26T14:17:13.244Z","buy","maker"
"0.02434000","225.00000000","2024-05-26T14:11:00.073Z","buy","maker"
"0.02437000","3.00000000","2024-05-26T13:56:04.506Z","buy","maker"
"0.02439000","31.00000000","2024-05-26T13:55:53.568Z","sell","maker"
"0.02430000","22650.00000000","2024-05-26T13:51:17.515Z","buy","maker"
"0.02431000","8286.00000000","2024-05-26T13:51:17.515Z","buy","maker"
"0.02437000","2043.00000000","2024-05-26T13:50:51.091Z","sell","maker"
"0.02436000","592.00000000","2024-05-26T13:50:51.091Z","sell","maker"
"0.02436000","9199.00000000","2024-05-26T13:50:51.091Z","sell","maker"
"0.02435000","22330.00000000","2024-05-26T13:50:51.091Z","sell","maker"
"0.02425000","365.00000000","2024-05-26T13:47:26.144Z","buy","maker"
"0.02426000","7215.00000000","2024-05-26T13:47:26.144Z","buy","maker"
"0.02436000","11564.00000000","2024-05-26T13:29:16.514Z","sell","maker"
"0.02435000","404.00000000","2024-05-26T13:29:16.514Z","sell","maker"
"0.02436000","28.00000000","2024-05-26T13:25:01.078Z","buy","maker"
"0.02435000","1007.00000000","2024-05-26T13:24:28.345Z","buy","maker"
"0.02435000","7866.00000000","2024-05-26T13:24:28.345Z","buy","maker"
"0.02436000","2582.00000000","2024-05-26T13:24:28.345Z","buy","maker"
"0.02435000","36.00000000","2024-05-26T13:12:33.002Z","buy","maker"
"0.02428000","83.00000000","2024-05-26T13:09:16.093Z","buy","maker"
"0.02428000","83.00000000","2024-05-26T13:09:16.093Z","buy","maker"
"0.02429000","264.00000000","2024-05-26T13:09:15.844Z","sell","maker"
"0.02432000","31458.00000000","2024-05-26T13:09:14.670Z","buy","maker"
"0.02434000","23389.00000000","2024-05-26T13:09:14.670Z","buy","maker"
"0.02435000","45819.00000000","2024-05-26T13:09:14.670Z","buy","maker"
"0.02436000","1914.00000000","2024-05-26T13:09:14.670Z","buy","maker"
"0.02436000","1420.00000000","2024-05-26T13:09:14.670Z","buy","maker"
"0.02445000","1542.00000000","2024-05-26T13:08:55.702Z","buy","maker"
"0.02445000","8276.00000000","2024-05-26T13:08:55.593Z","buy","maker"
"0.02446000","21405.00000000","2024-05-26T13:08:55.593Z","buy","maker"
"0.02447000","2319.00000000","2024-05-26T13:08:55.593Z","buy","maker"
"0.02446000","761.00000000","2024-05-26T13:08:55.580Z","buy","maker"
"0.02446000","54310.00000000","2024-05-26T13:08:55.580Z","buy","maker"
"0.02447000","4639.00000000","2024-05-26T13:08:55.580Z","buy","maker"
"0.02448000","2290.00000000","2024-05-26T13:08:55.580Z","buy","maker"
"0.02450000","49.00000000","2024-05-26T13:05:22.991Z","buy","maker"
"0.02437000","20115.00000000","2024-05-26T12:57:56.511Z","buy","maker"
"0.02437000","9669.00000000","2024-05-26T12:57:56.511Z","buy","maker"
"0.02438000","3400.00000000","2024-05-26T12:57:56.511Z","buy","maker"
"0.02463000","23423.00000000","2024-05-26T12:47:36.740Z","sell","maker"
"0.02462000","10031.00000000","2024-05-26T12:47:36.740Z","sell","maker"
"0.02460000","163.00000000","2024-05-26T12:47:34.094Z","buy","maker"
"0.02460000","25395.00000000","2024-05-26T12:46:23.226Z","sell","maker"
"0.02460000","11558.00000000","2024-05-26T12:46:23.226Z","sell","maker"
"0.02459000","9321.00000000","2024-05-26T12:46:23.226Z","sell","maker"
"0.02458000","367.00000000","2024-05-26T12:46:23.226Z","sell","maker"
"0.02468000","11077.00000000","2024-05-26T12:45:40.346Z","sell","maker"
"0.02468000","2101.00000000","2024-05-26T12:45:40.346Z","sell","maker"
"0.02466000","15914.00000000","2024-05-26T12:45:40.346Z","sell","maker"
"0.02466000","24587.00000000","2024-05-26T12:45:40.205Z","sell","maker"
"0.02465000","36641.00000000","2024-05-26T12:45:40.205Z","sell","maker"
"0.02464000","425.00000000","2024-05-26T12:45:40.205Z","sell","maker"
"0.02464000","424.00000000","2024-05-26T12:45:40.205Z","sell","maker"
"0.02464000","423.00000000","2024-05-26T12:45:40.205Z","sell","maker"
"0.02462000","355.00000000","2024-05-26T12:45:35.531Z","buy","maker"
"0.02463000","447.00000000","2024-05-26T12:45:30.955Z","buy","maker"
"0.02463000","488.00000000","2024-05-26T12:45:23.380Z","buy","maker"
"0.02462000","7446.00000000","2024-05-26T12:45:23.371Z","buy","maker"
"0.02462000","696.00000000","2024-05-26T12:45:23.371Z","buy","maker"
"0.02463000","488.00000000","2024-05-26T12:45:23.371Z","buy","maker"
"0.02463000","12543.00000000","2024-05-26T12:45:23.371Z","buy","maker"
"0.02463000","511.00000000","2024-05-26T12:45:21.004Z","buy","maker"
"0.02462000","362.00000000","2024-05-26T12:45:18.214Z","buy","maker"
"0.02463000","45013.00000000","2024-05-26T12:45:17.961Z","sell","maker"
"0.02456000","484.00000000","2024-05-26T12:44:39.995Z","buy","maker"
"0.02452000","1220.00000000","2024-05-26T12:44:00.835Z","sell","maker"
"0.02446000","8000.00000000","2024-05-26T12:43:59.986Z","sell","maker"
"0.02440000","5478.00000000","2024-05-26T12:43:59.707Z","sell","maker"
"0.02436000","1542.00000000","2024-05-26T12:43:59.685Z","sell","maker"
"0.02434000","46858.00000000","2024-05-26T12:43:59.685Z","sell","maker"
"0.02431000","41.00000000","2024-05-26T12:42:10.623Z","sell","maker"
"0.02428000","7101.00000000","2024-05-26T12:37:28.111Z","buy","maker"
"0.02426000","62500.00000000","2024-05-26T12:37:27.011Z","buy","maker"
"0.02427000","3799.00000000","2024-05-26T12:37:27.011Z","buy","maker"
"0.02427000","11725.00000000","2024-05-26T12:37:27.011Z","buy","maker"
"0.02428000","22335.00000000","2024-05-26T12:37:27.011Z","buy","maker"
"0.02429000","11758.00000000","2024-05-26T12:37:27.011Z","buy","maker"
"0.02429000","4442.00000000","2024-05-26T12:37:27.011Z","buy","maker"
"0.02430000","653.00000000","2024-05-26T12:37:27.011Z","buy","maker"
"0.02431000","49909.00000000","2024-05-26T12:37:27.011Z","buy","maker"
"0.02431000","118.00000000","2024-05-26T12:37:25.107Z","sell","maker"
"0.02431000","693.00000000","2024-05-26T12:37:24.914Z","buy","maker"
"0.02430000","3403.00000000","2024-05-26T12:27:21.408Z","buy","maker"
"0.02431000","699.00000000","2024-05-26T12:27:21.408Z","buy","maker"
"0.02440000","1126.00000000","2024-05-26T12:01:05.831Z","buy","maker"
"0.02433000","2119.00000000","2024-05-26T11:55:10.705Z","buy","maker"
"0.02434000","4261.00000000","2024-05-26T11:55:10.705Z","buy","maker"
"0.02435000","1518.00000000","2024-05-26T11:55:10.705Z","buy","maker"
"0.02432000","83.00000000","2024-05-26T11:53:11.946Z","buy","maker"
"0.02458000","2422.00000000","2024-05-26T11:51:02.973Z","buy","maker"
"0.02458000","24312.00000000","2024-05-26T11:51:00.676Z","buy","maker"
"0.02450000","418.00000000","2024-05-26T11:50:01.430Z","buy","maker"
"0.02450000","1213.00000000","2024-05-26T11:49:51.166Z","sell","maker"
"0.02449000","404.00000000","2024-05-26T11:49:50.169Z","buy","maker"
"0.02449000","335.00000000","2024-05-26T11:49:29.694Z","buy","maker"
"0.02449000","183.00000000","2024-05-26T11:49:17.301Z","buy","maker"
"0.02449000","405.00000000","2024-05-26T11:49:01.283Z","buy","maker"
"0.02449000","216.00000000","2024-05-26T11:48:53.155Z","buy","maker"
"0.02448000","179.00000000","2024-05-26T11:48:47.007Z","buy","maker"
"0.02449000","173.00000000","2024-05-26T11:48:44.602Z","buy","maker"
"0.02448000","453.00000000","2024-05-26T11:48:41.860Z","buy","maker"
"0.02449000","473.00000000","2024-05-26T11:48:39.618Z","buy","maker"
"0.02449000","269.00000000","2024-05-26T11:48:31.502Z","buy","maker"
"0.02448000","109.00000000","2024-05-26T11:48:12.827Z","buy","maker"
"0.02449000","360.00000000","2024-05-26T11:48:09.935Z","buy","maker"
"0.02448000","99.00000000","2024-05-26T11:48:01.552Z","buy","maker"
"0.02448000","136.00000000","2024-05-26T11:46:50.753Z","buy","maker"
"0.02439000","935.00000000","2024-05-26T11:43:31.981Z","sell","maker"
"0.02439000","100.00000000","2024-05-26T11:43:31.981Z","sell","maker"
"0.02435000","124.00000000","2024-05-26T11:33:25.649Z","sell","maker"
"0.02429000","355.00000000","2024-05-26T11:31:16.327Z","buy","maker"
"0.02429000","54.00000000","2024-05-26T11:31:01.006Z","buy","maker"
"0.02437000","306.00000000","2024-05-26T11:28:13.448Z","sell","maker"
"0.02433000","537.00000000","2024-05-26T11:23:28.842Z","buy","maker"
"0.02434000","18.00000000","2024-05-26T10:48:02.998Z","buy","maker"
"0.02437000","3682.00000000","2024-05-26T10:45:37.551Z","sell","maker"
"0.02436000","62.00000000","2024-05-26T10:35:57.501Z","buy","maker"
"0.02435000","360.00000000","2024-05-26T10:16:23.195Z","sell","maker"
"0.02430000","7673.00000000","2024-05-26T09:52:52.147Z","sell","maker"
"0.02428000","38363.00000000","2024-05-26T09:52:52.147Z","sell","maker"
"0.02426000","8053.00000000","2024-05-26T09:52:52.147Z","sell","maker"
"0.02425000","45393.00000000","2024-05-26T09:52:52.147Z","sell","maker"
"0.02424000","8000.00000000","2024-05-26T09:52:52.147Z","sell","maker"
"0.02423000","91068.00000000","2024-05-26T09:52:52.147Z","sell","maker"
"0.02422000","2597.00000000","2024-05-26T09:52:52.147Z","sell","maker"
"0.02411000","15372.00000000","2024-05-26T09:50:32.596Z","sell","maker"
"0.02411000","8745.00000000","2024-05-26T09:50:32.504Z","buy","maker"
"0.02412000","46.00000000","2024-05-26T09:50:32.504Z","buy","maker"
"0.02414000","4087.00000000","2024-05-26T09:50:32.504Z","buy","maker"
"0.02412000","10382.00000000","2024-05-26T09:38:21.354Z","sell","maker"
"0.02412000","54.00000000","2024-05-26T09:38:21.269Z","sell","maker"
"0.02417000","11.00000000","2024-05-26T09:36:29.205Z","sell","maker"
"0.02411000","3821.00000000","2024-05-26T09:36:08.538Z","buy","maker"
"0.02412000","167.00000000","2024-05-26T09:36:08.538Z","buy","maker"
"0.02412000","1542.00000000","2024-05-26T09:36:08.538Z","buy","maker"
"0.02409000","411.00000000","2024-05-26T09:17:58.959Z","sell","maker"
"0.02396000","83.00000000","2024-05-26T09:06:39.108Z","sell","maker"
"0.02381000","5613.00000000","2024-05-26T08:44:47.176Z","buy","maker"
"0.02381000","3950.00000000","2024-05-26T08:44:47.176Z","buy","maker"
"0.02384000","1305.00000000","2024-05-26T08:32:38.246Z","buy","maker"
"0.02390000","6.00000000","2024-05-26T08:14:40.659Z","buy","maker"
"0.02386000","334.00000000","2024-05-26T07:53:30.352Z","sell","maker"
"0.02397000","284.00000000","2024-05-26T07:38:49.897Z","sell","maker"
"0.02392000","42000.00000000","2024-05-26T07:37:59.232Z","buy","maker"
"0.02393000","1427.00000000","2024-05-26T07:37:59.210Z","buy","maker"
"0.02394000","22562.00000000","2024-05-26T07:37:59.210Z","buy","maker"
"0.02394000","21700.00000000","2024-05-26T07:37:59.210Z","buy","maker"
"0.02395000","1715.00000000","2024-05-26T07:37:59.210Z","buy","maker"
"0.02395000","2660.00000000","2024-05-26T07:37:59.210Z","buy","maker"
"0.02395000","7157.00000000","2024-05-26T07:37:59.210Z","buy","maker"
"0.02396000","5215.00000000","2024-05-26T07:37:59.210Z","buy","maker"
"0.02398000","64.00000000","2024-05-26T07:37:59.210Z","buy","maker"
"0.02401000","1542.00000000","2024-05-26T07:37:54.498Z","buy","maker"
"0.02415000","217.00000000","2024-05-26T07:37:49.806Z","buy","maker"
"0.02414000","15772.00000000","2024-05-26T07:37:49.658Z","buy","maker"
"0.02415000","25228.00000000","2024-05-26T07:37:49.658Z","buy","maker"
"0.02415000","16500.00000000","2024-05-26T07:37:49.641Z","buy","maker"
"0.02420000","22394.00000000","2024-05-26T07:37:49.486Z","buy","maker"
"0.02421000","2090.00000000","2024-05-26T07:37:49.486Z","buy","maker"
"0.02423000","2219.00000000","2024-05-26T07:37:49.462Z","buy","maker"
"0.02423000","37366.00000000","2024-05-26T07:37:49.335Z","buy","maker"
"0.02424000","25134.00000000","2024-05-26T07:37:49.335Z","buy","maker"
"0.02421000","37715.00000000","2024-05-26T07:37:49.324Z","buy","maker"
"0.02422000","25285.00000000","2024-05-26T07:37:49.324Z","buy","maker"
"0.02411000","7581.00000000","2024-05-26T07:35:32.939Z","sell","maker"
"0.02411000","326.00000000","2024-05-26T07:32:45.013Z","sell","maker"
"0.02411000","459.00000000","2024-05-26T07:32:40.878Z","sell","maker"
"0.02407000","1906.00000000","2024-05-26T07:32:30.441Z","buy","maker"
"0.02408000","1542.00000000","2024-05-26T07:32:30.441Z","buy","maker"
"0.02400000","187.00000000","2024-05-26T07:19:27.699Z","sell","maker"
"0.02398000","126.00000000","2024-05-26T07:14:11.946Z","sell","maker"
"0.02398000","403.00000000","2024-05-26T07:14:06.579Z","sell","maker"
"0.02398000","381.00000000","2024-05-26T07:14:01.672Z","sell","maker"
"0.02398000","112.00000000","2024-05-26T07:13:16.706Z","sell","maker"
"0.02398000","221.00000000","2024-05-26T07:13:13.716Z","sell","maker"
"0.02398000","152.00000000","2024-05-26T07:13:07.134Z","sell","maker"
"0.02398000","105.00000000","2024-05-26T07:13:02.400Z","sell","maker"
"0.02399000","42.00000000","2024-05-26T07:11:06.862Z","sell","maker"
"0.02399000","249.00000000","2024-05-26T07:10:40.841Z","sell","maker"
"0.02400000","265.00000000","2024-05-26T07:10:19.249Z","sell","maker"
"0.02400000","131.00000000","2024-05-26T07:10:14.695Z","sell","maker"
"0.02400000","220.00000000","2024-05-26T07:10:10.377Z","sell","maker"
"0.02400000","161.00000000","2024-05-26T07:07:28.481Z","sell","maker"
"0.02400000","416.00000000","2024-05-26T07:06:39.855Z","sell","maker"
"0.02400000","295.00000000","2024-05-26T07:06:33.152Z","sell","maker"
"0.02400000","11061.00000000","2024-05-26T07:06:28.982Z","sell","maker"
"0.02400000","467.00000000","2024-05-26T07:06:23.508Z","sell","maker"
"0.02400000","223.00000000","2024-05-26T07:06:20.863Z","sell","maker"
"0.02400000","272.00000000","2024-05-26T07:06:17.193Z","sell","maker"
"0.02400000","173.00000000","2024-05-26T07:05:44.357Z","sell","maker"
"0.02401000","235.00000000","2024-05-26T07:05:34.631Z","sell","maker"
"0.02401000","454.00000000","2024-05-26T07:05:15.872Z","sell","maker"
"0.02401000","443.00000000","2024-05-26T07:05:11.005Z","sell","maker"
"0.02401000","134.00000000","2024-05-26T07:04:46.372Z","sell","maker"
"0.02406000","100.00000000","2024-05-26T07:01:33.244Z","sell","maker"
"0.02401000","6172.00000000","2024-05-26T06:58:56.905Z","buy","maker"
"0.02409000","100.00000000","2024-05-26T06:54:03.117Z","buy","maker"
"0.02410000","278.00000000","2024-05-26T06:53:42.233Z","sell","maker"
"0.02410000","144.00000000","2024-05-26T06:53:39.817Z","sell","maker"
"0.02410000","100.00000000","2024-05-26T06:53:37.591Z","sell","maker"
"0.02410000","363.00000000","2024-05-26T06:53:35.388Z","sell","maker"
"0.02410000","375.00000000","2024-05-26T06:53:33.046Z","sell","maker"
"0.02410000","102.00000000","2024-05-26T06:53:30.475Z","sell","maker"
"0.02410000","282.00000000","2024-05-26T06:53:27.711Z","sell","maker"
"0.02410000","369.00000000","2024-05-26T06:53:25.251Z","sell","maker"
"0.02410000","410.00000000","2024-05-26T06:53:23.124Z","sell","maker"
"0.02410000","387.00000000","2024-05-26T06:53:20.180Z","sell","maker"
"0.02410000","279.00000000","2024-05-26T06:53:17.654Z","sell","maker"
"0.02410000","106.00000000","2024-05-26T06:53:14.361Z","sell","maker"
"0.02410000","304.00000000","2024-05-26T06:53:10.278Z","sell","maker"
"0.02410000","352.00000000","2024-05-26T06:53:07.691Z","sell","maker"
"0.02410000","233.00000000","2024-05-26T06:53:05.433Z","sell","maker"
"0.02410000","141.00000000","2024-05-26T06:53:02.952Z","sell","maker"
"0.02410000","206.00000000","2024-05-26T06:52:36.654Z","sell","maker"
"0.02410000","118.00000000","2024-05-26T06:52:06.646Z","sell","maker"
"0.02410000","158.00000000","2024-05-26T06:52:02.874Z","sell","maker"
"0.02410000","385.00000000","2024-05-26T06:52:00.652Z","sell","maker"
"0.02410000","486.00000000","2024-05-26T06:51:57.444Z","sell","maker"
"0.02410000","327.00000000","2024-05-26T06:51:54.758Z","sell","maker"
"0.02410000","237.00000000","2024-05-26T06:51:51.732Z","sell","maker"
"0.02410000","469.00000000","2024-05-26T06:51:48.950Z","sell","maker"
"0.02410000","262.00000000","2024-05-26T06:51:45.895Z","sell","maker"
"0.02410000","136.00000000","2024-05-26T06:51:43.046Z","sell","maker"
"0.02410000","163.00000000","2024-05-26T06:51:40.654Z","sell","maker"
"0.02410000","466.00000000","2024-05-26T06:51:38.175Z","sell","maker"
"0.02410000","185.00000000","2024-05-26T06:51:23.438Z","sell","maker"
"0.02410000","163.00000000","2024-05-26T06:51:12.269Z","sell","maker"
"0.02413000","41.00000000","2024-05-26T06:48:25.718Z","sell","maker"
"0.02415000","250.00000000","2024-05-26T06:30:07.008Z","sell","maker"
"0.02419000","91.00000000","2024-05-26T06:20:02.510Z","sell","maker"
"0.02417000","241.00000000","2024-05-26T06:09:23.684Z","sell","maker"
"0.02415000","263.00000000","2024-05-26T06:07:43.519Z","sell","maker"
"0.02417000","288.00000000","2024-05-26T06:05:47.734Z","sell","maker"
"0.02417000","263.00000000","2024-05-26T06:05:44.710Z","sell","maker"
"0.02417000","318.00000000","2024-05-26T06:05:38.234Z","sell","maker"
"0.02417000","439.00000000","2024-05-26T06:05:34.015Z","sell","maker"
"0.02417000","480.00000000","2024-05-26T06:05:27.092Z","sell","maker"
"0.02416000","173.00000000","2024-05-26T06:05:16.590Z","sell","maker"
"0.02416000","355.00000000","2024-05-26T06:05:02.978Z","sell","maker"
"0.02417000","41.00000000","2024-05-26T06:04:01.141Z","sell","maker"
"0.02417000","327.00000000","2024-05-26T06:03:37.526Z","sell","maker"
"0.02417000","464.00000000","2024-05-26T06:03:34.012Z","sell","maker"
"0.02417000","383.00000000","2024-05-26T06:03:30.478Z","sell","maker"
"0.02417000","218.00000000","2024-05-26T06:03:23.903Z","sell","maker"
"0.02417000","419.00000000","2024-05-26T06:03:15.746Z","sell","maker"
"0.02417000","393.00000000","2024-05-26T06:03:12.991Z","sell","maker"
"0.02417000","427.00000000","2024-05-26T06:03:06.474Z","sell","maker"
"0.02417000","446.00000000","2024-05-26T06:03:03.215Z","sell","maker"
"0.02417000","981.00000000","2024-05-26T06:00:12.886Z","buy","maker"
"0.02413000","6926.00000000","2024-05-26T05:57:15.090Z","buy","maker"
"0.02413000","7378.00000000","2024-05-26T05:57:15.090Z","buy","maker"
"0.02416000","22433.00000000","2024-05-26T05:57:15.090Z","buy","maker"
"0.02418000","24763.00000000","2024-05-26T05:57:15.090Z","buy","maker"
"0.02417000","35.00000000","2024-05-26T05:22:07.695Z","buy","maker"
"0.02414000","360.00000000","2024-05-26T05:06:36.269Z","sell","maker"
"0.02414000","283.00000000","2024-05-26T05:06:32.503Z","sell","maker"
"0.02414000","146.00000000","2024-05-26T05:06:29.314Z","sell","maker"
"0.02413000","30.00000000","2024-05-26T05:04:39.197Z","buy","maker"
"0.02424000","9254.00000000","2024-05-26T05:00:33.300Z","sell","maker"
"0.02424000","12650.00000000","2024-05-26T05:00:33.300Z","sell","maker"
"0.02421000","485.00000000","2024-05-26T05:00:33.300Z","sell","maker"
"0.02426000","41.00000000","2024-05-26T04:56:52.923Z","sell","maker"
"0.02417000","154.00000000","2024-05-26T04:53:52.736Z","sell","maker"
"0.02417000","396.00000000","2024-05-26T04:53:08.120Z","sell","maker"
"0.02417000","494.00000000","2024-05-26T04:52:36.976Z","sell","maker"
"0.02417000","209.00000000","2024-05-26T04:52:34.276Z","sell","maker"
"0.02417000","307.00000000","2024-05-26T04:52:21.314Z","sell","maker"
"0.02417000","395.00000000","2024-05-26T04:52:06.472Z","sell","maker"
"0.02417000","450.00000000","2024-05-26T04:51:04.680Z","sell","maker"
"0.02417000","357.00000000","2024-05-26T04:50:54.851Z","sell","maker"
"0.02425000","280.00000000","2024-05-26T04:44:30.786Z","sell","maker"
"0.02419000","1822.00000000","2024-05-26T04:36:21.221Z","buy","maker"
"0.02419000","900.00000000","2024-05-26T04:36:15.042Z","buy","maker"
"0.02419000","900.00000000","2024-05-26T04:36:11.886Z","buy","maker"
"0.02430000","1345.00000000","2024-05-26T04:32:42.557Z","sell","maker"
"0.02433000","34673.00000000","2024-05-26T04:30:32.942Z","sell","maker"
"0.02433000","8000.00000000","2024-05-26T04:30:32.942Z","sell","maker"
"0.02431000","9154.00000000","2024-05-26T04:30:32.942Z","sell","maker"
"0.02429000","8015.00000000","2024-05-26T04:30:32.942Z","sell","maker"
"0.02428000","1413.00000000","2024-05-26T04:30:32.942Z","sell","maker"
"0.02428000","1542.00000000","2024-05-26T04:30:32.942Z","sell","maker"
"0.02443000","1021.00000000","2024-05-26T04:15:08.384Z","buy","maker"
"0.02449000","370.00000000","2024-05-26T04:14:54.165Z","buy","maker"
"0.02449000","120.00000000","2024-05-26T04:14:51.480Z","buy","maker"
"0.02449000","293.00000000","2024-05-26T04:14:48.656Z","buy","maker"
"0.02449000","326.00000000","2024-05-26T04:14:45.776Z","buy","maker"
"0.02449000","291.00000000","2024-05-26T04:14:42.029Z","buy","maker"
"0.02449000","219.00000000","2024-05-26T04:14:39.198Z","buy","maker"
"0.02448000","473.00000000","2024-05-26T04:14:36.691Z","buy","maker"
"0.02448000","138.00000000","2024-05-26T04:14:30.331Z","buy","maker"
"0.02443000","427.00000000","2024-05-26T04:14:29.451Z","sell","maker"
"0.02443000","1139.00000000","2024-05-26T04:14:29.451Z","sell","maker"
"0.02443000","9860.00000000","2024-05-26T04:14:24.075Z","sell","maker"
"0.02443000","1442.00000000","2024-05-26T04:14:09.756Z","sell","maker"
"0.02439000","100.00000000","2024-05-26T04:13:45.852Z","sell","maker"
"0.02431000","163.00000000","2024-05-26T03:49:53.819Z","sell","maker"
"0.02433000","8342.00000000","2024-05-26T03:43:21.138Z","sell","maker"
"0.02432000","3635.00000000","2024-05-26T03:43:21.138Z","sell","maker"
"0.02432000","3635.00000000","2024-05-26T03:43:20.007Z","sell","maker"
"0.02431000","8158.00000000","2024-05-26T03:43:20.007Z","sell","maker"
"0.02431000","3084.00000000","2024-05-26T03:43:20.007Z","sell","maker"
"0.02430000","90.00000000","2024-05-26T03:43:20.007Z","sell","maker"
"0.02427000","278.00000000","2024-05-26T03:43:18.067Z","buy","maker"
"0.02427000","105.00000000","2024-05-26T03:43:18.025Z","buy","maker"
"0.02427000","8294.00000000","2024-05-26T03:43:17.913Z","sell","maker"
"0.02426000","8978.00000000","2024-05-26T03:43:17.913Z","sell","maker"
"0.02426000","2356.00000000","2024-05-26T03:43:17.913Z","sell","maker"
"0.02416000","28625.00000000","2024-05-26T03:21:18.729Z","sell","maker"
"0.02417000","11520.00000000","2024-05-26T03:21:18.193Z","sell","maker"
"0.02417000","54.00000000","2024-05-26T03:21:17.631Z","buy","maker"
"0.02416000","1139.00000000","2024-05-26T03:18:24.509Z","buy","maker"
"0.02416000","2935.00000000","2024-05-26T03:18:24.260Z","buy","maker"
"0.02416000","1629.00000000","2024-05-26T03:18:24.260Z","buy","maker"
"0.02415000","8449.00000000","2024-05-26T03:18:05.530Z","buy","maker"
"0.02416000","1989.00000000","2024-05-26T03:18:05.530Z","buy","maker"
"0.02423000","5703.00000000","2024-05-26T03:17:24.007Z","sell","maker"
"0.02420000","322.00000000","2024-05-26T03:15:06.983Z","buy","maker"
"0.02422000","461.00000000","2024-05-26T03:15:01.798Z","buy","maker"
"0.02422000","1368.00000000","2024-05-26T03:14:04.418Z","buy","maker"
"0.02422000","174.00000000","2024-05-26T03:14:01.772Z","buy","maker"
"0.02421000","5860.00000000","2024-05-26T03:13:24.668Z","buy","maker"
"0.02422000","2167.00000000","2024-05-26T03:13:24.668Z","buy","maker"
"0.02424000","1542.00000000","2024-05-26T03:09:40.440Z","buy","maker"
"0.02428000","1370.00000000","2024-05-26T03:08:57.875Z","sell","maker"
"0.02415000","1542.00000000","2024-05-26T03:08:57.250Z","sell","maker"
"0.02414000","3166.00000000","2024-05-26T03:08:57.033Z","buy","maker"
"0.02413000","112.00000000","2024-05-26T03:08:52.078Z","buy","maker"
"0.02413000","476.00000000","2024-05-26T03:08:49.677Z","buy","maker"
"0.02413000","389.00000000","2024-05-26T03:08:43.600Z","buy","maker"
"0.02413000","448.00000000","2024-05-26T03:08:40.597Z","buy","maker"
"0.02413000","138.00000000","2024-05-26T03:08:38.129Z","buy","maker"
"0.02413000","236.00000000","2024-05-26T03:08:08.127Z","buy","maker"
"0.02413000","331.00000000","2024-05-26T03:08:06.008Z","buy","maker"
"0.02413000","10172.00000000","2024-05-26T03:08:03.820Z","buy","maker"
"0.02414000","24761.00000000","2024-05-26T03:08:03.820Z","buy","maker"
"0.02414000","251.00000000","2024-05-26T03:08:01.103Z","buy","maker"
"0.02414000","36429.00000000","2024-05-26T03:08:01.090Z","sell","maker"
"0.02408000","1542.00000000","2024-05-26T03:07:59.827Z","sell","maker"
"0.02404000","20113.00000000","2024-05-26T03:07:59.719Z","sell","maker"
"0.02402000","44887.00000000","2024-05-26T03:07:59.719Z","sell","maker"
"0.02387000","12441.00000000","2024-05-26T02:29:01.100Z","sell","maker"
"0.02388000","1542.00000000","2024-05-26T02:27:59.973Z","sell","maker"
"0.02387000","401.00000000","2024-05-26T02:27:59.973Z","sell","maker"
"0.02387000","93.00000000","2024-05-26T02:27:59.973Z","sell","maker"
"0.02390000","503.00000000","2024-05-26T01:00:26.374Z","buy","maker"
"0.02390000","393.00000000","2024-05-26T00:59:27.361Z","buy","maker"
"0.02393000","77.00000000","2024-05-26T00:48:02.542Z","buy","maker"
"0.02399000","6067.00000000","2024-05-26T00:43:48.065Z","sell","maker"
"0.02400000","2618.00000000","2024-05-26T00:41:02.884Z","sell","maker"
"0.02399000","2900.00000000","2024-05-26T00:34:03.332Z","sell","maker"
"0.02398000","1073.00000000","2024-05-26T00:34:03.332Z","sell","maker"
"0.02398000","7341.00000000","2024-05-26T00:32:47.340Z","sell","maker"
"0.02396000","53.00000000","2024-05-26T00:32:47.340Z","sell","maker"
"0.02391000","1837.00000000","2024-05-26T00:24:27.407Z","buy","maker"
"0.02403000","412.00000000","2024-05-26T00:03:22.343Z","sell","maker"
"0.02396000","764.00000000","2024-05-25T23:57:17.335Z","buy","maker"
"0.02397000","1710.00000000","2024-05-25T23:57:17.335Z","buy","maker"
"0.02403000","89.00000000","2024-05-25T23:57:14.170Z","sell","maker"
"0.02395000","8.00000000","2024-05-25T23:52:32.115Z","buy","maker"
"0.02398000","1315.00000000","2024-05-25T23:26:34.073Z","buy","maker"
"0.02398000","213.00000000","2024-05-25T23:25:56.698Z","buy","maker"
"0.02398000","213.00000000","2024-05-25T23:25:50.346Z","buy","maker"
"0.02398000","213.00000000","2024-05-25T23:25:49.662Z","buy","maker"
"0.02398000","213.00000000","2024-05-25T23:25:46.692Z","buy","maker"
"0.02398000","213.00000000","2024-05-25T23:25:43.677Z","buy","maker"
"0.02398000","54.00000000","2024-05-25T23:25:41.617Z","buy","maker"
"0.02399000","7253.00000000","2024-05-25T23:17:11.786Z","buy","maker"
"0.02399000","2046.00000000","2024-05-25T23:17:11.786Z","buy","maker"
"0.02399000","931.00000000","2024-05-25T23:17:11.786Z","buy","maker"
"0.02403000","255.00000000","2024-05-25T23:12:42.094Z","buy","maker"
"0.02407000","51.00000000","2024-05-25T23:12:36.048Z","sell","maker"
"0.02406000","320.00000000","2024-05-25T23:12:36.048Z","sell","maker"
"0.02412000","1222.00000000","2024-05-25T23:08:52.132Z","sell","maker"
"0.02411000","253.00000000","2024-05-25T23:08:52.132Z","sell","maker"
"0.02408000","402.00000000","2024-05-25T22:55:00.945Z","sell","maker"
"0.02402000","8537.00000000","2024-05-25T22:46:56.978Z","buy","maker"
"0.02402000","255.00000000","2024-05-25T22:46:56.978Z","buy","maker"
"0.02411000","6764.00000000","2024-05-25T22:38:17.615Z","sell","maker"
"0.02405000","120.00000000","2024-05-25T22:36:03.730Z","buy","maker"
"0.02409000","14207.00000000","2024-05-25T22:28:45.187Z","sell","maker"
"0.02409000","15000.00000000","2024-05-25T22:28:45.183Z","sell","maker"
"0.02409000","20505.00000000","2024-05-25T22:28:45.181Z","sell","maker"
"0.02409000","100.00000000","2024-05-25T22:28:45.181Z","sell","maker"
"0.02408000","5895.00000000","2024-05-25T22:28:45.181Z","sell","maker"
"0.02408000","39000.00000000","2024-05-25T22:28:44.740Z","sell","maker"
"0.02408000","1542.00000000","2024-05-25T22:28:44.639Z","sell","maker"
"0.02403000","64.00000000","2024-05-25T22:24:00.021Z","sell","maker"
"0.02403000","1542.00000000","2024-05-25T22:24:00.021Z","sell","maker"
"0.02402000","423.00000000","2024-05-25T22:24:00.021Z","sell","maker"
"0.02403000","4047.00000000","2024-05-25T22:22:12.396Z","sell","maker"
"0.02400000","650.00000000","2024-05-25T22:13:23.234Z","sell","maker"
"0.02398000","371.00000000","2024-05-25T22:13:23.234Z","sell","maker"
"0.02395000","607.00000000","2024-05-25T21:53:58.375Z","buy","maker"
"0.02397000","143.00000000","2024-05-25T21:53:58.375Z","buy","maker"
"0.02397000","8144.00000000","2024-05-25T21:47:44.466Z","buy","maker"
"0.02398000","11857.00000000","2024-05-25T21:47:44.466Z","buy","maker"
"0.02399000","1024.00000000","2024-05-25T21:47:44.466Z","buy","maker"
"0.02399000","1061.00000000","2024-05-25T21:47:44.466Z","buy","maker"
"0.02404000","1222.00000000","2024-05-25T21:36:02.090Z","sell","maker"
"0.02403000","251.00000000","2024-05-25T21:36:02.090Z","sell","maker"
"0.02398000","518.00000000","2024-05-25T21:35:42.344Z","buy","maker"
"0.02404000","1471.00000000","2024-05-25T21:33:49.684Z","sell","maker"
"0.02405000","567.00000000","2024-05-25T21:33:35.958Z","sell","maker"
"0.02403000","2081.00000000","2024-05-25T21:33:35.958Z","sell","maker"
"0.02401000","4304.00000000","2024-05-25T21:29:17.793Z","sell","maker"
"0.02401000","1542.00000000","2024-05-25T21:29:17.793Z","sell","maker"
"0.02398000","45.00000000","2024-05-25T21:29:17.793Z","sell","maker"
"0.02401000","21982.00000000","2024-05-25T21:22:01.282Z","sell","maker"
"0.02400000","2312.00000000","2024-05-25T21:22:01.282Z","sell","maker"
"0.02400000","10281.00000000","2024-05-25T21:22:01.282Z","sell","maker"
"0.02400000","1139.00000000","2024-05-25T21:22:01.282Z","sell","maker"
"0.02397000","1399.00000000","2024-05-25T21:12:31.367Z","buy","maker"
"0.02399000","455.00000000","2024-05-25T21:12:31.367Z","buy","maker"
"0.02391000","1011.00000000","2024-05-25T20:56:36.590Z","buy","maker"
"0.02390000","644.00000000","2024-05-25T20:55:41.811Z","buy","maker"
"0.02390000","7801.00000000","2024-05-25T20:32:35.126Z","buy","maker"
"0.02388000","1079.00000000","2024-05-25T20:29:35.768Z","buy","maker"
"0.02389000","1046.00000000","2024-05-25T20:29:35.768Z","buy","maker"
"0.02388000","30689.00000000","2024-05-25T20:16:48.083Z","buy","maker"
"0.02389000","92.00000000","2024-05-25T19:48:19.202Z","buy","maker"
"0.02387000","358.00000000","2024-05-25T19:43:10.048Z","buy","maker"
"0.02388000","46.00000000","2024-05-25T19:37:21.443Z","buy","maker"
"0.02394000","4135.00000000","2024-05-25T19:08:16.308Z","sell","maker"
"0.02395000","207.00000000","2024-05-25T19:03:55.974Z","sell","maker"
"0.02392000","212.00000000","2024-05-25T18:47:54.662Z","sell","maker"
"0.02386000","1481.00000000","2024-05-25T18:45:43.261Z","buy","maker"
"0.02388000","187.00000000","2024-05-25T18:44:51.087Z","buy","maker"
"0.02395000","1481.00000000","2024-05-25T18:40:13.510Z","sell","maker"
"0.02382000","3429.00000000","2024-05-25T18:37:09.245Z","buy","maker"
"0.02383000","9257.00000000","2024-05-25T18:37:09.245Z","buy","maker"
"0.02391000","61.00000000","2024-05-25T18:33:49.778Z","sell","maker"
"0.02388000","4020.00000000","2024-05-25T18:26:59.304Z","buy","maker"
"0.02389000","5294.00000000","2024-05-25T18:26:59.304Z","buy","maker"
"0.02390000","12149.00000000","2024-05-25T18:26:59.304Z","buy","maker"
"0.02390000","1500.00000000","2024-05-25T18:26:59.304Z","buy","maker"
"0.02391000","11148.00000000","2024-05-25T18:26:59.304Z","buy","maker"
"0.02390000","42.00000000","2024-05-25T18:22:53.861Z","buy","maker"
"0.02395000","404.00000000","2024-05-25T18:17:07.306Z","sell","maker"
"0.02388000","233.00000000","2024-05-25T18:14:57.592Z","buy","maker"
"0.02394000","13201.00000000","2024-05-25T18:00:07.612Z","sell","maker"
"0.02393000","4167.00000000","2024-05-25T18:00:07.612Z","sell","maker"
"0.02393000","8000.00000000","2024-05-25T18:00:07.612Z","sell","maker"
"0.02391000","8031.00000000","2024-05-25T18:00:07.612Z","sell","maker"
"0.02391000","712.00000000","2024-05-25T18:00:07.612Z","sell","maker"
"0.02388000","170.00000000","2024-05-25T17:40:29.589Z","buy","maker"
"0.02389000","767.00000000","2024-05-25T17:33:55.000Z","sell","maker"
"0.02389000","233.00000000","2024-05-25T17:33:44.371Z","sell","maker"
"0.02383000","1117.00000000","2024-05-25T17:31:15.004Z","buy","maker"
"0.02384000","426.00000000","2024-05-25T17:31:15.004Z","buy","maker"
"0.02385000","46077.00000000","2024-05-25T17:31:15.004Z","buy","maker"
"0.02386000","6421.00000000","2024-05-25T17:31:15.004Z","buy","maker"
"0.02384000","1045.00000000","2024-05-25T17:31:14.616Z","buy","maker"
"0.02395000","77.00000000","2024-05-25T17:29:19.519Z","sell","maker"
"0.02391000","245.00000000","2024-05-25T17:24:25.376Z","sell","maker"
"0.02386000","71.00000000","2024-05-25T17:01:33.154Z","buy","maker"
"0.02385000","42.00000000","2024-05-25T16:53:56.162Z","sell","maker"
"0.02383000","424.00000000","2024-05-25T16:48:32.351Z","buy","maker"
"0.02390000","1044.00000000","2024-05-25T16:37:58.466Z","sell","maker"
"0.02387000","261.00000000","2024-05-25T16:34:06.702Z","sell","maker"
"0.02389000","10360.00000000","2024-05-25T16:29:02.658Z","sell","maker"
"0.02391000","813.00000000","2024-05-25T16:26:00.818Z","sell","maker"
"0.02385000","834.00000000","2024-05-25T16:25:19.765Z","buy","maker"
"0.02396000","27645.00000000","2024-05-25T16:16:23.074Z","sell","maker"
"0.02393000","1046.00000000","2024-05-25T16:13:56.906Z","buy","maker"
"0.02396000","11385.00000000","2024-05-25T16:13:40.257Z","sell","maker"
"0.02396000","1542.00000000","2024-05-25T16:13:40.257Z","sell","maker"
"0.02394000","10293.00000000","2024-05-25T16:06:40.362Z","sell","maker"
"0.02401000","10013.00000000","2024-05-25T16:02:53.490Z","sell","maker"
"0.02401000","7601.00000000","2024-05-25T16:02:53.486Z","sell","maker"
"0.02400000","8333.00000000","2024-05-25T16:02:53.486Z","sell","maker"
"0.02399000","4092.00000000","2024-05-25T16:02:53.486Z","sell","maker"
"0.02399000","40051.00000000","2024-05-25T16:02:53.486Z","sell","maker"
"0.02398000","3557.00000000","2024-05-25T16:02:53.353Z","sell","maker"
"0.02398000","48857.00000000","2024-05-25T16:02:53.353Z","sell","maker"
"0.02397000","1586.00000000","2024-05-25T16:02:53.353Z","sell","maker"
"0.02389000","909.00000000","2024-05-25T15:52:53.267Z","sell","maker"
"0.02386000","57.00000000","2024-05-25T15:52:53.267Z","sell","maker"
"0.02385000","418.00000000","2024-05-25T15:44:56.686Z","buy","maker"
"0.02385000","84.00000000","2024-05-25T15:41:39.048Z","buy","maker"
"0.02381000","8358.00000000","2024-05-25T15:07:07.045Z","sell","maker"
"0.02381000","55.00000000","2024-05-25T15:07:07.037Z","sell","maker"
"0.02368000","515.00000000","2024-05-25T14:14:03.788Z","buy","maker"
"0.02371000","1542.00000000","2024-05-25T14:14:03.788Z","buy","maker"
"0.02371000","633.00000000","2024-05-25T14:14:03.788Z","buy","maker"
"0.02372000","1213.00000000","2024-05-25T14:14:03.788Z","buy","maker"
"0.02375000","228.00000000","2024-05-25T14:14:03.788Z","buy","maker"
"0.02377000","1230.00000000","2024-05-25T14:08:37.707Z","buy","maker"
"0.02377000","770.00000000","2024-05-25T14:08:37.616Z","buy","maker"
"0.02373000","223.00000000","2024-05-25T13:57:20.701Z","buy","maker"
"0.02376000","222.00000000","2024-05-25T13:38:17.074Z","sell","maker"
"0.02379000","100.00000000","2024-05-25T13:37:10.168Z","buy","maker"
"0.02381000","227.00000000","2024-05-25T13:37:10.106Z","buy","maker"
"0.02383000","222.00000000","2024-05-25T13:37:06.718Z","buy","maker"
"0.02389000","41.00000000","2024-05-25T13:32:13.277Z","sell","maker"
"0.02390000","32.00000000","2024-05-25T13:31:18.441Z","sell","maker"
"0.02396000","407.00000000","2024-05-25T13:20:30.447Z","sell","maker"
"0.02387000","2710.00000000","2024-05-25T13:17:14.733Z","buy","maker"
"0.02389000","1500.00000000","2024-05-25T13:17:14.733Z","buy","maker"
"0.02389000","42.00000000","2024-05-25T13:12:02.558Z","buy","maker"
"0.02387000","374.00000000","2024-05-25T12:58:44.988Z","sell","maker"
"0.02386000","227.00000000","2024-05-25T12:48:07.497Z","buy","maker"
"0.02388000","221.00000000","2024-05-25T12:47:24.768Z","buy","maker"
"0.02391000","34863.00000000","2024-05-25T12:44:30.498Z","buy","maker"
"0.02393000","813.00000000","2024-05-25T12:43:28.219Z","sell","maker"
"0.02391000","226.00000000","2024-05-25T12:35:56.946Z","buy","maker"
"0.02393000","221.00000000","2024-05-25T12:35:37.961Z","buy","maker"
"0.02396000","13.00000000","2024-05-25T12:34:43.713Z","sell","maker"
"0.02396000","18.00000000","2024-05-25T12:33:46.141Z","sell","maker"
"0.02396000","15.00000000","2024-05-25T12:33:01.790Z","sell","maker"
"0.02398000","220.00000000","2024-05-25T12:31:29.795Z","buy","maker"
"0.02394000","1400.00000000","2024-05-25T12:18:54.631Z","buy","maker"
"0.02396000","142.00000000","2024-05-25T12:18:54.542Z","buy","maker"
"0.02396000","84.00000000","2024-05-25T12:14:26.129Z","buy","maker"
"0.02398000","82.00000000","2024-05-25T12:14:21.696Z","sell","maker"
"0.02397000","142.00000000","2024-05-25T12:14:21.696Z","sell","maker"
"0.02404000","14275.00000000","2024-05-25T12:12:43.685Z","sell","maker"
"0.02403000","11209.00000000","2024-05-25T12:12:43.685Z","sell","maker"
"0.02402000","14253.00000000","2024-05-25T12:12:43.685Z","sell","maker"
"0.02389000","12730.00000000","2024-05-25T12:06:48.354Z","buy","maker"
"0.02392000","1252.00000000","2024-05-25T12:06:48.354Z","buy","maker"
"0.02403000","220.00000000","2024-05-25T12:04:40.110Z","buy","maker"
"0.02405000","13982.00000000","2024-05-25T11:52:50.899Z","sell","maker"
"0.02405000","64.00000000","2024-05-25T11:49:40.154Z","sell","maker"
"0.02405000","219.00000000","2024-05-25T11:46:09.667Z","sell","maker"
"0.02411000","2716.00000000","2024-05-25T11:31:16.750Z","sell","maker"
"0.02411000","1384.00000000","2024-05-25T11:31:16.750Z","sell","maker"
"0.02407000","1343.00000000","2024-05-25T11:20:20.227Z","buy","maker"
"0.02407000","42.00000000","2024-05-25T11:19:54.282Z","buy","maker"
"0.02406000","371.00000000","2024-05-25T10:45:41.330Z","sell","maker"
"0.02398000","45.00000000","2024-05-25T10:41:00.061Z","sell","maker"
"0.02397000","55.00000000","2024-05-25T10:16:25.782Z","buy","maker"
"0.02402000","235.00000000","2024-05-25T10:01:29.570Z","buy","maker"
"0.02405000","29.00000000","2024-05-25T09:57:41.504Z","buy","maker"
"0.02413000","41.00000000","2024-05-25T09:56:59.844Z","sell","maker"
"0.02405000","100.00000000","2024-05-25T09:56:59.844Z","sell","maker"
"0.02408000","41.00000000","2024-05-25T09:51:42.158Z","sell","maker"
"0.02410000","7700.00000000","2024-05-25T09:45:19.280Z","sell","maker"
"0.02409000","1542.00000000","2024-05-25T09:45:19.280Z","sell","maker"
"0.02407000","2820.00000000","2024-05-25T09:39:31.198Z","sell","maker"
"0.02407000","481.00000000","2024-05-25T09:35:17.854Z","sell","maker"
"0.02407000","244.00000000","2024-05-25T09:35:17.667Z","sell","maker"
"0.02397000","8316.00000000","2024-05-25T09:30:03.965Z","buy","maker"
"0.02398000","10408.00000000","2024-05-25T09:30:03.965Z","buy","maker"
"0.02398000","20816.00000000","2024-05-25T09:30:03.965Z","buy","maker"
"0.02399000","56402.00000000","2024-05-25T09:30:03.965Z","buy","maker"
"0.02401000","104987.00000000","2024-05-25T09:30:03.965Z","buy","maker"
"0.02401000","45057.00000000","2024-05-25T09:30:03.965Z","buy","maker"
"0.02402000","22556.00000000","2024-05-25T09:30:03.965Z","buy","maker"
"0.02404000","8000.00000000","2024-05-25T09:30:03.965Z","buy","maker"
"0.02404000","48765.00000000","2024-05-25T09:30:03.965Z","buy","maker"
"0.02405000","696.00000000","2024-05-25T09:30:03.965Z","buy","maker"
"0.02405000","44507.00000000","2024-05-25T09:30:03.965Z","buy","maker"
"0.02405000","5505.00000000","2024-05-25T09:30:03.965Z","buy","maker"
"0.02406000","14695.00000000","2024-05-25T09:30:03.965Z","buy","maker"
"0.02407000","1862.00000000","2024-05-25T09:30:03.965Z","buy","maker"
"0.02403000","11001.00000000","2024-05-25T09:28:26.783Z","buy","maker"
"0.02404000","8000.00000000","2024-05-25T09:28:26.783Z","buy","maker"
"0.02405000","2605.00000000","2024-05-25T09:28:26.783Z","buy","maker"
"0.02409000","100.00000000","2024-05-25T09:28:26.783Z","buy","maker"
"0.02411000","4415.00000000","2024-05-25T09:19:18.733Z","buy","maker"
"0.02412000","18585.00000000","2024-05-25T09:19:18.733Z","buy","maker"
"0.02411000","16500.00000000","2024-05-25T09:19:18.276Z","buy","maker"
"0.02412000","14500.00000000","2024-05-25T09:19:18.229Z","buy","maker"
"0.02414000","3969.00000000","2024-05-25T09:18:44.013Z","buy","maker"
"0.02414000","1264.00000000","2024-05-25T09:18:44.013Z","buy","maker"
"0.02415000","25153.00000000","2024-05-25T09:18:44.013Z","buy","maker"
"0.02412000","38667.00000000","2024-05-25T08:58:07.231Z","buy","maker"
"0.02412000","47320.00000000","2024-05-25T08:58:07.231Z","buy","maker"
"0.02416000","265.00000000","2024-05-25T08:57:09.335Z","buy","maker"
"0.02416000","19770.00000000","2024-05-25T08:57:09.329Z","buy","maker"
"0.02417000","1849.00000000","2024-05-25T08:57:09.329Z","buy","maker"
"0.02416000","2652.00000000","2024-05-25T08:57:04.865Z","buy","maker"
"0.02417000","174.00000000","2024-05-25T08:56:43.830Z","sell","maker"
"0.02415000","203.00000000","2024-05-25T08:56:23.916Z","buy","maker"
"0.02417000","131.00000000","2024-05-25T08:56:06.904Z","sell","maker"
"0.02415000","100.00000000","2024-05-25T08:56:05.688Z","buy","maker"
"0.02417000","180.00000000","2024-05-25T08:55:58.761Z","sell","maker"
"0.02413000","278.00000000","2024-05-25T08:55:40.247Z","buy","maker"
"0.02418000","233.00000000","2024-05-25T08:55:14.843Z","sell","maker"
"0.02417000","135.00000000","2024-05-25T08:55:02.788Z","buy","maker"
"0.02417000","62.00000000","2024-05-25T08:54:56.358Z","buy","maker"
"0.02417000","40778.00000000","2024-05-25T08:54:41.398Z","buy","maker"
"0.02429000","675.00000000","2024-05-25T08:50:26.447Z","sell","maker"
"0.02424000","7208.00000000","2024-05-25T08:50:17.766Z","buy","maker"
"0.02431000","1068.00000000","2024-05-25T08:50:07.683Z","buy","maker"
"0.02442000","8.00000000","2024-05-25T08:46:39.544Z","buy","maker"
"0.02440000","1068.00000000","2024-05-25T08:40:02.869Z","buy","maker"
"0.02462000","4960.00000000","2024-05-25T08:36:44.743Z","sell","maker"
"0.02462000","40.00000000","2024-05-25T08:36:41.153Z","sell","maker"
"0.02457000","1542.00000000","2024-05-25T08:36:33.871Z","sell","maker"
"0.02455000","483.00000000","2024-05-25T08:36:32.489Z","buy","maker"
"0.02456000","32267.00000000","2024-05-25T08:35:47.532Z","sell","maker"
"0.02453000","8843.00000000","2024-05-25T08:35:47.532Z","sell","maker"
"0.02449000","19731.00000000","2024-05-25T08:35:47.532Z","sell","maker"
"0.02446000","1659.00000000","2024-05-25T08:35:47.532Z","sell","maker"
"0.02448000","276.00000000","2024-05-25T08:17:13.008Z","buy","maker"
"0.02448000","223.00000000","2024-05-25T08:16:54.923Z","buy","maker"
"0.02460000","320.00000000","2024-05-25T08:15:52.220Z","buy","maker"
"0.02460000","192.00000000","2024-05-25T08:15:43.380Z","buy","maker"
"0.02452000","225.00000000","2024-05-25T08:15:39.907Z","buy","maker"
"0.02454000","84.00000000","2024-05-25T08:15:39.903Z","sell","maker"
"0.02453000","193.00000000","2024-05-25T08:15:39.903Z","sell","maker"
"0.02452000","153.00000000","2024-05-25T08:15:31.341Z","buy","maker"
"0.02453000","127.00000000","2024-05-25T08:15:31.289Z","sell","maker"
"0.02452000","298.00000000","2024-05-25T08:15:27.313Z","buy","maker"
"0.02450000","1213.00000000","2024-05-25T08:15:25.037Z","sell","maker"
"0.02449000","423.00000000","2024-05-25T08:15:24.025Z","buy","maker"
"0.02446000","133.00000000","2024-05-25T08:15:21.356Z","buy","maker"
"0.02447000","1594.00000000","2024-05-25T08:15:21.353Z","sell","maker"
"0.02446000","230.00000000","2024-05-25T08:14:59.425Z","buy","maker"
"0.02423000","40500.00000000","2024-05-25T08:14:41.370Z","sell","maker"
"0.02423000","3891.00000000","2024-05-25T08:14:41.272Z","sell","maker"
"0.02423000","46006.00000000","2024-05-25T08:14:41.272Z","sell","maker"
"0.02423000","8000.00000000","2024-05-25T08:14:41.272Z","sell","maker"
"0.02422000","103.00000000","2024-05-25T08:14:41.272Z","sell","maker"
"0.02417000","82.00000000","2024-05-25T07:54:39.863Z","sell","maker"
"0.02416000","205.00000000","2024-05-25T07:48:42.470Z","sell","maker"
"0.02410000","103.00000000","2024-05-25T07:38:28.072Z","buy","maker"
"0.02413000","43169.00000000","2024-05-25T07:31:16.835Z","buy","maker"
"0.02414000","18498.00000000","2024-05-25T07:31:16.835Z","buy","maker"
"0.02419000","22394.00000000","2024-05-25T07:30:19.034Z","buy","maker"
"0.02419000","13927.00000000","2024-05-25T07:30:19.034Z","buy","maker"
"0.02419000","29611.00000000","2024-05-25T07:30:19.028Z","buy","maker"
"0.02422000","9847.00000000","2024-05-25T07:30:19.028Z","buy","maker"
"0.02422000","1542.00000000","2024-05-25T07:30:19.028Z","buy","maker"
"0.02435000","166.00000000","2024-05-25T07:26:42.161Z","sell","maker"
"0.02446000","9205.00000000","2024-05-25T07:21:23.411Z","sell","maker"
"0.02446000","431.00000000","2024-05-25T07:21:23.411Z","sell","maker"
"0.02443000","218.00000000","2024-05-25T07:21:23.411Z","sell","maker"
"0.02442000","62500.00000000","2024-05-25T07:21:23.411Z","sell","maker"
"0.02441000","8591.00000000","2024-05-25T07:21:23.411Z","sell","maker"
"0.02440000","10190.00000000","2024-05-25T07:21:23.411Z","sell","maker"
"0.02439000","8742.00000000","2024-05-25T07:21:23.411Z","sell","maker"
"0.02437000","6903.00000000","2024-05-25T07:20:57.326Z","sell","maker"
"0.02435000","1097.00000000","2024-05-25T07:20:57.326Z","sell","maker"
"0.02437000","13292.00000000","2024-05-25T07:20:57.174Z","sell","maker"
"0.02436000","17253.00000000","2024-05-25T07:20:57.174Z","sell","maker"
"0.02436000","62500.00000000","2024-05-25T07:20:57.174Z","sell","maker"
"0.02435000","10994.00000000","2024-05-25T07:20:57.174Z","sell","maker"
"0.02440000","8744.00000000","2024-05-25T07:20:17.648Z","sell","maker"
"0.02436000","9380.00000000","2024-05-25T07:19:47.400Z","sell","maker"
"0.02436000","1542.00000000","2024-05-25T07:19:47.400Z","sell","maker"
"0.02439000","1771.00000000","2024-05-25T07:18:52.007Z","sell","maker"
"0.02438000","101.00000000","2024-05-25T07:18:52.007Z","sell","maker"
"0.02439000","777.00000000","2024-05-25T07:17:33.634Z","sell","maker"
"0.02439000","100.00000000","2024-05-25T07:17:33.634Z","sell","maker"
"0.02437000","20597.00000000","2024-05-25T07:17:33.634Z","sell","maker"
"0.02437000","103000.00000000","2024-05-25T07:17:33.621Z","sell","maker"
"0.02431000","30851.00000000","2024-05-25T07:17:33.615Z","sell","maker"
"0.02428000","15478.00000000","2024-05-25T07:17:33.615Z","sell","maker"
"0.02426000","10144.00000000","2024-05-25T07:17:33.615Z","sell","maker"
"0.02416000","3212.00000000","2024-05-25T07:17:17.222Z","buy","maker"
"0.02424000","6557.00000000","2024-05-25T07:17:14.155Z","buy","maker"
"0.02430000","483.00000000","2024-05-25T07:17:07.967Z","buy","maker"
"0.02430000","11040.00000000","2024-05-25T07:17:07.267Z","sell","maker"
"0.02429000","457.00000000","2024-05-25T07:17:00.663Z","buy","maker"
"0.02430000","1498.00000000","2024-05-25T07:16:59.653Z","sell","maker"
"0.02430000","1770.00000000","2024-05-25T07:16:59.108Z","sell","maker"
"0.02430000","54.00000000","2024-05-25T07:16:58.462Z","sell","maker"
"0.02429000","477.00000000","2024-05-25T07:16:57.846Z","buy","maker"
"0.02430000","7333.00000000","2024-05-25T07:16:57.264Z","sell","maker"
"0.02430000","8931.00000000","2024-05-25T07:16:56.281Z","sell","maker"
"0.02428000","20.00000000","2024-05-25T07:16:55.748Z","sell","maker"
"0.02427000","220.00000000","2024-05-25T07:16:55.748Z","sell","maker"
"0.02426000","522.00000000","2024-05-25T07:16:55.191Z","sell","maker"
"0.02426000","7675.00000000","2024-05-25T07:16:55.114Z","sell","maker"
"0.02425000","296.00000000","2024-05-25T07:16:54.385Z","buy","maker"
"0.02425000","8501.00000000","2024-05-25T07:16:54.364Z","sell","maker"
"0.02425000","10192.00000000","2024-05-25T07:16:54.341Z","sell","maker"
"0.02425000","10295.00000000","2024-05-25T07:16:54.319Z","sell","maker"
"0.02425000","10399.00000000","2024-05-25T07:16:54.292Z","sell","maker"
"0.02425000","53.00000000","2024-05-25T07:16:54.052Z","sell","maker"
"0.02425000","1542.00000000","2024-05-25T07:16:49.228Z","sell","maker"
"0.02414000","2072.00000000","2024-05-25T07:12:23.632Z","sell","maker"
"0.02417000","17892.00000000","2024-05-25T07:12:18.201Z","sell","maker"
"0.02417000","1542.00000000","2024-05-25T07:12:18.201Z","sell","maker"
"0.02413000","3477.00000000","2024-05-25T07:12:17.112Z","sell","maker"
"0.02412000","4730.00000000","2024-05-25T07:12:17.112Z","sell","maker"
"0.02411000","62500.00000000","2024-05-25T07:12:16.002Z","sell","maker"
"0.02410000","10378.00000000","2024-05-25T07:12:16.002Z","sell","maker"
"0.02408000","1144.00000000","2024-05-25T07:12:15.886Z","buy","maker"
"0.02407000","897.00000000","2024-05-25T07:12:13.923Z","sell","maker"
"0.02407000","17502.00000000","2024-05-25T07:12:13.923Z","sell","maker"
"0.02402000","2163.00000000","2024-05-25T07:08:23.986Z","buy","maker"
"0.02406000","21.00000000","2024-05-25T06:33:25.732Z","sell","maker"
"0.02401000","9063.00000000","2024-05-25T06:30:59.163Z","buy","maker"
"0.02401000","1454.00000000","2024-05-25T06:19:33.463Z","buy","maker"
"0.02408000","411.00000000","2024-05-25T06:14:54.976Z","sell","maker"
"0.02408000","42.00000000","2024-05-25T05:46:59.207Z","sell","maker"
"0.02406000","41.00000000","2024-05-25T05:44:56.010Z","sell","maker"
"0.02400000","21.00000000","2024-05-25T05:42:22.785Z","buy","maker"
"0.02409000","6716.00000000","2024-05-25T05:21:12.187Z","sell","maker"
"0.02406000","19003.00000000","2024-05-25T05:21:12.187Z","sell","maker"
"0.02403000","21731.00000000","2024-05-25T05:21:12.187Z","sell","maker"
"0.02402000","46405.00000000","2024-05-25T05:21:12.187Z","sell","maker"
"0.02401000","6137.00000000","2024-05-25T05:21:12.187Z","sell","maker"
"0.02404000","3967.00000000","2024-05-25T05:12:21.370Z","sell","maker"
"0.02396000","3991.00000000","2024-05-25T04:58:22.908Z","buy","maker"
"0.02397000","42509.00000000","2024-05-25T04:58:22.908Z","buy","maker"
"0.02397000","10160.00000000","2024-05-25T04:58:22.743Z","buy","maker"
"0.02401000","46340.00000000","2024-05-25T04:58:22.743Z","buy","maker"
"0.02409000","100.00000000","2024-05-25T04:47:14.875Z","sell","maker"
"0.02405000","8874.00000000","2024-05-25T04:46:40.724Z","sell","maker"
"0.02402000","8000.00000000","2024-05-25T04:46:40.724Z","sell","maker"
"0.02402000","21745.00000000","2024-05-25T04:46:40.724Z","sell","maker"
"0.02401000","9888.00000000","2024-05-25T04:46:40.724Z","sell","maker"
"0.02400000","8450.00000000","2024-05-25T04:46:40.724Z","sell","maker"
"0.02399000","582.00000000","2024-05-25T04:46:40.724Z","sell","maker"
"0.02390000","585.00000000","2024-05-25T04:34:23.470Z","buy","maker"
"0.02391000","1542.00000000","2024-05-25T04:34:23.470Z","buy","maker"
"0.02397000","194.00000000","2024-05-25T04:09:00.984Z","sell","maker"
"0.02397000","219.00000000","2024-05-25T04:09:00.984Z","sell","maker"
"0.02385000","199.00000000","2024-05-25T03:52:19.897Z","sell","maker"
"0.02386000","42.00000000","2024-05-25T03:45:23.910Z","sell","maker"
"0.02384000","1911.00000000","2024-05-25T03:33:01.002Z","buy","maker"
"0.02384000","46.00000000","2024-05-25T03:31:59.990Z","buy","maker"
"0.02384000","465.00000000","2024-05-25T03:31:58.345Z","buy","maker"
"0.02384000","55.00000000","2024-05-25T03:31:50.210Z","buy","maker"
"0.02385000","147.00000000","2024-05-25T03:31:41.681Z","buy","maker"
"0.02385000","6292.00000000","2024-05-25T03:31:37.348Z","buy","maker"
"0.02384000","55.00000000","2024-05-25T03:31:36.705Z","buy","maker"
"0.02384000","3520.00000000","2024-05-25T03:30:36.486Z","buy","maker"
"0.02384000","4233.00000000","2024-05-25T03:29:51.161Z","buy","maker"
"0.02380000","55.00000000","2024-05-25T03:26:25.457Z","buy","maker"
"0.02380000","391.00000000","2024-05-25T03:18:01.433Z","sell","maker"
"0.02374000","55.00000000","2024-05-25T03:11:20.761Z","buy","maker"
"0.02368000","634.00000000","2024-05-25T02:56:29.575Z","buy","maker"
"0.02374000","41.00000000","2024-05-25T02:45:54.667Z","sell","maker"
"0.02373000","21965.00000000","2024-05-25T02:42:23.262Z","sell","maker"
"0.02373000","11709.00000000","2024-05-25T02:42:23.262Z","sell","maker"
"0.02373000","12271.00000000","2024-05-25T02:42:22.318Z","sell","maker"
"0.02371000","4278.00000000","2024-05-25T02:42:21.625Z","sell","maker"
"0.02373000","17668.00000000","2024-05-25T02:42:20.753Z","sell","maker"
"0.02372000","12893.00000000","2024-05-25T02:42:20.753Z","sell","maker"
"0.02372000","12896.00000000","2024-05-25T02:42:19.907Z","sell","maker"
"0.02372000","12891.00000000","2024-05-25T02:42:19.243Z","sell","maker"
"0.02373000","4240.00000000","2024-05-25T02:42:17.697Z","sell","maker"
"0.02378000","10000.00000000","2024-05-25T02:41:27.724Z","sell","maker"
"0.02378000","25073.00000000","2024-05-25T02:41:27.569Z","sell","maker"
"0.02378000","106080.00000000","2024-05-25T02:41:27.569Z","sell","maker"
"0.02377000","126699.00000000","2024-05-25T02:41:27.569Z","sell","maker"
"0.02371000","62500.00000000","2024-05-25T02:41:27.569Z","sell","maker"
"0.02368000","6058.00000000","2024-05-25T02:41:27.569Z","sell","maker"
"0.02367000","31897.00000000","2024-05-25T02:41:27.569Z","sell","maker"
"0.02366000","15505.00000000","2024-05-25T02:41:27.569Z","sell","maker"
"0.02365000","6519.00000000","2024-05-25T02:41:27.569Z","sell","maker"
"0.02375000","1682.00000000","2024-05-25T02:39:41.232Z","sell","maker"
"0.02374000","14534.00000000","2024-05-25T02:39:41.232Z","sell","maker"
"0.02376000","1642.00000000","2024-05-25T02:39:35.179Z","sell","maker"
"0.02376000","21171.00000000","2024-05-25T02:39:17.518Z","sell","maker"
"0.02375000","11055.00000000","2024-05-25T02:39:17.518Z","sell","maker"
"0.02374000","77.00000000","2024-05-25T02:38:57.589Z","sell","maker"
"0.02374000","7633.00000000","2024-05-25T02:38:46.516Z","sell","maker"
"0.02374000","5901.00000000","2024-05-25T02:38:40.357Z","buy","maker"
"0.02389000","1530.00000000","2024-05-25T02:38:01.358Z","buy","maker"
"0.02390000","3334.00000000","2024-05-25T02:37:59.871Z","buy","maker"
"0.02390000","8271.00000000","2024-05-25T02:37:54.915Z","sell","maker"
"0.02390000","1244.00000000","2024-05-25T02:37:54.915Z","sell","maker"
"0.02382000","265.00000000","2024-05-25T02:37:54.915Z","sell","maker"
"0.02381000","220.00000000","2024-05-25T02:37:54.915Z","sell","maker"
"0.02379000","100.00000000","2024-05-25T02:37:54.855Z","sell","maker"
"0.02377000","8984.00000000","2024-05-25T02:37:54.780Z","buy","maker"
"0.02378000","2427.00000000","2024-05-25T02:37:54.780Z","buy","maker"
"0.02371000","82744.00000000","2024-05-25T02:37:54.623Z","sell","maker"
"0.02369000","10287.00000000","2024-05-25T02:37:54.623Z","sell","maker"
"0.02369000","31085.00000000","2024-05-25T02:37:54.613Z","sell","maker"
"0.02368000","10343.00000000","2024-05-25T02:37:54.613Z","sell","maker"
"0.02368000","20686.00000000","2024-05-25T02:37:54.613Z","sell","maker"
"0.02360000","21386.00000000","2024-05-25T02:37:54.613Z","sell","maker"
"0.02360000","1542.00000000","2024-05-25T02:37:54.558Z","sell","maker"
"0.02360000","21923.00000000","2024-05-25T02:37:54.535Z","sell","maker"
"0.02363000","36332.00000000","2024-05-25T02:37:54.461Z","sell","maker"
"0.02363000","6528.00000000","2024-05-25T02:37:54.456Z","sell","maker"
"0.02362000","12894.00000000","2024-05-25T02:37:54.456Z","sell","maker"
"0.02362000","41536.00000000","2024-05-25T02:37:54.456Z","sell","maker"
"0.02359000","1542.00000000","2024-05-25T02:37:54.456Z","sell","maker"
"0.02348000","100.00000000","2024-05-25T02:37:35.006Z","sell","maker"
"0.02341000","984.00000000","2024-05-25T02:36:47.586Z","buy","maker"
"0.02341000","964.00000000","2024-05-25T02:05:40.165Z","buy","maker"
"0.02338000","3682.00000000","2024-05-25T02:01:33.000Z","buy","maker"
"0.02339000","31621.00000000","2024-05-25T02:01:33.000Z","buy","maker"
"0.02339000","97.00000000","2024-05-25T02:01:30.911Z","buy","maker"
"0.02336000","8.00000000","2024-05-25T01:47:52.706Z","sell","maker"
"0.02328000","1119.00000000","2024-05-25T01:41:43.113Z","buy","maker"
"0.02328000","812.00000000","2024-05-25T01:41:43.113Z","buy","maker"
"0.02329000","114.00000000","2024-05-25T01:41:43.113Z","buy","maker"
"0.02330000","1963.00000000","2024-05-25T01:25:35.015Z","buy","maker"
"0.02336000","212.00000000","2024-05-25T01:18:04.334Z","sell","maker"
"0.02334000","26.00000000","2024-05-25T01:12:49.777Z","sell","maker"
"0.02332000","620.00000000","2024-05-25T01:12:49.777Z","sell","maker"
"0.02332000","4645.00000000","2024-05-25T00:40:27.964Z","buy","maker"
"0.02328000","54.00000000","2024-05-25T00:08:59.697Z","buy","maker"
"0.02333000","92.00000000","2024-05-25T00:08:37.236Z","sell","maker"
"0.02330000","44.00000000","2024-05-24T23:30:20.948Z","sell","maker"