"price","volume","timestamp","type"
"10.0463","30.47","2024-05-25T20:36:16.305Z","ask"
"10.0471","79.62","2024-05-25T20:36:16.305Z","ask"
"10.0474","41.25","2024-05-25T20:36:16.305Z","ask"
"10.0476","1.46","2024-05-25T20:36:16.305Z","ask"
"10.0478","41.25","2024-05-25T20:36:16.305Z","ask"
"10.0479","246.3","2024-05-25T20:36:16.305Z","ask"
"10.0481","120.29","2024-05-25T20:36:16.305Z","ask"
"10.0482","58.52","2024-05-25T20:36:16.305Z","ask"
"10.0485","41.25","2024-05-25T20:36:16.305Z","ask"
"10.0501","915.9","2024-05-25T20:36:16.305Z","ask"
"10.0503","79.14","2024-05-25T20:36:16.305Z","ask"
"10.0504","51.94","2024-05-25T20:36:16.305Z","ask"
"10.0506","41.25","2024-05-25T20:36:16.305Z","ask"
"10.0515","58.47","2024-05-25T20:36:16.305Z","ask"
"10.0516","79.59","2024-05-25T20:36:16.305Z","ask"
"10.0517","27.49","2024-05-25T20:36:16.305Z","ask"
"10.0519","41.25","2024-05-25T20:36:16.305Z","ask"
"10.0523","99.4","2024-05-25T20:36:16.305Z","ask"
"10.053","144.42","2024-05-25T20:36:16.305Z","ask"
"10.0531","41.25","2024-05-25T20:36:16.305Z","ask"
"10.0539","134.05","2024-05-25T20:36:16.305Z","ask"
"10.054","223.32","2024-05-25T20:36:16.305Z","ask"
"10.0541","107.27","2024-05-25T20:36:16.305Z","ask"
"10.0542","2443.82","2024-05-25T20:36:16.305Z","ask"
"10.0552","323.43","2024-05-25T20:36:16.305Z","ask"
"10.0553","41.25","2024-05-25T20:36:16.305Z","ask"
"10.056","129.71","2024-05-25T20:36:16.305Z","ask"
"10.0564","41.25","2024-05-25T20:36:16.305Z","ask"
"10.057","348.81","2024-05-25T20:36:16.305Z","ask"
"10.0593","41.25","2024-05-25T20:36:16.305Z","ask"
"10.06","259.42","2024-05-25T20:36:16.305Z","ask"
"10.0604","41.25","2024-05-25T20:36:16.305Z","ask"
"10.0607","209.4","2024-05-25T20:36:16.305Z","ask"
"10.0626","41.25","2024-05-25T20:36:16.305Z","ask"
"10.0634","4292.32","2024-05-25T20:36:16.305Z","ask"
"10.0637","41.25","2024-05-25T20:36:16.305Z","ask"
"10.0641","3257.81","2024-05-25T20:36:16.305Z","ask"
"10.0644","119.23","2024-05-25T20:36:16.305Z","ask"
"10.0647","1841.6","2024-05-25T20:36:16.305Z","ask"
"10.0648","41.25","2024-05-25T20:36:16.305Z","ask"
"10.066","41.25","2024-05-25T20:36:16.305Z","ask"
"10.0671","41.25","2024-05-25T20:36:16.305Z","ask"
"10.068","518.84","2024-05-25T20:36:16.305Z","ask"
"10.0681","50.12","2024-05-25T20:36:16.305Z","ask"
"10.0682","41.25","2024-05-25T20:36:16.305Z","ask"
"10.0693","41.25","2024-05-25T20:36:16.305Z","ask"
"10.0721","1500","2024-05-25T20:36:16.305Z","ask"
"10.0726","41.25","2024-05-25T20:36:16.305Z","ask"
"10.073","198.55","2024-05-25T20:36:16.305Z","ask"
"10.0743","41.25","2024-05-25T20:36:16.305Z","ask"
"10.0749","648.55","2024-05-25T20:36:16.305Z","ask"
"10.075","107.27","2024-05-25T20:36:16.305Z","ask"
"10.0754","41.25","2024-05-25T20:36:16.305Z","ask"
"10.0765","41.25","2024-05-25T20:36:16.305Z","ask"
"10.0767","4292.32","2024-05-25T20:36:16.305Z","ask"
"10.0788","41.25","2024-05-25T20:36:16.305Z","ask"
"10.0796","125.16","2024-05-25T20:36:16.305Z","ask"
"10.0822","41.25","2024-05-25T20:36:16.305Z","ask"
"10.0833","41.25","2024-05-25T20:36:16.305Z","ask"
"10.0857","153.6","2024-05-25T20:36:16.305Z","ask"
"10.0866","41.25","2024-05-25T20:36:16.305Z","ask"
"10.0884","9.95","2024-05-25T20:36:16.305Z","ask"
"10.0901","107.27","2024-05-25T20:36:16.305Z","ask"
"10.091","41.25","2024-05-25T20:36:16.305Z","ask"
"10.094","1.2","2024-05-25T20:36:16.305Z","ask"
"10.0965","41.25","2024-05-25T20:36:16.305Z","ask"
"10.0994","518.53","2024-05-25T20:36:16.305Z","ask"
"10.1","198.96","2024-05-25T20:36:16.305Z","ask"
"10.1008","19.9","2024-05-25T20:36:16.305Z","ask"
"10.101","6450.44","2024-05-25T20:36:16.305Z","ask"
"10.1029","19.9","2024-05-25T20:36:16.305Z","ask"
"10.1033","420.29","2024-05-25T20:36:16.305Z","ask"
"10.104","1.2","2024-05-25T20:36:16.305Z","ask"
"10.105","19.9","2024-05-25T20:36:16.305Z","ask"
"10.1052","123.53","2024-05-25T20:36:16.305Z","ask"
"10.1064","39.82","2024-05-25T20:36:16.305Z","ask"
"10.107","0.09","2024-05-25T20:36:16.305Z","ask"
"10.1071","19.9","2024-05-25T20:36:16.305Z","ask"
"10.1092","19.9","2024-05-25T20:36:16.305Z","ask"
"10.1113","35.12","2024-05-25T20:36:16.305Z","ask"
"10.114","1.2","2024-05-25T20:36:16.305Z","ask"
"10.1141","1297.09","2024-05-25T20:36:16.305Z","ask"
"10.1203","123.53","2024-05-25T20:36:16.305Z","ask"
"10.1205","13.36","2024-05-25T20:36:16.305Z","ask"
"10.1223","10848.12","2024-05-25T20:36:16.305Z","ask"
"10.124","1.2","2024-05-25T20:36:16.305Z","ask"
"10.1253","9.19","2024-05-25T20:36:16.305Z","ask"
"10.1296","4292.32","2024-05-25T20:36:16.305Z","ask"
"10.134","1.2","2024-05-25T20:36:16.305Z","ask"
"10.1355","123.53","2024-05-25T20:36:16.305Z","ask"
"10.1408","2.53","2024-05-25T20:36:16.305Z","ask"
"10.1412","12.25","2024-05-25T20:36:16.305Z","ask"
"10.142","19.95","2024-05-25T20:36:16.305Z","ask"
"10.144","1.2","2024-05-25T20:36:16.305Z","ask"
"10.1441","3.32","2024-05-25T20:36:16.305Z","ask"
"10.1445","1.2","2024-05-25T20:36:16.305Z","ask"
"10.145","18.86","2024-05-25T20:36:16.305Z","ask"
"10.1453","1.83","2024-05-25T20:36:16.305Z","ask"
"10.146","4.26","2024-05-25T20:36:16.305Z","ask"
"10.1466","221.7","2024-05-25T20:36:16.305Z","ask"
"10.1468","2.27","2024-05-25T20:36:16.305Z","ask"
"10.1506","123.53","2024-05-25T20:36:16.305Z","ask"
"10.1515","0.25","2024-05-25T20:36:16.305Z","ask"
"10.1516","5.81","2024-05-25T20:36:16.305Z","ask"
"10.1519","3.1","2024-05-25T20:36:16.305Z","ask"
"10.1527","1.83","2024-05-25T20:36:16.305Z","ask"
"10.154","1.2","2024-05-25T20:36:16.305Z","ask"
"10.1557","5.5","2024-05-25T20:36:16.305Z","ask"
"10.1561","3.36","2024-05-25T20:36:16.305Z","ask"
"10.1562","1.6","2024-05-25T20:36:16.305Z","ask"
"10.1571","787.62","2024-05-25T20:36:16.305Z","ask"
"10.1609","16.07","2024-05-25T20:36:16.305Z","ask"
"10.1613","6.32","2024-05-25T20:36:16.305Z","ask"
"10.1622","5.07","2024-05-25T20:36:16.305Z","ask"
"10.1637","5.6","2024-05-25T20:36:16.305Z","ask"
"10.164","1.2","2024-05-25T20:36:16.305Z","ask"
"10.1657","126.8","2024-05-25T20:36:16.305Z","ask"
"10.1667","11.26","2024-05-25T20:36:16.305Z","ask"
"10.1678","6.72","2024-05-25T20:36:16.305Z","ask"
"10.1698","1.63","2024-05-25T20:36:16.305Z","ask"
"10.1705","42.04","2024-05-25T20:36:16.305Z","ask"
"10.1714","3.06","2024-05-25T20:36:16.305Z","ask"
"10.1722","6.47","2024-05-25T20:36:16.305Z","ask"
"10.1725","11.35","2024-05-25T20:36:16.305Z","ask"
"10.1726","11.75","2024-05-25T20:36:16.305Z","ask"
"10.1733","2.99","2024-05-25T20:36:16.305Z","ask"
"10.1736","8.53","2024-05-25T20:36:16.305Z","ask"
"10.174","1.2","2024-05-25T20:36:16.305Z","ask"
"10.1744","2.54","2024-05-25T20:36:16.305Z","ask"
"10.176","2181.17","2024-05-25T20:36:16.305Z","ask"
"10.1772","0.59","2024-05-25T20:36:16.305Z","ask"
"10.1779","1.41","2024-05-25T20:36:16.305Z","ask"
"10.178","2.99","2024-05-25T20:36:16.305Z","ask"
"10.1794","5308.33","2024-05-25T20:36:16.305Z","ask"
"10.1795","13.36","2024-05-25T20:36:16.305Z","ask"
"10.1808","107.27","2024-05-25T20:36:16.305Z","ask"
"10.181","34.86","2024-05-25T20:36:16.305Z","ask"
"10.1811","25.18","2024-05-25T20:36:16.305Z","ask"
"10.1819","3.54","2024-05-25T20:36:16.305Z","ask"
"10.183","127","2024-05-25T20:36:16.305Z","ask"
"10.184","1.2","2024-05-25T20:36:16.305Z","ask"
"10.1845","1621.36","2024-05-25T20:36:16.305Z","ask"
"10.1857","18.42","2024-05-25T20:36:16.305Z","ask"
"10.1877","3.34","2024-05-25T20:36:16.305Z","ask"
"10.1895","2.81","2024-05-25T20:36:16.305Z","ask"
"10.1929","10.55","2024-05-25T20:36:16.305Z","ask"
"10.1938","46.31","2024-05-25T20:36:16.305Z","ask"
"10.194","1.2","2024-05-25T20:36:16.305Z","ask"
"10.1955","1.2","2024-05-25T20:36:16.305Z","ask"
"10.1958","0.82","2024-05-25T20:36:16.305Z","ask"
"10.204","1.2","2024-05-25T20:36:16.305Z","ask"
"10.2043","14264.77","2024-05-25T20:36:16.305Z","ask"
"10.2051","6.58","2024-05-25T20:36:16.305Z","ask"
"10.2056","3.3","2024-05-25T20:36:16.305Z","ask"
"10.2057","0.09","2024-05-25T20:36:16.305Z","ask"
"10.2065","5.47","2024-05-25T20:36:16.305Z","ask"
"10.2068","3.35","2024-05-25T20:36:16.305Z","ask"
"10.2072","5.66","2024-05-25T20:36:16.305Z","ask"
"10.2075","3.08","2024-05-25T20:36:16.305Z","ask"
"10.211","1.75","2024-05-25T20:36:16.305Z","ask"
"10.214","1.2","2024-05-25T20:36:16.305Z","ask"
"10.2142","0.5","2024-05-25T20:36:16.305Z","ask"
"10.2166","7.84","2024-05-25T20:36:16.305Z","ask"
"10.2167","1.41","2024-05-25T20:36:16.305Z","ask"
"10.217","20.11","2024-05-25T20:36:16.305Z","ask"
"10.2182","4.87","2024-05-25T20:36:16.305Z","ask"
"10.2199","3.01","2024-05-25T20:36:16.305Z","ask"
"10.22","2181.17","2024-05-25T20:36:16.305Z","ask"
"10.2205","48.9","2024-05-25T20:36:16.305Z","ask"
"10.2217","16.07","2024-05-25T20:36:16.305Z","ask"
"10.2221","3.04","2024-05-25T20:36:16.305Z","ask"
"10.2222","13.52","2024-05-25T20:36:16.305Z","ask"
"10.224","1.2","2024-05-25T20:36:16.305Z","ask"
"10.2241","2.98","2024-05-25T20:36:16.305Z","ask"
"10.2244","8.49","2024-05-25T20:36:16.305Z","ask"
"10.2258","2.38","2024-05-25T20:36:16.305Z","ask"
"10.2268","11.69","2024-05-25T20:36:16.305Z","ask"
"10.2276","19.52","2024-05-25T20:36:16.305Z","ask"
"10.2287","15.19","2024-05-25T20:36:16.305Z","ask"
"10.2289","2.97","2024-05-25T20:36:16.305Z","ask"
"10.232","25.06","2024-05-25T20:36:16.305Z","ask"
"10.2333","11.26","2024-05-25T20:36:16.305Z","ask"
"10.2338","6.43","2024-05-25T20:36:16.305Z","ask"
"10.234","1.2","2024-05-25T20:36:16.305Z","ask"
"10.2343","21.33","2024-05-25T20:36:16.305Z","ask"
"10.2385","13.36","2024-05-25T20:36:16.305Z","ask"
"10.239","6.67","2024-05-25T20:36:16.306Z","ask"
"10.2423","0.75","2024-05-25T20:36:16.306Z","ask"
"10.2428","3.52","2024-05-25T20:36:16.306Z","ask"
"10.2431","6.11","2024-05-25T20:36:16.306Z","ask"
"10.244","1.2","2024-05-25T20:36:16.306Z","ask"
"10.2447","10.55","2024-05-25T20:36:16.306Z","ask"
"10.245","7.6","2024-05-25T20:36:16.306Z","ask"
"10.2461","0.01","2024-05-25T20:36:16.306Z","ask"
"10.2467","1.19","2024-05-25T20:36:16.306Z","ask"
"10.2494","323.68","2024-05-25T20:36:16.306Z","ask"
"10.25","814.83","2024-05-25T20:36:16.306Z","ask"
"10.2519","318.99","2024-05-25T20:36:16.306Z","ask"
"10.2524","5.76","2024-05-25T20:36:16.306Z","ask"
"10.2525","0.25","2024-05-25T20:36:16.306Z","ask"
"10.253","3.22","2024-05-25T20:36:16.306Z","ask"
"10.254","1.2","2024-05-25T20:36:16.306Z","ask"
"10.2545","2.61","2024-05-25T20:36:16.306Z","ask"
"10.2576","5.44","2024-05-25T20:36:16.306Z","ask"
"10.2579","3.33","2024-05-25T20:36:16.306Z","ask"
"10.2635","3.07","2024-05-25T20:36:16.306Z","ask"
"10.264","1.2","2024-05-25T20:36:16.306Z","ask"
"10.2656","2.2","2024-05-25T20:36:16.306Z","ask"
"10.2659","4.08","2024-05-25T20:36:16.306Z","ask"
"10.267","1.57","2024-05-25T20:36:16.306Z","ask"
"10.2672","1.57","2024-05-25T20:36:16.306Z","ask"
"10.2675","3.28","2024-05-25T20:36:16.306Z","ask"
"10.269","2.5","2024-05-25T20:36:16.306Z","ask"
"10.2722","2.35","2024-05-25T20:36:16.306Z","ask"
"10.2732","3.03","2024-05-25T20:36:16.306Z","ask"
"10.274","1.2","2024-05-25T20:36:16.306Z","ask"
"10.2751","2.96","2024-05-25T20:36:16.306Z","ask"
"10.2754","8.44","2024-05-25T20:36:16.306Z","ask"
"10.2759","16.75","2024-05-25T20:36:16.306Z","ask"
"10.2776","1.57","2024-05-25T20:36:16.306Z","ask"
"10.2787","5.62","2024-05-25T20:36:16.306Z","ask"
"10.2791","1.86","2024-05-25T20:36:16.306Z","ask"
"10.2801","2.96","2024-05-25T20:36:16.306Z","ask"
"10.2813","11.63","2024-05-25T20:36:16.306Z","ask"
"10.2826","16.07","2024-05-25T20:36:16.306Z","ask"
"10.2831","24.93","2024-05-25T20:36:16.306Z","ask"
"10.284","1.2","2024-05-25T20:36:16.306Z","ask"
"10.2847","1.83","2024-05-25T20:36:16.306Z","ask"
"10.2886","5.08","2024-05-25T20:36:16.306Z","ask"
"10.2895","2.48","2024-05-25T20:36:16.306Z","ask"
"10.2924","1.61","2024-05-25T20:36:16.306Z","ask"
"10.2937","2.59","2024-05-25T20:36:16.306Z","ask"
"10.294","1.2","2024-05-25T20:36:16.306Z","ask"
"10.2947","45.86","2024-05-25T20:36:16.306Z","ask"
"10.2959","6.39","2024-05-25T20:36:16.306Z","ask"
"10.2961","18.59","2024-05-25T20:36:16.306Z","ask"
"10.2964","9.08","2024-05-25T20:36:16.306Z","ask"
"10.2973","1.8","2024-05-25T20:36:16.306Z","ask"
"10.2974","13.36","2024-05-25T20:36:16.306Z","ask"
"10.2979","2.24","2024-05-25T20:36:16.306Z","ask"
"10.2982","1.18","2024-05-25T20:36:16.306Z","ask"
"10.2994","4.19","2024-05-25T20:36:16.306Z","ask"
"10.3","1673.44","2024-05-25T20:36:16.306Z","ask"
"10.3004","1945.64","2024-05-25T20:36:16.306Z","ask"
"10.3008","7.27","2024-05-25T20:36:16.306Z","ask"
"10.3037","1.96","2024-05-25T20:36:16.306Z","ask"
"10.3039","3.5","2024-05-25T20:36:16.306Z","ask"
"10.304","1.2","2024-05-25T20:36:16.306Z","ask"
"10.3042","34.44","2024-05-25T20:36:16.306Z","ask"
"10.3057","13.58","2024-05-25T20:36:16.306Z","ask"
"10.3063","7.77","2024-05-25T20:36:16.306Z","ask"
"10.3078","1.58","2024-05-25T20:36:16.306Z","ask"
"10.3089","5.42","2024-05-25T20:36:16.306Z","ask"
"10.3091","3.31","2024-05-25T20:36:16.306Z","ask"
"10.3106","6.63","2024-05-25T20:36:16.306Z","ask"
"10.3113","6.32","2024-05-25T20:36:16.306Z","ask"
"10.314","1.2","2024-05-25T20:36:16.306Z","ask"
"10.3154","5","2024-05-25T20:36:16.306Z","ask"
"10.3181","4.82","2024-05-25T20:36:16.306Z","ask"
"10.3197","3.05","2024-05-25T20:36:16.306Z","ask"
"10.3228","1074.67","2024-05-25T20:36:16.306Z","ask"
"10.3229","5.52","2024-05-25T20:36:16.306Z","ask"
"10.3232","11.18","2024-05-25T20:36:16.306Z","ask"
"10.324","1.2","2024-05-25T20:36:16.306Z","ask"
"10.3244","3.01","2024-05-25T20:36:16.306Z","ask"
"10.3264","2.95","2024-05-25T20:36:16.306Z","ask"
"10.3266","41.4","2024-05-25T20:36:16.306Z","ask"
"10.3267","8.4","2024-05-25T20:36:16.306Z","ask"
"10.3269","2.5","2024-05-25T20:36:16.306Z","ask"
"10.3294","9.01","2024-05-25T20:36:16.306Z","ask"
"10.3297","3.26","2024-05-25T20:36:16.306Z","ask"
"10.3315","2.94","2024-05-25T20:36:16.306Z","ask"
"10.3319","1.41","2024-05-25T20:36:16.306Z","ask"
"10.3323","6.5","2024-05-25T20:36:16.306Z","ask"
"10.334","1.2","2024-05-25T20:36:16.306Z","ask"
"10.3345","24.81","2024-05-25T20:36:16.306Z","ask"
"10.3357","13.54","2024-05-25T20:36:16.306Z","ask"
"10.336","11.57","2024-05-25T20:36:16.306Z","ask"
"10.3387","18.15","2024-05-25T20:36:16.306Z","ask"
"10.3404","3.29","2024-05-25T20:36:16.306Z","ask"
"10.3435","16.07","2024-05-25T20:36:16.306Z","ask"
"10.3437","2.76","2024-05-25T20:36:16.306Z","ask"
"10.344","1.2","2024-05-25T20:36:16.306Z","ask"
"10.3478","319.1","2024-05-25T20:36:16.306Z","ask"
"10.3482","9.08","2024-05-25T20:36:16.306Z","ask"
"10.3492","0.82","2024-05-25T20:36:16.306Z","ask"
"10.35","35.94","2024-05-25T20:36:16.306Z","ask"
"10.3506","5.58","2024-05-25T20:36:16.306Z","ask"
"10.3535","0.25","2024-05-25T20:36:16.306Z","ask"
"10.354","1.2","2024-05-25T20:36:16.306Z","ask"
"10.3542","5.7","2024-05-25T20:36:16.306Z","ask"
"10.3563","3.18","2024-05-25T20:36:16.306Z","ask"
"10.3564","13.36","2024-05-25T20:36:16.306Z","ask"
"10.3583","6.35","2024-05-25T20:36:16.306Z","ask"
"10.3605","5.39","2024-05-25T20:36:16.306Z","ask"
"10.3607","14.44","2024-05-25T20:36:16.306Z","ask"
"10.364","1.2","2024-05-25T20:36:16.306Z","ask"
"10.3656","3.48","2024-05-25T20:36:16.306Z","ask"
"10.3657","13.5","2024-05-25T20:36:16.306Z","ask"
"10.3665","31.85","2024-05-25T20:36:16.306Z","ask"
"10.3667","11.26","2024-05-25T20:36:16.306Z","ask"
"10.3692","0.55","2024-05-25T20:36:16.306Z","ask"
"10.3694","0.49","2024-05-25T20:36:16.306Z","ask"
"10.37","102.63","2024-05-25T20:36:16.306Z","ask"
"10.3713","1.41","2024-05-25T20:36:16.306Z","ask"
"10.3717","3.56","2024-05-25T20:36:16.306Z","ask"
"10.374","1.2","2024-05-25T20:36:16.306Z","ask"
"10.3742","2.96","2024-05-25T20:36:16.306Z","ask"
"10.376","3","2024-05-25T20:36:16.306Z","ask"
"10.3763","3.03","2024-05-25T20:36:16.306Z","ask"
"10.3779","5.31","2024-05-25T20:36:16.306Z","ask"
"10.378","1.72","2024-05-25T20:36:16.306Z","ask"
"10.3782","8.36","2024-05-25T20:36:16.306Z","ask"
"10.3789","8.92","2024-05-25T20:36:16.306Z","ask"
"10.381","19.52","2024-05-25T20:36:16.306Z","ask"
"10.3828","6.58","2024-05-25T20:36:16.306Z","ask"
"10.3832","2.93","2024-05-25T20:36:16.306Z","ask"
"10.3833","14.97","2024-05-25T20:36:16.306Z","ask"
"10.384","1.2","2024-05-25T20:36:16.306Z","ask"
"10.3861","24.68","2024-05-25T20:36:16.306Z","ask"
"10.3864","1.71","2024-05-25T20:36:16.306Z","ask"
"10.3896","21.33","2024-05-25T20:36:16.306Z","ask"
"10.3901","10.46","2024-05-25T20:36:16.306Z","ask"
"10.3911","11.51","2024-05-25T20:36:16.306Z","ask"
"10.3922","3.24","2024-05-25T20:36:16.306Z","ask"
"10.394","1.2","2024-05-25T20:36:16.306Z","ask"
"10.3948","1.98","2024-05-25T20:36:16.306Z","ask"
"10.3955","6.02","2024-05-25T20:36:16.306Z","ask"
"10.3957","13.46","2024-05-25T20:36:16.306Z","ask"
"10.3967","45.41","2024-05-25T20:36:16.306Z","ask"
"10.3968","7.7","2024-05-25T20:36:16.306Z","ask"
"10.3987","2.46","2024-05-25T20:36:16.306Z","ask"
"10.3995","7.49","2024-05-25T20:36:16.306Z","ask"
"10.4","3216.66","2024-05-25T20:36:16.306Z","ask"
"10.402","1.17","2024-05-25T20:36:16.306Z","ask"
"10.4027","13.28","2024-05-25T20:36:16.306Z","ask"
"10.404","1.2","2024-05-25T20:36:16.306Z","ask"
"10.4043","16.07","2024-05-25T20:36:16.306Z","ask"
"10.405","200","2024-05-25T20:36:16.306Z","ask"
"10.4084","3.17","2024-05-25T20:36:16.306Z","ask"
"10.4091","2.57","2024-05-25T20:36:16.306Z","ask"
"10.4124","5.36","2024-05-25T20:36:16.306Z","ask"
"10.4125","3.28","2024-05-25T20:36:16.306Z","ask"
"10.414","1.2","2024-05-25T20:36:16.306Z","ask"
"10.4154","13.36","2024-05-25T20:36:16.306Z","ask"
"10.4164","1.59","2024-05-25T20:36:16.306Z","ask"
"10.4166","1.16","2024-05-25T20:36:16.306Z","ask"
"10.4174","0.58","2024-05-25T20:36:16.306Z","ask"
"10.4176","0.58","2024-05-25T20:36:16.306Z","ask"
"10.4184","1.83","2024-05-25T20:36:16.306Z","ask"
"10.4188","0.58","2024-05-25T20:36:16.306Z","ask"
"10.4189","4.77","2024-05-25T20:36:16.306Z","ask"
"10.4192","4.02","2024-05-25T20:36:16.306Z","ask"
"10.42","17.67","2024-05-25T20:36:16.306Z","ask"
"10.421","6.31","2024-05-25T20:36:16.306Z","ask"
"10.4216","1.54","2024-05-25T20:36:16.306Z","ask"
"10.423","5.54","2024-05-25T20:36:16.306Z","ask"
"10.424","1.2","2024-05-25T20:36:16.306Z","ask"
"10.4243","0.09","2024-05-25T20:36:16.306Z","ask"
"10.4245","1074.67","2024-05-25T20:36:16.306Z","ask"
"10.4247","0.09","2024-05-25T20:36:16.306Z","ask"
"10.4255","0.09","2024-05-25T20:36:16.306Z","ask"
"10.4258","13.42","2024-05-25T20:36:16.306Z","ask"
"10.4263","0.09","2024-05-25T20:36:16.306Z","ask"
"10.4274","3.46","2024-05-25T20:36:16.306Z","ask"
"10.4279","2.98","2024-05-25T20:36:16.306Z","ask"
"10.4289","34.03","2024-05-25T20:36:16.306Z","ask"
"10.4297","2.92","2024-05-25T20:36:16.306Z","ask"
"10.43","1265.71","2024-05-25T20:36:16.306Z","ask"
"10.4316","1.16","2024-05-25T20:36:16.306Z","ask"
"10.4319","1.16","2024-05-25T20:36:16.306Z","ask"
"10.4331","3.02","2024-05-25T20:36:16.306Z","ask"
"10.4332","0.58","2024-05-25T20:36:16.306Z","ask"
"10.4333","11.26","2024-05-25T20:36:16.306Z","ask"
"10.4335","0.58","2024-05-25T20:36:16.306Z","ask"
"10.4337","0.74","2024-05-25T20:36:16.306Z","ask"
"10.434","1.2","2024-05-25T20:36:16.306Z","ask"
"10.4352","2.91","2024-05-25T20:36:16.306Z","ask"
"10.4379","1.16","2024-05-25T20:36:16.306Z","ask"
"10.438","24.56","2024-05-25T20:36:16.306Z","ask"
"10.4391","0.58","2024-05-25T20:36:16.306Z","ask"
"10.44","217.36","2024-05-25T20:36:16.306Z","ask"
"10.4437","302.31","2024-05-25T20:36:16.306Z","ask"
"10.444","1.2","2024-05-25T20:36:16.306Z","ask"
"10.4441","1.2","2024-05-25T20:36:16.306Z","ask"
"10.4442","2.44","2024-05-25T20:36:16.306Z","ask"
"10.4445","0.09","2024-05-25T20:36:16.306Z","ask"
"10.445","5","2024-05-25T20:36:16.306Z","ask"
"10.4458","0.58","2024-05-25T20:36:16.306Z","ask"
"10.4461","46.67","2024-05-25T20:36:16.306Z","ask"
"10.4464","11.45","2024-05-25T20:36:16.306Z","ask"
"10.4474","0.09","2024-05-25T20:36:16.306Z","ask"
"10.448","0.58","2024-05-25T20:36:16.306Z","ask"
"10.4482","3","2024-05-25T20:36:16.306Z","ask"
"10.4485","0.58","2024-05-25T20:36:16.306Z","ask"
"10.4492","2.55","2024-05-25T20:36:16.306Z","ask"
"10.4494","2291.87","2024-05-25T20:36:16.306Z","ask"
"10.4497","0.58","2024-05-25T20:36:16.306Z","ask"
"10.45","4253.09","2024-05-25T20:36:16.306Z","ask"
"10.4512","2.2","2024-05-25T20:36:16.306Z","ask"
"10.4515","1.77","2024-05-25T20:36:16.306Z","ask"
"10.4519","0.58","2024-05-25T20:36:16.306Z","ask"
"10.4522","0.58","2024-05-25T20:36:16.306Z","ask"
"10.4525","36.73","2024-05-25T20:36:16.306Z","ask"
"10.454","1.2","2024-05-25T20:36:16.306Z","ask"
"10.4541","1.16","2024-05-25T20:36:16.306Z","ask"
"10.4542","0.58","2024-05-25T20:36:16.306Z","ask"
"10.4543","1.17","2024-05-25T20:36:16.306Z","ask"
"10.4545","0.25","2024-05-25T20:36:16.306Z","ask"
"10.4546","1.74","2024-05-25T20:36:16.306Z","ask"
"10.4549","0.09","2024-05-25T20:36:16.306Z","ask"
"10.4552","7.35","2024-05-25T20:36:16.306Z","ask"
"10.4555","7.11","2024-05-25T20:36:16.306Z","ask"
"10.4561","13.38","2024-05-25T20:36:16.306Z","ask"
"10.4569","5.64","2024-05-25T20:36:16.306Z","ask"
"10.4586","0.09","2024-05-25T20:36:16.306Z","ask"
"10.4587","0.29","2024-05-25T20:36:16.306Z","ask"
"10.4599","3.73","2024-05-25T20:36:16.306Z","ask"
"10.46","60.79","2024-05-25T20:36:16.306Z","ask"
"10.4601","0.87","2024-05-25T20:36:16.306Z","ask"
"10.4603","0.58","2024-05-25T20:36:16.306Z","ask"
"10.4611","6.42","2024-05-25T20:36:16.306Z","ask"
"10.4617","1.55","2024-05-25T20:36:16.306Z","ask"
"10.4634","6.32","2024-05-25T20:36:16.306Z","ask"
"10.464","1.2","2024-05-25T20:36:16.306Z","ask"
"10.4644","5.34","2024-05-25T20:36:16.306Z","ask"
"10.4645","3.26","2024-05-25T20:36:16.306Z","ask"
"10.4652","16.07","2024-05-25T20:36:16.306Z","ask"
"10.4677","20.17","2024-05-25T20:36:16.306Z","ask"
"10.4695","0.57","2024-05-25T20:36:16.306Z","ask"
"10.47","88","2024-05-25T20:36:16.306Z","ask"
"10.4704","0.09","2024-05-25T20:36:16.306Z","ask"
"10.4708","4.92","2024-05-25T20:36:16.306Z","ask"
"10.4717","13.17","2024-05-25T20:36:16.306Z","ask"
"10.4719","0.09","2024-05-25T20:36:16.306Z","ask"
"10.4722","0.09","2024-05-25T20:36:16.306Z","ask"
"10.474","1.2","2024-05-25T20:36:16.306Z","ask"
"10.4744","13.36","2024-05-25T20:36:16.306Z","ask"
"10.4763","11.02","2024-05-25T20:36:16.306Z","ask"
"10.4768","3.89","2024-05-25T20:36:16.306Z","ask"
"10.4799","2.97","2024-05-25T20:36:16.306Z","ask"
"10.4817","2.46","2024-05-25T20:36:16.306Z","ask"
"10.4818","2.9","2024-05-25T20:36:16.306Z","ask"
"10.4821","8.28","2024-05-25T20:36:16.306Z","ask"
"10.4829","0.57","2024-05-25T20:36:16.306Z","ask"
"10.483","509.63","2024-05-25T20:36:16.306Z","ask"
"10.484","1.2","2024-05-25T20:36:16.306Z","ask"
"10.4841","24.76","2024-05-25T20:36:16.306Z","ask"
"10.4842","6.28","2024-05-25T20:36:16.306Z","ask"
"10.4847","5.43","2024-05-25T20:36:16.306Z","ask"
"10.4851","40.78","2024-05-25T20:36:16.306Z","ask"
"10.486","125","2024-05-25T20:36:16.306Z","ask"
"10.4864","13.34","2024-05-25T20:36:16.306Z","ask"
"10.4873","2.9","2024-05-25T20:36:16.306Z","ask"
"10.4884","1.41","2024-05-25T20:36:16.306Z","ask"
"10.4889","239.09","2024-05-25T20:36:16.306Z","ask"
"10.4893","0.57","2024-05-25T20:36:16.306Z","ask"
"10.4898","3.44","2024-05-25T20:36:16.306Z","ask"
"10.4902","24.44","2024-05-25T20:36:16.306Z","ask"
"10.4903","3","2024-05-25T20:36:16.306Z","ask"
"10.4924","8.01","2024-05-25T20:36:16.306Z","ask"
"10.494","1.2","2024-05-25T20:36:16.306Z","ask"
"10.4941","17.88","2024-05-25T20:36:16.306Z","ask"
"10.4954","3.24","2024-05-25T20:36:16.306Z","ask"
"10.4957","1.82","2024-05-25T20:36:16.306Z","ask"
"10.4959","5.51","2024-05-25T20:36:16.306Z","ask"
"10.4996","44.96","2024-05-25T20:36:16.306Z","ask"
"10.5","1115.56","2024-05-25T20:36:16.306Z","ask"
"10.5001","2.72","2024-05-25T20:36:16.306Z","ask"
"10.502","11.39","2024-05-25T20:36:16.306Z","ask"
"10.504","1.2","2024-05-25T20:36:16.306Z","ask"
"10.505","0.82","2024-05-25T20:36:16.306Z","ask"
"10.5064","0.57","2024-05-25T20:36:16.306Z","ask"
"10.5068","1.16","2024-05-25T20:36:16.306Z","ask"
"10.5077","50","2024-05-25T20:36:16.306Z","ask"
"10.5081","6.07","2024-05-25T20:36:16.306Z","ask"
"10.51","10","2024-05-25T20:36:16.306Z","ask"
"10.5134","3.14","2024-05-25T20:36:16.306Z","ask"
"10.514","1.2","2024-05-25T20:36:16.306Z","ask"
"10.5166","13.3","2024-05-25T20:36:16.306Z","ask"
"10.5168","5.31","2024-05-25T20:36:16.306Z","ask"
"10.5169","3.82","2024-05-25T20:36:16.306Z","ask"
"10.5175","3","2024-05-25T20:36:16.306Z","ask"
"10.5182","19.53","2024-05-25T20:36:16.306Z","ask"
"10.5186","3.2","2024-05-25T20:36:16.306Z","ask"
"10.5195","4","2024-05-25T20:36:16.306Z","ask"
"10.52","35.5","2024-05-25T20:36:16.306Z","ask"
"10.5208","4.73","2024-05-25T20:36:16.306Z","ask"
"10.524","1.2","2024-05-25T20:36:16.306Z","ask"
"10.5247","1010.12","2024-05-25T20:36:16.306Z","ask"
"10.5261","16.07","2024-05-25T20:36:16.306Z","ask"
"10.5269","0.48","2024-05-25T20:36:16.306Z","ask"
"10.5283","10.96","2024-05-25T20:36:16.306Z","ask"
"10.5284","1.41","2024-05-25T20:36:16.306Z","ask"
"10.5286","6.49","2024-05-25T20:36:16.306Z","ask"
"10.5289","0.57","2024-05-25T20:36:16.306Z","ask"
"10.53","1989.19","2024-05-25T20:36:16.306Z","ask"
"10.5302","2.43","2024-05-25T20:36:16.306Z","ask"
"10.5307","2.92","2024-05-25T20:36:16.306Z","ask"
"10.5322","5.33","2024-05-25T20:36:16.306Z","ask"
"10.5333","13.36","2024-05-25T20:36:16.306Z","ask"
"10.534","4.09","2024-05-25T20:36:16.306Z","ask"
"10.5344","8.24","2024-05-25T20:36:16.306Z","ask"
"10.5368","19.52","2024-05-25T20:36:16.306Z","ask"
"10.5377","8.83","2024-05-25T20:36:16.306Z","ask"
"10.5398","2.88","2024-05-25T20:36:16.306Z","ask"
"10.5401","14.75","2024-05-25T20:36:16.306Z","ask"
"10.542","1.57","2024-05-25T20:36:16.306Z","ask"
"10.5424","0.59","2024-05-25T20:36:16.306Z","ask"
"10.5425","24.32","2024-05-25T20:36:16.306Z","ask"
"10.544","1.2","2024-05-25T20:36:16.306Z","ask"
"10.5448","21.33","2024-05-25T20:36:16.306Z","ask"
"10.5453","3.27","2024-05-25T20:36:16.306Z","ask"
"10.547","13.26","2024-05-25T20:36:16.306Z","ask"
"10.5477","4.68","2024-05-25T20:36:16.306Z","ask"
"10.5478","6.24","2024-05-25T20:36:16.306Z","ask"
"10.5488","0.57","2024-05-25T20:36:16.306Z","ask"
"10.5491","1.06","2024-05-25T20:36:16.306Z","ask"
"10.55","597.49","2024-05-25T20:36:16.306Z","ask"
"10.5524","3.41","2024-05-25T20:36:16.306Z","ask"
"10.5539","1.83","2024-05-25T20:36:16.306Z","ask"
"10.554","1.2","2024-05-25T20:36:16.306Z","ask"
"10.5552","33.62","2024-05-25T20:36:16.306Z","ask"
"10.5556","0.25","2024-05-25T20:36:16.306Z","ask"
"10.5564","7.38","2024-05-25T20:36:16.306Z","ask"
"10.5579","11.33","2024-05-25T20:36:16.306Z","ask"
"10.5584","1.14","2024-05-25T20:36:16.306Z","ask"
"10.5597","1.15","2024-05-25T20:36:16.306Z","ask"
"10.56","5","2024-05-25T20:36:16.306Z","ask"
"10.5607","5.59","2024-05-25T20:36:16.306Z","ask"
"10.5608","0.57","2024-05-25T20:36:16.306Z","ask"
"10.5637","3.13","2024-05-25T20:36:16.306Z","ask"
"10.564","1.2","2024-05-25T20:36:16.306Z","ask"
"10.5659","2.53","2024-05-25T20:36:16.306Z","ask"
"10.566","60.23","2024-05-25T20:36:16.306Z","ask"
"10.5662","3.12","2024-05-25T20:36:16.306Z","ask"
"10.5667","11.26","2024-05-25T20:36:16.306Z","ask"
"10.5673","7.08","2024-05-25T20:36:16.306Z","ask"
"10.568","225","2024-05-25T20:36:16.306Z","ask"
"10.5692","5.47","2024-05-25T20:36:16.306Z","ask"
"10.5694","5.28","2024-05-25T20:36:16.306Z","ask"
"10.5695","3.23","2024-05-25T20:36:16.306Z","ask"
"10.574","1.2","2024-05-25T20:36:16.306Z","ask"
"10.5749","3.96","2024-05-25T20:36:16.306Z","ask"
"10.5775","13.23","2024-05-25T20:36:16.306Z","ask"
"10.5783","1.52","2024-05-25T20:36:16.306Z","ask"
"10.5785","0.01","2024-05-25T20:36:16.306Z","ask"
"10.5793","9.69","2024-05-25T20:36:16.307Z","ask"
"10.58","40","2024-05-25T20:36:16.307Z","ask"
"10.5824","3.19","2024-05-25T20:36:16.307Z","ask"
"10.5838","66.67","2024-05-25T20:36:16.307Z","ask"
"10.584","1.2","2024-05-25T20:36:16.307Z","ask"
"10.5841","0.01","2024-05-25T20:36:16.307Z","ask"
"10.5848","2.94","2024-05-25T20:36:16.307Z","ask"
"10.5849","3.56","2024-05-25T20:36:16.307Z","ask"
"10.5864","13.05","2024-05-25T20:36:16.307Z","ask"
"10.5866","5.88","2024-05-25T20:36:16.307Z","ask"
"10.587","24.27","2024-05-25T20:36:16.307Z","ask"
"10.5915","6.34","2024-05-25T20:36:16.307Z","ask"
"10.5923","13.36","2024-05-25T20:36:16.307Z","ask"
"10.5926","2.87","2024-05-25T20:36:16.307Z","ask"
"10.5936","110.57","2024-05-25T20:36:16.307Z","ask"
"10.594","1.2","2024-05-25T20:36:16.307Z","ask"
"10.5947","0.98","2024-05-25T20:36:16.307Z","ask"
"10.5952","24.2","2024-05-25T20:36:16.307Z","ask"
"10.597","0.57","2024-05-25T20:36:16.307Z","ask"
"10.5973","373.2","2024-05-25T20:36:16.307Z","ask"
"10.5979","0.57","2024-05-25T20:36:16.307Z","ask"
"10.599","498.45","2024-05-25T20:36:16.307Z","ask"
"10.5993","0.57","2024-05-25T20:36:16.307Z","ask"
"10.6","1942.42","2024-05-25T20:36:16.307Z","ask"
"10.6012","2.41","2024-05-25T20:36:16.307Z","ask"
"10.6023","6.44","2024-05-25T20:36:16.307Z","ask"
"10.6037","53.45","2024-05-25T20:36:16.307Z","ask"
"10.604","1.2","2024-05-25T20:36:16.307Z","ask"
"10.605","18.05","2024-05-25T20:36:16.307Z","ask"
"10.6052","0.57","2024-05-25T20:36:16.307Z","ask"
"10.6055","2.97","2024-05-25T20:36:16.307Z","ask"
"10.6058","97.9","2024-05-25T20:36:16.307Z","ask"
"10.6068","2.17","2024-05-25T20:36:16.307Z","ask"
"10.607","2.51","2024-05-25T20:36:16.307Z","ask"
"10.6079","4.19","2024-05-25T20:36:16.307Z","ask"
"10.608","13.19","2024-05-25T20:36:16.307Z","ask"
"10.6081","1.75","2024-05-25T20:36:16.307Z","ask"
"10.61","6.08","2024-05-25T20:36:16.307Z","ask"
"10.6108","823.36","2024-05-25T20:36:16.307Z","ask"
"10.6117","6.2","2024-05-25T20:36:16.307Z","ask"
"10.6121","0.57","2024-05-25T20:36:16.307Z","ask"
"10.6127","1.15","2024-05-25T20:36:16.307Z","ask"
"10.6129","58.65","2024-05-25T20:36:16.307Z","ask"
"10.6131","10.88","2024-05-25T20:36:16.307Z","ask"
"10.6134","4.07","2024-05-25T20:36:16.307Z","ask"
"10.614","1.2","2024-05-25T20:36:16.307Z","ask"
"10.6142","11.27","2024-05-25T20:36:16.307Z","ask"
"10.615","83.1","2024-05-25T20:36:16.307Z","ask"
"10.6154","3.39","2024-05-25T20:36:16.307Z","ask"
"10.6159","569.08","2024-05-25T20:36:16.307Z","ask"
"10.6161","0.57","2024-05-25T20:36:16.307Z","ask"
"10.6163","39.29","2024-05-25T20:36:16.307Z","ask"
"10.6177","0.57","2024-05-25T20:36:16.307Z","ask"
"10.6179","7.85","2024-05-25T20:36:16.307Z","ask"
"10.619","161.23","2024-05-25T20:36:16.307Z","ask"
"10.6194","10.24","2024-05-25T20:36:16.307Z","ask"
"10.6223","5.26","2024-05-25T20:36:16.307Z","ask"
"10.6224","3.22","2024-05-25T20:36:16.307Z","ask"
"10.6225","532.5","2024-05-25T20:36:16.307Z","ask"
"10.6235","501.37","2024-05-25T20:36:16.307Z","ask"
"10.6236","4.68","2024-05-25T20:36:16.307Z","ask"
"10.624","1.2","2024-05-25T20:36:16.307Z","ask"
"10.6258","11.73","2024-05-25T20:36:16.307Z","ask"
"10.6265","0.54","2024-05-25T20:36:16.307Z","ask"
"10.6285","5.58","2024-05-25T20:36:16.307Z","ask"
"10.6301","4.75","2024-05-25T20:36:16.307Z","ask"
"10.6316","10.86","2024-05-25T20:36:16.307Z","ask"
"10.6333","11.26","2024-05-25T20:36:16.307Z","ask"
"10.634","1.2","2024-05-25T20:36:16.307Z","ask"
"10.6353","6.99","2024-05-25T20:36:16.307Z","ask"
"10.6359","10.31","2024-05-25T20:36:16.307Z","ask"
"10.6368","0.57","2024-05-25T20:36:16.307Z","ask"
"10.6377","2.92","2024-05-25T20:36:16.307Z","ask"
"10.6386","13.15","2024-05-25T20:36:16.307Z","ask"
"10.6388","2.43","2024-05-25T20:36:16.307Z","ask"
"10.6394","2.86","2024-05-25T20:36:16.307Z","ask"
"10.6399","8.15","2024-05-25T20:36:16.308Z","ask"
"10.6406","4.75","2024-05-25T20:36:16.308Z","ask"
"10.6432","6.18","2024-05-25T20:36:16.308Z","ask"
"10.644","1.2","2024-05-25T20:36:16.308Z","ask"
"10.6447","94.17","2024-05-25T20:36:16.308Z","ask"
"10.6456","2.85","2024-05-25T20:36:16.308Z","ask"
"10.646","40.16","2024-05-25T20:36:16.308Z","ask"
"10.6461","0.57","2024-05-25T20:36:16.308Z","ask"
"10.6465","3.17","2024-05-25T20:36:16.308Z","ask"
"10.6471","1.41","2024-05-25T20:36:16.308Z","ask"
"10.6477","5.41","2024-05-25T20:36:16.308Z","ask"
"10.6478","16.07","2024-05-25T20:36:16.308Z","ask"
"10.648","40.41","2024-05-25T20:36:16.308Z","ask"
"10.6482","24.08","2024-05-25T20:36:16.308Z","ask"
"10.649","5.35","2024-05-25T20:36:16.308Z","ask"
"10.6511","4.92","2024-05-25T20:36:16.308Z","ask"
"10.6513","13.36","2024-05-25T20:36:16.308Z","ask"
"10.6517","18.18","2024-05-25T20:36:16.308Z","ask"
"10.6528","3.2","2024-05-25T20:36:16.308Z","ask"
"10.6538","10.2","2024-05-25T20:36:16.308Z","ask"
"10.654","1.2","2024-05-25T20:36:16.308Z","ask"
"10.6589","2.68","2024-05-25T20:36:16.308Z","ask"
"10.6594","107.47","2024-05-25T20:36:16.308Z","ask"
"10.66","66","2024-05-25T20:36:16.308Z","ask"
"10.6618","0.56","2024-05-25T20:36:16.308Z","ask"
"10.6619","0.56","2024-05-25T20:36:16.308Z","ask"
"10.6622","266.56","2024-05-25T20:36:16.308Z","ask"
"10.6627","0.56","2024-05-25T20:36:16.308Z","ask"
"10.6629","103.75","2024-05-25T20:36:16.308Z","ask"
"10.6631","1.38","2024-05-25T20:36:16.308Z","ask"
"10.6633","2.96","2024-05-25T20:36:16.308Z","ask"
"10.6637","2.95","2024-05-25T20:36:16.308Z","ask"
"10.664","1.2","2024-05-25T20:36:16.308Z","ask"
"10.6651","0.56","2024-05-25T20:36:16.308Z","ask"
"10.6655","5.53","2024-05-25T20:36:16.308Z","ask"
"10.666","1.14","2024-05-25T20:36:16.308Z","ask"
"10.6691","1.55","2024-05-25T20:36:16.308Z","ask"
"10.6694","13.11","2024-05-25T20:36:16.308Z","ask"
"10.67","4.54","2024-05-25T20:36:16.308Z","ask"
"10.6702","0.56","2024-05-25T20:36:16.308Z","ask"
"10.6707","11.21","2024-05-25T20:36:16.308Z","ask"
"10.6722","19.25","2024-05-25T20:36:16.308Z","ask"
"10.6729","0.56","2024-05-25T20:36:16.308Z","ask"
"10.6731","24.73","2024-05-25T20:36:16.308Z","ask"
"10.6736","17.62","2024-05-25T20:36:16.308Z","ask"
"10.674","1.2","2024-05-25T20:36:16.308Z","ask"
"10.6745","54","2024-05-25T20:36:16.308Z","ask"
"10.6753","20.68","2024-05-25T20:36:16.308Z","ask"
"10.6755","8.43","2024-05-25T20:36:16.308Z","ask"
"10.6757","3.15","2024-05-25T20:36:16.308Z","ask"
"10.676","6.16","2024-05-25T20:36:16.308Z","ask"
"10.6765","6.4","2024-05-25T20:36:16.308Z","ask"
"10.6776","0.56","2024-05-25T20:36:16.308Z","ask"
"10.6777","0.56","2024-05-25T20:36:16.308Z","ask"
"10.6778","150","2024-05-25T20:36:16.308Z","ask"
"10.6789","3.37","2024-05-25T20:36:16.308Z","ask"
"10.6818","1.71","2024-05-25T20:36:16.308Z","ask"
"10.6819","17.62","2024-05-25T20:36:16.308Z","ask"
"10.683","33.22","2024-05-25T20:36:16.308Z","ask"
"10.684","1.2","2024-05-25T20:36:16.308Z","ask"
"10.6854","0.77","2024-05-25T20:36:16.308Z","ask"
"10.6868","0.47","2024-05-25T20:36:16.308Z","ask"
"10.6878","1.41","2024-05-25T20:36:16.308Z","ask"
"10.688","4","2024-05-25T20:36:16.308Z","ask"
"10.689","2.38","2024-05-25T20:36:16.308Z","ask"
"10.6896","2.87","2024-05-25T20:36:16.308Z","ask"
"10.69","15.17","2024-05-25T20:36:16.308Z","ask"
"10.6907","2.91","2024-05-25T20:36:16.308Z","ask"
"10.691","1.83","2024-05-25T20:36:16.308Z","ask"
"10.6925","2.85","2024-05-25T20:36:16.308Z","ask"
"10.693","8.11","2024-05-25T20:36:16.308Z","ask"
"10.694","1.2","2024-05-25T20:36:16.308Z","ask"
"10.695","19.52","2024-05-25T20:36:16.308Z","ask"
"10.6985","10.79","2024-05-25T20:36:16.308Z","ask"
"10.6989","2.84","2024-05-25T20:36:16.308Z","ask"
"10.6994","14.53","2024-05-25T20:36:16.308Z","ask"
"10.7","370.51","2024-05-25T20:36:16.308Z","ask"
"10.7002","13.07","2024-05-25T20:36:16.308Z","ask"
"10.7006","0.29","2024-05-25T20:36:16.308Z","ask"
"10.7013","2.61","2024-05-25T20:36:16.308Z","ask"
"10.7014","24.52","2024-05-25T20:36:16.308Z","ask"
"10.7025","21.33","2024-05-25T20:36:16.308Z","ask"
"10.703","0.56","2024-05-25T20:36:16.308Z","ask"
"10.704","1.76","2024-05-25T20:36:16.308Z","ask"
"10.707","5.84","2024-05-25T20:36:16.308Z","ask"
"10.7081","0.56","2024-05-25T20:36:16.308Z","ask"
"10.7087","60.15","2024-05-25T20:36:16.308Z","ask"
"10.7102","7","2024-05-25T20:36:16.308Z","ask"
"10.7103","13.36","2024-05-25T20:36:16.308Z","ask"
"10.7111","3.15","2024-05-25T20:36:16.308Z","ask"
"10.712","0.56","2024-05-25T20:36:16.308Z","ask"
"10.714","1.2","2024-05-25T20:36:16.308Z","ask"
"10.7141","98.32","2024-05-25T20:36:16.308Z","ask"
"10.7156","7.27","2024-05-25T20:36:16.308Z","ask"
"10.717","2.35","2024-05-25T20:36:16.308Z","ask"
"10.7177","12.04","2024-05-25T20:36:16.308Z","ask"
"10.7186","12.31","2024-05-25T20:36:16.308Z","ask"
"10.719","49.15","2024-05-25T20:36:16.308Z","ask"
"10.7196","1.14","2024-05-25T20:36:16.308Z","ask"
"10.72","9350.62","2024-05-25T20:36:16.308Z","ask"
"10.7202","1.67","2024-05-25T20:36:16.308Z","ask"
"10.7222","2.94","2024-05-25T20:36:16.308Z","ask"
"10.7232","468","2024-05-25T20:36:16.308Z","ask"
"10.7235","6.27","2024-05-25T20:36:16.308Z","ask"
"10.724","1.2","2024-05-25T20:36:16.308Z","ask"
"10.7251","2.49","2024-05-25T20:36:16.308Z","ask"
"10.7274","4.63","2024-05-25T20:36:16.308Z","ask"
"10.7276","11.15","2024-05-25T20:36:16.308Z","ask"
"10.7287","8.57","2024-05-25T20:36:16.308Z","ask"
"10.7288","8.38","2024-05-25T20:36:16.308Z","ask"
"10.73","1191.13","2024-05-25T20:36:16.308Z","ask"
"10.731","48.96","2024-05-25T20:36:16.308Z","ask"
"10.7311","13.04","2024-05-25T20:36:16.308Z","ask"
"10.7329","3.9","2024-05-25T20:36:16.308Z","ask"
"10.734","1.2","2024-05-25T20:36:16.308Z","ask"
"10.7367","281.27","2024-05-25T20:36:16.308Z","ask"
"10.7371","290.95","2024-05-25T20:36:16.308Z","ask"
"10.7374","1.5","2024-05-25T20:36:16.308Z","ask"
"10.7376","278.21","2024-05-25T20:36:16.308Z","ask"
"10.738","290","2024-05-25T20:36:16.308Z","ask"
"10.7383","304.64","2024-05-25T20:36:16.308Z","ask"
"10.7407","6.13","2024-05-25T20:36:16.308Z","ask"
"10.7427","3.35","2024-05-25T20:36:16.308Z","ask"
"10.7437","67.31","2024-05-25T20:36:16.308Z","ask"
"10.7438","19.98","2024-05-25T20:36:16.308Z","ask"
"10.744","1.2","2024-05-25T20:36:16.308Z","ask"
"10.7441","2.89","2024-05-25T20:36:16.308Z","ask"
"10.7459","2.83","2024-05-25T20:36:16.308Z","ask"
"10.7464","8.07","2024-05-25T20:36:16.308Z","ask"
"10.75","133.65","2024-05-25T20:36:16.308Z","ask"
"10.7501","8.66","2024-05-25T20:36:16.308Z","ask"
"10.7512","6.35","2024-05-25T20:36:16.308Z","ask"
"10.7523","2.83","2024-05-25T20:36:16.308Z","ask"
"10.754","1.2","2024-05-25T20:36:16.308Z","ask"
"10.7549","23.84","2024-05-25T20:36:16.308Z","ask"
"10.7579","293.8","2024-05-25T20:36:16.308Z","ask"
"10.7606","2.37","2024-05-25T20:36:16.308Z","ask"
"10.7621","13","2024-05-25T20:36:16.308Z","ask"
"10.7628","17.78","2024-05-25T20:36:16.308Z","ask"
"10.764","1.2","2024-05-25T20:36:16.308Z","ask"
"10.7647","4.86","2024-05-25T20:36:16.308Z","ask"
"10.7648","2.14","2024-05-25T20:36:16.308Z","ask"
"10.7662","97.87","2024-05-25T20:36:16.308Z","ask"
"10.7667","11.26","2024-05-25T20:36:16.308Z","ask"
"10.7669","1.72","2024-05-25T20:36:16.308Z","ask"
"10.7671","0.56","2024-05-25T20:36:16.308Z","ask"
"10.7673","2.47","2024-05-25T20:36:16.308Z","ask"
"10.7692","13.36","2024-05-25T20:36:16.308Z","ask"
"10.7696","16.07","2024-05-25T20:36:16.308Z","ask"
"10.7714","5.48","2024-05-25T20:36:16.308Z","ask"
"10.7722","4","2024-05-25T20:36:16.308Z","ask"
"10.7734","12.82","2024-05-25T20:36:16.308Z","ask"
"10.7735","1.13","2024-05-25T20:36:16.308Z","ask"
"10.7739","4.01","2024-05-25T20:36:16.308Z","ask"
"10.774","1.2","2024-05-25T20:36:16.308Z","ask"
"10.7745","6.32","2024-05-25T20:36:16.308Z","ask"
"10.776","3.13","2024-05-25T20:36:16.308Z","ask"
"10.7764","1.51","2024-05-25T20:36:16.308Z","ask"
"10.7778","0.56","2024-05-25T20:36:16.308Z","ask"
"10.7798","166.78","2024-05-25T20:36:16.308Z","ask"
"10.781","2.92","2024-05-25T20:36:16.308Z","ask"
"10.7818","125","2024-05-25T20:36:16.308Z","ask"
"10.7825","8.35","2024-05-25T20:36:16.308Z","ask"
"10.784","1.2","2024-05-25T20:36:16.308Z","ask"
"10.7844","6","2024-05-25T20:36:16.308Z","ask"
"10.7847","21.79","2024-05-25T20:36:16.308Z","ask"
"10.7883","148.21","2024-05-25T20:36:16.308Z","ask"
"10.7886","4.78","2024-05-25T20:36:16.308Z","ask"
"10.7891","10.7","2024-05-25T20:36:16.308Z","ask"
"10.7902","5","2024-05-25T20:36:16.308Z","ask"
"10.7915","6.28","2024-05-25T20:36:16.308Z","ask"
"10.792","0.56","2024-05-25T20:36:16.308Z","ask"
"10.7926","0.56","2024-05-25T20:36:16.308Z","ask"
"10.7927","5.35","2024-05-25T20:36:16.308Z","ask"
"10.7932","12.96","2024-05-25T20:36:16.308Z","ask"
"10.794","1.2","2024-05-25T20:36:16.308Z","ask"
"10.7946","0.98","2024-05-25T20:36:16.308Z","ask"
"10.7977","1.54","2024-05-25T20:36:16.308Z","ask"
"10.7978","2.88","2024-05-25T20:36:16.308Z","ask"
"10.7981","2.93","2024-05-25T20:36:16.308Z","ask"
"10.7983","2.39","2024-05-25T20:36:16.308Z","ask"
"10.7994","2.82","2024-05-25T20:36:16.308Z","ask"
"10.8","4781.51","2024-05-25T20:36:16.308Z","ask"
"10.8011","403.74","2024-05-25T20:36:16.308Z","ask"
"10.8016","19.08","2024-05-25T20:36:16.308Z","ask"
"10.8023","3.56","2024-05-25T20:36:16.308Z","ask"
"10.8028","0.56","2024-05-25T20:36:16.308Z","ask"
"10.804","1.2","2024-05-25T20:36:16.308Z","ask"
"10.8058","6.09","2024-05-25T20:36:16.308Z","ask"
"10.8061","2.81","2024-05-25T20:36:16.308Z","ask"
"10.8069","3.33","2024-05-25T20:36:16.308Z","ask"
"10.8081","0.56","2024-05-25T20:36:16.308Z","ask"
"10.8084","1.41","2024-05-25T20:36:16.308Z","ask"
"10.8086","23.72","2024-05-25T20:36:16.308Z","ask"
"10.8094","39.56","2024-05-25T20:36:16.308Z","ask"
"10.81","115.18","2024-05-25T20:36:16.308Z","ask"
"10.8117","17.35","2024-05-25T20:36:16.308Z","ask"
"10.8124","32.82","2024-05-25T20:36:16.308Z","ask"
"10.8125","3.15","2024-05-25T20:36:16.308Z","ask"
"10.814","1.2","2024-05-25T20:36:16.308Z","ask"
"10.8148","43.65","2024-05-25T20:36:16.308Z","ask"
"10.8156","77.15","2024-05-25T20:36:16.308Z","ask"
"10.8159","5.27","2024-05-25T20:36:16.308Z","ask"
"10.816","81.61","2024-05-25T20:36:16.308Z","ask"
"10.82","29.07","2024-05-25T20:36:16.308Z","ask"
"10.8201","2.64","2024-05-25T20:36:16.308Z","ask"
"10.8222","0.48","2024-05-25T20:36:16.308Z","ask"
"10.8234","0.56","2024-05-25T20:36:16.308Z","ask"
"10.8236","0.82","2024-05-25T20:36:16.308Z","ask"
"10.824","1.2","2024-05-25T20:36:16.308Z","ask"
"10.8243","12.92","2024-05-25T20:36:16.308Z","ask"
"10.8264","6.31","2024-05-25T20:36:16.308Z","ask"
"10.8271","0.71","2024-05-25T20:36:16.308Z","ask"
"10.8276","37.22","2024-05-25T20:36:16.308Z","ask"
"10.8277","1.13","2024-05-25T20:36:16.308Z","ask"
"10.8282","13.36","2024-05-25T20:36:16.308Z","ask"
"10.8284","18.97","2024-05-25T20:36:16.308Z","ask"
"10.83","1.83","2024-05-25T20:36:16.308Z","ask"
"10.8304","16.07","2024-05-25T20:36:16.308Z","ask"
"10.8306","46.89","2024-05-25T20:36:16.308Z","ask"
"10.8323","4.59","2024-05-25T20:36:16.308Z","ask"
"10.8333","11.26","2024-05-25T20:36:16.308Z","ask"
"10.834","1.2","2024-05-25T20:36:16.308Z","ask"
"10.8364","8.3","2024-05-25T20:36:16.308Z","ask"
"10.8383","17.35","2024-05-25T20:36:16.308Z","ask"
"10.84","2.9","2024-05-25T20:36:16.308Z","ask"
"10.8405","0.97","2024-05-25T20:36:16.308Z","ask"
"10.8406","7.46","2024-05-25T20:36:16.308Z","ask"
"10.8413","3.11","2024-05-25T20:36:16.308Z","ask"
"10.8422","11.03","2024-05-25T20:36:16.308Z","ask"
"10.8428","0.56","2024-05-25T20:36:16.308Z","ask"
"10.844","251.2","2024-05-25T20:36:16.308Z","ask"
"10.8445","20.36","2024-05-25T20:36:16.308Z","ask"
"10.8451","0.55","2024-05-25T20:36:16.308Z","ask"
"10.8479","2.38","2024-05-25T20:36:16.308Z","ask"
"10.8486","0.55","2024-05-25T20:36:16.308Z","ask"
"10.8497","1.41","2024-05-25T20:36:16.308Z","ask"
"10.85","14.84","2024-05-25T20:36:16.308Z","ask"
"10.8504","78.5","2024-05-25T20:36:16.308Z","ask"
"10.8509","2.83","2024-05-25T20:36:16.308Z","ask"
"10.8517","2.87","2024-05-25T20:36:16.308Z","ask"
"10.8533","2.8","2024-05-25T20:36:16.308Z","ask"
"10.8539","7.99","2024-05-25T20:36:16.308Z","ask"
"10.854","1.2","2024-05-25T20:36:16.308Z","ask"
"10.8544","1.19","2024-05-25T20:36:16.308Z","ask"
"10.8555","19.52","2024-05-25T20:36:16.308Z","ask"
"10.8556","12.89","2024-05-25T20:36:16.308Z","ask"
"10.8564","4","2024-05-25T20:36:16.308Z","ask"
"10.8572","6.19","2024-05-25T20:36:16.308Z","ask"
"10.8602","2.8","2024-05-25T20:36:16.308Z","ask"
"10.8611","14.31","2024-05-25T20:36:16.308Z","ask"
"10.8618","0.55","2024-05-25T20:36:16.308Z","ask"
"10.8624","21.88","2024-05-25T20:36:16.308Z","ask"
"10.8626","23.6","2024-05-25T20:36:16.308Z","ask"
"10.8635","0.55","2024-05-25T20:36:16.308Z","ask"
"10.864","1.2","2024-05-25T20:36:16.308Z","ask"
"10.8643","0.55","2024-05-25T20:36:16.308Z","ask"
"10.8649","42.78","2024-05-25T20:36:16.308Z","ask"
"10.865","0.55","2024-05-25T20:36:16.308Z","ask"
"10.8654","0.55","2024-05-25T20:36:16.308Z","ask"
"10.8655","0.55","2024-05-25T20:36:16.308Z","ask"
"10.8661","0.55","2024-05-25T20:36:16.308Z","ask"
"10.8663","6.31","2024-05-25T20:36:16.308Z","ask"
"10.868","186.6","2024-05-25T20:36:16.308Z","ask"
"10.8682","0.55","2024-05-25T20:36:16.308Z","ask"
"10.8683","5.32","2024-05-25T20:36:16.308Z","ask"
"10.8691","0.55","2024-05-25T20:36:16.308Z","ask"
"10.8697","1.1","2024-05-25T20:36:16.308Z","ask"
"10.87","5205.2","2024-05-25T20:36:16.308Z","ask"
"10.8705","0.55","2024-05-25T20:36:16.308Z","ask"
"10.8713","9.36","2024-05-25T20:36:16.308Z","ask"
"10.8716","10.62","2024-05-25T20:36:16.308Z","ask"
"10.8717","0.55","2024-05-25T20:36:16.308Z","ask"
"10.8718","0.55","2024-05-25T20:36:16.308Z","ask"
"10.8724","11.19","2024-05-25T20:36:16.308Z","ask"
"10.874","1.2","2024-05-25T20:36:16.308Z","ask"
"10.875","0.55","2024-05-25T20:36:16.308Z","ask"
"10.876","0.55","2024-05-25T20:36:16.308Z","ask"
"10.8772","7.16","2024-05-25T20:36:16.308Z","ask"
"10.8776","0.55","2024-05-25T20:36:16.308Z","ask"
"10.8783","5.42","2024-05-25T20:36:16.308Z","ask"
"10.8785","0.55","2024-05-25T20:36:16.308Z","ask"
"10.8815","9","2024-05-25T20:36:16.308Z","ask"
"10.8821","1.12","2024-05-25T20:36:16.308Z","ask"
"10.884","1.75","2024-05-25T20:36:16.308Z","ask"
"10.8841","19.46","2024-05-25T20:36:16.308Z","ask"
"10.8844","25.21","2024-05-25T20:36:16.308Z","ask"
"10.8867","2.46","2024-05-25T20:36:16.308Z","ask"
"10.8869","12.85","2024-05-25T20:36:16.308Z","ask"
"10.8872","13.36","2024-05-25T20:36:16.308Z","ask"
"10.8899","23","2024-05-25T20:36:16.308Z","ask"
"10.89","140.1","2024-05-25T20:36:16.308Z","ask"
"10.8902","0.53","2024-05-25T20:36:16.308Z","ask"
"10.8906","8.27","2024-05-25T20:36:16.308Z","ask"
"10.8909","0.55","2024-05-25T20:36:16.308Z","ask"
"10.8913","16.07","2024-05-25T20:36:16.308Z","ask"
"10.8915","11.45","2024-05-25T20:36:16.308Z","ask"
"10.8921","75.87","2024-05-25T20:36:16.308Z","ask"
"10.8932","3.85","2024-05-25T20:36:16.308Z","ask"
"10.894","1.2","2024-05-25T20:36:16.308Z","ask"
"10.895","5","2024-05-25T20:36:16.308Z","ask"
"10.8955","1.64","2024-05-25T20:36:16.308Z","ask"
"10.8973","0.55","2024-05-25T20:36:16.308Z","ask"
"10.8984","0.55","2024-05-25T20:36:16.308Z","ask"
"10.8988","1.48","2024-05-25T20:36:16.308Z","ask"
"10.8989","193.74","2024-05-25T20:36:16.308Z","ask"
"10.8994","2.89","2024-05-25T20:36:16.308Z","ask"
"10.8999","10.97","2024-05-25T20:36:16.308Z","ask"
"10.9","1269.4","2024-05-25T20:36:16.308Z","ask"
"10.9003","13.31","2024-05-25T20:36:16.308Z","ask"
"10.902","3.47","2024-05-25T20:36:16.308Z","ask"
"10.9022","6.27","2024-05-25T20:36:16.308Z","ask"
"10.904","1.2","2024-05-25T20:36:16.308Z","ask"
"10.9059","2.85","2024-05-25T20:36:16.308Z","ask"
"10.9069","3.09","2024-05-25T20:36:16.308Z","ask"
"10.9075","2.79","2024-05-25T20:36:16.308Z","ask"
"10.9081","7.95","2024-05-25T20:36:16.308Z","ask"
"10.9097","0.55","2024-05-25T20:36:16.308Z","ask"
"10.9104","52.8","2024-05-25T20:36:16.308Z","ask"
"10.9121","91.62","2024-05-25T20:36:16.308Z","ask"
"10.914","1.2","2024-05-25T20:36:16.308Z","ask"
"10.9145","2.78","2024-05-25T20:36:16.308Z","ask"
"10.9152","38.42","2024-05-25T20:36:16.308Z","ask"
"10.9165","0.42","2024-05-25T20:36:16.308Z","ask"
"10.9168","23.48","2024-05-25T20:36:16.308Z","ask"
"10.917","0.55","2024-05-25T20:36:16.308Z","ask"
"10.9173","91.65","2024-05-25T20:36:16.308Z","ask"
"10.9183","12.81","2024-05-25T20:36:16.308Z","ask"
"10.9194","0.55","2024-05-25T20:36:16.308Z","ask"
"10.922","43.22","2024-05-25T20:36:16.308Z","ask"
"10.9223","2.34","2024-05-25T20:36:16.308Z","ask"
"10.923","17.52","2024-05-25T20:36:16.308Z","ask"
"10.924","1.2","2024-05-25T20:36:16.308Z","ask"
"10.9241","40448.07","2024-05-25T20:36:16.308Z","ask"
"10.9251","2.11","2024-05-25T20:36:16.308Z","ask"
"10.9273","0.48","2024-05-25T20:36:16.308Z","ask"
"10.9278","28.58","2024-05-25T20:36:16.308Z","ask"
"10.9279","1.52","2024-05-25T20:36:16.308Z","ask"
"10.9281","1.7","2024-05-25T20:36:16.308Z","ask"
"10.9283","4.78","2024-05-25T20:36:16.308Z","ask"
"10.9292","15.99","2024-05-25T20:36:16.308Z","ask"
"10.9297","0.55","2024-05-25T20:36:16.308Z","ask"
"10.93","14.44","2024-05-25T20:36:16.308Z","ask"
"10.9302","0.55","2024-05-25T20:36:16.308Z","ask"
"10.9315","7.34","2024-05-25T20:36:16.308Z","ask"
"10.9335","6.32","2024-05-25T20:36:16.308Z","ask"
"10.934","1.2","2024-05-25T20:36:16.308Z","ask"
"10.9345","2.34","2024-05-25T20:36:16.308Z","ask"
"10.9363","3.29","2024-05-25T20:36:16.308Z","ask"
"10.9368","5.06","2024-05-25T20:36:16.308Z","ask"
"10.937","37.68","2024-05-25T20:36:16.308Z","ask"
"10.9371","6.02","2024-05-25T20:36:16.308Z","ask"
"10.9374","1.49","2024-05-25T20:36:16.308Z","ask"
"10.9377","1.1","2024-05-25T20:36:16.308Z","ask"
"10.9382","4.55","2024-05-25T20:36:16.308Z","ask"
"10.94","5","2024-05-25T20:36:16.308Z","ask"
"10.9407","4","2024-05-25T20:36:16.308Z","ask"
"10.9429","1.75","2024-05-25T20:36:16.308Z","ask"
"10.9432","32.43","2024-05-25T20:36:16.308Z","ask"
"10.9437","3.01","2024-05-25T20:36:16.308Z","ask"
"10.944","1.2","2024-05-25T20:36:16.308Z","ask"
"10.9443","5.28","2024-05-25T20:36:16.308Z","ask"
"10.9451","8.22","2024-05-25T20:36:16.308Z","ask"
"10.9462","13.36","2024-05-25T20:36:16.308Z","ask"
"10.9484","2.74","2024-05-25T20:36:16.308Z","ask"
"10.9489","0.55","2024-05-25T20:36:16.308Z","ask"
"10.949","10.54","2024-05-25T20:36:16.308Z","ask"
"10.9499","12.78","2024-05-25T20:36:16.308Z","ask"
"10.95","644","2024-05-25T20:36:16.308Z","ask"
"10.9504","0.55","2024-05-25T20:36:16.308Z","ask"
"10.9509","1.1","2024-05-25T20:36:16.308Z","ask"
"10.9512","4.71","2024-05-25T20:36:16.308Z","ask"
"10.9514","0.55","2024-05-25T20:36:16.308Z","ask"
"10.9522","16.07","2024-05-25T20:36:16.308Z","ask"
"10.954","1.2","2024-05-25T20:36:16.308Z","ask"
"10.958","10.91","2024-05-25T20:36:16.308Z","ask"
"10.9591","13.4","2024-05-25T20:36:16.308Z","ask"
"10.9602","2.36","2024-05-25T20:36:16.308Z","ask"
"10.9603","2.84","2024-05-25T20:36:16.308Z","ask"
"10.9619","2.78","2024-05-25T20:36:16.308Z","ask"
"10.9625","7.91","2024-05-25T20:36:16.308Z","ask"
"10.9637","12.6","2024-05-25T20:36:16.308Z","ask"
"10.9639","0.55","2024-05-25T20:36:16.308Z","ask"
"10.964","1.2","2024-05-25T20:36:16.308Z","ask"
"10.9655","0.55","2024-05-25T20:36:16.308Z","ask"
"10.9658","94.51","2024-05-25T20:36:16.308Z","ask"
"10.9667","11.26","2024-05-25T20:36:16.308Z","ask"
"10.9668","8.48","2024-05-25T20:36:16.308Z","ask"
"10.9676","0.55","2024-05-25T20:36:16.308Z","ask"
"10.9689","0.55","2024-05-25T20:36:16.308Z","ask"
"10.9691","2.77","2024-05-25T20:36:16.308Z","ask"
"10.9692","0.55","2024-05-25T20:36:16.308Z","ask"
"10.97","1.82","2024-05-25T20:36:16.308Z","ask"
"10.9708","1.83","2024-05-25T20:36:16.308Z","ask"
"10.9713","23.37","2024-05-25T20:36:16.308Z","ask"
"10.9719","1.96","2024-05-25T20:36:16.308Z","ask"
"10.973","3.07","2024-05-25T20:36:16.308Z","ask"
"10.974","2175.87","2024-05-25T20:36:16.308Z","ask"
"10.9742","17.1","2024-05-25T20:36:16.308Z","ask"
"10.9744","0.55","2024-05-25T20:36:16.308Z","ask"
"10.9746","3.1","2024-05-25T20:36:16.308Z","ask"
"10.975","5","2024-05-25T20:36:16.308Z","ask"
"10.9753","38.96","2024-05-25T20:36:16.308Z","ask"
"10.9755","77.01","2024-05-25T20:36:16.308Z","ask"
"10.9757","0.55","2024-05-25T20:36:16.308Z","ask"
"10.9773","1.71","2024-05-25T20:36:16.308Z","ask"
"10.9785","6.22","2024-05-25T20:36:16.308Z","ask"
"10.9787","0.55","2024-05-25T20:36:16.308Z","ask"
"10.9795","0.15","2024-05-25T20:36:16.308Z","ask"
"10.9797","0.55","2024-05-25T20:36:16.308Z","ask"
"10.98","19.54","2024-05-25T20:36:16.308Z","ask"
"10.9805","1.1","2024-05-25T20:36:16.308Z","ask"
"10.9813","1.1","2024-05-25T20:36:16.308Z","ask"
"10.9815","12.74","2024-05-25T20:36:16.308Z","ask"
"10.9816","0.55","2024-05-25T20:36:16.308Z","ask"
"10.9837","0.55","2024-05-25T20:36:16.308Z","ask"
"10.9838","2.6","2024-05-25T20:36:16.308Z","ask"
"10.984","1.75","2024-05-25T20:36:16.308Z","ask"
"10.985","2000","2024-05-25T20:36:16.308Z","ask"
"10.9854","5.18","2024-05-25T20:36:16.308Z","ask"
"10.9862","5.37","2024-05-25T20:36:16.308Z","ask"
"10.9863","0.55","2024-05-25T20:36:16.308Z","ask"
"10.9865","0.82","2024-05-25T20:36:16.308Z","ask"
"10.9869","18.7","2024-05-25T20:36:16.308Z","ask"
"10.9873","0.72","2024-05-25T20:36:16.308Z","ask"
"10.99","45.45","2024-05-25T20:36:16.308Z","ask"
"10.9901","0.55","2024-05-25T20:36:16.308Z","ask"
"10.9906","0.55","2024-05-25T20:36:16.308Z","ask"
"10.9909","0.55","2024-05-25T20:36:16.308Z","ask"
"10.9918","1.11","2024-05-25T20:36:16.308Z","ask"
"10.9925","6.11","2024-05-25T20:36:16.308Z","ask"
"10.9931","0.55","2024-05-25T20:36:16.308Z","ask"
"10.994","1.2","2024-05-25T20:36:16.308Z","ask"
"10.9945","0.55","2024-05-25T20:36:16.308Z","ask"
"10.9956","0.55","2024-05-25T20:36:16.308Z","ask"
"10.9968","148.41","2024-05-25T20:36:16.308Z","ask"
"10.9998","8.19","2024-05-25T20:36:16.308Z","ask"
"11","9731.2","2024-05-25T20:36:16.308Z","ask"
"11.0017","3.28","2024-05-25T20:36:16.308Z","ask"
"11.0034","5.98","2024-05-25T20:36:16.308Z","ask"
"11.004","1.2","2024-05-25T20:36:16.308Z","ask"
"11.0051","13.36","2024-05-25T20:36:16.308Z","ask"
"11.0055","17.09","2024-05-25T20:36:16.308Z","ask"
"11.0088","0.55","2024-05-25T20:36:16.308Z","ask"
"11.0091","0.55","2024-05-25T20:36:16.308Z","ask"
"11.0093","2.38","2024-05-25T20:36:16.308Z","ask"
"11.01","297.98","2024-05-25T20:36:16.308Z","ask"
"11.012","0.55","2024-05-25T20:36:16.308Z","ask"
"11.0128","0.55","2024-05-25T20:36:16.308Z","ask"
"11.013","16.07","2024-05-25T20:36:16.308Z","ask"
"11.0133","13.25","2024-05-25T20:36:16.308Z","ask"
"11.0138","0.55","2024-05-25T20:36:16.308Z","ask"
"11.0139","1.41","2024-05-25T20:36:16.308Z","ask"
"11.014","1.2","2024-05-25T20:36:16.308Z","ask"
"11.0147","2.79","2024-05-25T20:36:16.308Z","ask"
"11.015","2.82","2024-05-25T20:36:16.308Z","ask"
"11.0163","20.04","2024-05-25T20:36:16.308Z","ask"
"11.0164","11.4","2024-05-25T20:36:16.308Z","ask"
"11.0166","2.76","2024-05-25T20:36:16.308Z","ask"
"11.0172","7.88","2024-05-25T20:36:16.308Z","ask"
"11.0184","691.71","2024-05-25T20:36:16.308Z","ask"
"11.0186","0.55","2024-05-25T20:36:16.308Z","ask"
"11.0192","2.86","2024-05-25T20:36:16.308Z","ask"
"11.02","9.74","2024-05-25T20:36:16.308Z","ask"
"11.0208","5.24","2024-05-25T20:36:16.308Z","ask"
"11.0226","0.55","2024-05-25T20:36:16.308Z","ask"
"11.0232","0.55","2024-05-25T20:36:16.308Z","ask"
"11.0235","0.28","2024-05-25T20:36:16.308Z","ask"
"11.024","3.96","2024-05-25T20:36:16.308Z","ask"
"11.0247","21.33","2024-05-25T20:36:16.308Z","ask"
"11.0249","4.55","2024-05-25T20:36:16.308Z","ask"
"11.025","5","2024-05-25T20:36:16.308Z","ask"
"11.0252","14.1","2024-05-25T20:36:16.308Z","ask"
"11.0256","0.55","2024-05-25T20:36:16.308Z","ask"
"11.0257","239.17","2024-05-25T20:36:16.308Z","ask"
"11.0262","23.25","2024-05-25T20:36:16.308Z","ask"
"11.0267","15.13","2024-05-25T20:36:16.308Z","ask"
"11.0279","5.67","2024-05-25T20:36:16.308Z","ask"
"11.0288","2.48","2024-05-25T20:36:16.308Z","ask"
"11.0293","0.7","2024-05-25T20:36:16.308Z","ask"
"11.0295","0.55","2024-05-25T20:36:16.308Z","ask"
"11.0302","42.8","2024-05-25T20:36:16.308Z","ask"
"11.031","3.56","2024-05-25T20:36:16.308Z","ask"
"11.0312","0.55","2024-05-25T20:36:16.308Z","ask"
"11.0333","11.26","2024-05-25T20:36:16.308Z","ask"
"11.0337","32.77","2024-05-25T20:36:16.308Z","ask"
"11.034","1.2","2024-05-25T20:36:16.308Z","ask"
"11.0353","0.55","2024-05-25T20:36:16.308Z","ask"
"11.0365","8.33","2024-05-25T20:36:16.308Z","ask"
"11.0377","0.55","2024-05-25T20:36:16.308Z","ask"
"11.0393","0.55","2024-05-25T20:36:16.308Z","ask"
"11.0394","0.55","2024-05-25T20:36:16.308Z","ask"
"11.0395","3.05","2024-05-25T20:36:16.308Z","ask"
"11.0404","0.55","2024-05-25T20:36:16.308Z","ask"
"11.0413","7.46","2024-05-25T20:36:16.308Z","ask"
"11.0414","0.55","2024-05-25T20:36:16.308Z","ask"
"11.0421","0.55","2024-05-25T20:36:16.308Z","ask"
"11.0426","0.55","2024-05-25T20:36:16.308Z","ask"
"11.043","0.54","2024-05-25T20:36:16.308Z","ask"
"11.0438","0.54","2024-05-25T20:36:16.308Z","ask"
"11.044","1.2","2024-05-25T20:36:16.308Z","ask"
"11.0441","0.54","2024-05-25T20:36:16.308Z","ask"
"11.045","5.04","2024-05-25T20:36:16.308Z","ask"
"11.0451","12.67","2024-05-25T20:36:16.308Z","ask"
"11.0461","1.08","2024-05-25T20:36:16.308Z","ask"
"11.0468","0.54","2024-05-25T20:36:16.308Z","ask"
"11.047","1.1","2024-05-25T20:36:16.308Z","ask"
"11.0474","10.45","2024-05-25T20:36:16.308Z","ask"
"11.048","0.54","2024-05-25T20:36:16.308Z","ask"
"11.0482","0.54","2024-05-25T20:36:16.308Z","ask"
"11.0497","0.54","2024-05-25T20:36:16.308Z","ask"
"11.05","6.87","2024-05-25T20:36:16.308Z","ask"
"11.0505","0.54","2024-05-25T20:36:16.308Z","ask"
"11.0508","2.42","2024-05-25T20:36:16.308Z","ask"
"11.0512","0.54","2024-05-25T20:36:16.308Z","ask"
"11.0514","0.54","2024-05-25T20:36:16.308Z","ask"
"11.0531","0.54","2024-05-25T20:36:16.308Z","ask"
"11.054","4.18","2024-05-25T20:36:16.308Z","ask"
"11.0543","0.54","2024-05-25T20:36:16.308Z","ask"
"11.0545","0.54","2024-05-25T20:36:16.308Z","ask"
"11.0548","8.14","2024-05-25T20:36:16.308Z","ask"
"11.0553","6.18","2024-05-25T20:36:16.308Z","ask"
"11.0559","3.79","2024-05-25T20:36:16.308Z","ask"
"11.057","0.54","2024-05-25T20:36:16.308Z","ask"
"11.0571","0.54","2024-05-25T20:36:16.308Z","ask"
"11.0572","0.54","2024-05-25T20:36:16.308Z","ask"
"11.0573","0.54","2024-05-25T20:36:16.308Z","ask"
"11.0575","0.54","2024-05-25T20:36:16.308Z","ask"
"11.0577","0.54","2024-05-25T20:36:16.308Z","ask"
"11.058","54.92","2024-05-25T20:36:16.308Z","ask"
"11.0594","19.32","2024-05-25T20:36:16.308Z","ask"
"11.0596","1.5","2024-05-25T20:36:16.308Z","ask"
"11.061","25","2024-05-25T20:36:16.308Z","ask"
"11.0622","158.99","2024-05-25T20:36:16.308Z","ask"
"11.0627","1.46","2024-05-25T20:36:16.308Z","ask"
"11.064","1.2","2024-05-25T20:36:16.308Z","ask"
"11.0641","13.36","2024-05-25T20:36:16.308Z","ask"
"11.0662","1.08","2024-05-25T20:36:16.308Z","ask"
"11.0665","0.54","2024-05-25T20:36:16.308Z","ask"
"11.0666","0.54","2024-05-25T20:36:16.308Z","ask"
"11.0676","3.26","2024-05-25T20:36:16.308Z","ask"
"11.068","0.54","2024-05-25T20:36:16.308Z","ask"
"11.0688","0.54","2024-05-25T20:36:16.308Z","ask"
"11.07","2.81","2024-05-25T20:36:16.308Z","ask"
"11.0701","6.48","2024-05-25T20:36:16.308Z","ask"
"11.0702","0.54","2024-05-25T20:36:16.308Z","ask"
"11.0714","1.08","2024-05-25T20:36:16.308Z","ask"
"11.0716","2.75","2024-05-25T20:36:16.308Z","ask"
"11.0718","0.54","2024-05-25T20:36:16.308Z","ask"
"11.0722","8.38","2024-05-25T20:36:16.308Z","ask"
"11.0727","2.31","2024-05-25T20:36:16.308Z","ask"
"11.0737","1.61","2024-05-25T20:36:16.308Z","ask"
"11.0738","0.54","2024-05-25T20:36:16.308Z","ask"
"11.0739","16.07","2024-05-25T20:36:16.308Z","ask"
"11.074","1.2","2024-05-25T20:36:16.308Z","ask"
"11.0745","57.89","2024-05-25T20:36:16.308Z","ask"
"11.075","10.8","2024-05-25T20:36:16.308Z","ask"
"11.0757","32.04","2024-05-25T20:36:16.308Z","ask"
"11.077","12.63","2024-05-25T20:36:16.308Z","ask"
"11.0791","2.74","2024-05-25T20:36:16.308Z","ask"
"11.0796","2.84","2024-05-25T20:36:16.308Z","ask"
"11.0813","23.13","2024-05-25T20:36:16.308Z","ask"
"11.084","1.2","2024-05-25T20:36:16.308Z","ask"
"11.0857","17.26","2024-05-25T20:36:16.308Z","ask"
"11.0865","2.3","2024-05-25T20:36:16.308Z","ask"
"11.087","101.09","2024-05-25T20:36:16.308Z","ask"
"11.0877","2.08","2024-05-25T20:36:16.308Z","ask"
"11.0918","1.67","2024-05-25T20:36:16.308Z","ask"
"11.0921","0.54","2024-05-25T20:36:16.308Z","ask"
"11.0922","0.54","2024-05-25T20:36:16.308Z","ask"
"11.094","1.2","2024-05-25T20:36:16.308Z","ask"
"11.0944","4.71","2024-05-25T20:36:16.308Z","ask"
"11.0948","6.32","2024-05-25T20:36:16.308Z","ask"
"11.0951","2.4","2024-05-25T20:36:16.308Z","ask"
"11.0952","5.32","2024-05-25T20:36:16.308Z","ask"
"11.0961","19.25","2024-05-25T20:36:16.308Z","ask"
"11.098","5.75","2024-05-25T20:36:16.308Z","ask"
"11.0993","0.54","2024-05-25T20:36:16.308Z","ask"
"11.0999","10","2024-05-25T20:36:16.308Z","ask"
"11.1","1772.34","2024-05-25T20:36:16.308Z","ask"
"11.1006","1.46","2024-05-25T20:36:16.308Z","ask"
"11.1023","3.89","2024-05-25T20:36:16.308Z","ask"
"11.1025","1.1","2024-05-25T20:36:16.308Z","ask"
"11.1034","4.65","2024-05-25T20:36:16.308Z","ask"
"11.104","1.2","2024-05-25T20:36:16.308Z","ask"
"11.1045","6.99","2024-05-25T20:36:16.308Z","ask"
"11.1046","3","2024-05-25T20:36:16.308Z","ask"
"11.1048","0.54","2024-05-25T20:36:16.308Z","ask"
"11.1051","0.54","2024-05-25T20:36:16.308Z","ask"
"11.1061","0.54","2024-05-25T20:36:16.308Z","ask"
"11.1062","0.54","2024-05-25T20:36:16.308Z","ask"
"11.1064","3.03","2024-05-25T20:36:16.308Z","ask"
"11.1067","0.54","2024-05-25T20:36:16.308Z","ask"
"11.107","0.54","2024-05-25T20:36:16.308Z","ask"
"11.1074","0.54","2024-05-25T20:36:16.308Z","ask"
"11.1081","0.54","2024-05-25T20:36:16.308Z","ask"
"11.1085","0.54","2024-05-25T20:36:16.308Z","ask"
"11.109","17.35","2024-05-25T20:36:16.308Z","ask"
"11.1091","0.54","2024-05-25T20:36:16.308Z","ask"
"11.1092","4","2024-05-25T20:36:16.308Z","ask"
"11.11","347.2","2024-05-25T20:36:16.308Z","ask"
"11.1101","8.09","2024-05-25T20:36:16.308Z","ask"
"11.1102","0.54","2024-05-25T20:36:16.309Z","ask"
"11.1103","764.04","2024-05-25T20:36:16.309Z","ask"
"11.1104","1.08","2024-05-25T20:36:16.309Z","ask"
"11.1105","0.54","2024-05-25T20:36:16.309Z","ask"
"11.111","32.02","2024-05-25T20:36:16.309Z","ask"
"11.1113","10.39","2024-05-25T20:36:16.309Z","ask"
"11.1116","0.54","2024-05-25T20:36:16.309Z","ask"
"11.112","0.54","2024-05-25T20:36:16.309Z","ask"
"11.1129","0.54","2024-05-25T20:36:16.309Z","ask"
"11.1134","1.83","2024-05-25T20:36:16.309Z","ask"
"11.1135","0.54","2024-05-25T20:36:16.309Z","ask"
"11.1137","0.54","2024-05-25T20:36:16.309Z","ask"
"11.114","1.2","2024-05-25T20:36:16.309Z","ask"
"11.1141","0.54","2024-05-25T20:36:16.309Z","ask"
"11.1144","592.46","2024-05-25T20:36:16.309Z","ask"
"11.1156","0.54","2024-05-25T20:36:16.309Z","ask"
"11.1158","14.98","2024-05-25T20:36:16.309Z","ask"
"11.1162","4.64","2024-05-25T20:36:16.309Z","ask"
"11.1164","0.54","2024-05-25T20:36:16.309Z","ask"
"11.1171","100.63","2024-05-25T20:36:16.309Z","ask"
"11.1176","0.54","2024-05-25T20:36:16.309Z","ask"
"11.1184","7.99","2024-05-25T20:36:16.309Z","ask"
"11.1186","2.91","2024-05-25T20:36:16.309Z","ask"
"11.1202","0.28","2024-05-25T20:36:16.309Z","ask"
"11.1203","0.54","2024-05-25T20:36:16.309Z","ask"
"11.121","12.54","2024-05-25T20:36:16.309Z","ask"
"11.1211","6.73","2024-05-25T20:36:16.309Z","ask"
"11.1231","13.36","2024-05-25T20:36:16.309Z","ask"
"11.124","1.2","2024-05-25T20:36:16.309Z","ask"
"11.1245","2.32","2024-05-25T20:36:16.309Z","ask"
"11.125","5","2024-05-25T20:36:16.309Z","ask"
"11.1253","2.8","2024-05-25T20:36:16.309Z","ask"
"11.1256","1221.48","2024-05-25T20:36:16.309Z","ask"
"11.1261","0.54","2024-05-25T20:36:16.309Z","ask"
"11.1267","0.54","2024-05-25T20:36:16.309Z","ask"
"11.1268","2.74","2024-05-25T20:36:16.309Z","ask"
"11.1276","7.8","2024-05-25T20:36:16.309Z","ask"
"11.1279","0.14","2024-05-25T20:36:16.309Z","ask"
"11.1295","6.04","2024-05-25T20:36:16.309Z","ask"
"11.1327","6.14","2024-05-25T20:36:16.309Z","ask"
"11.133","19.19","2024-05-25T20:36:16.309Z","ask"
"11.1337","398.24","2024-05-25T20:36:16.309Z","ask"
"11.1338","3.24","2024-05-25T20:36:16.309Z","ask"
"11.134","11.94","2024-05-25T20:36:16.309Z","ask"
"11.1345","2.73","2024-05-25T20:36:16.309Z","ask"
"11.1348","16.07","2024-05-25T20:36:16.309Z","ask"
"11.1354","1.41","2024-05-25T20:36:16.309Z","ask"
"11.1364","10.36","2024-05-25T20:36:16.309Z","ask"
"11.1367","23.02","2024-05-25T20:36:16.309Z","ask"
"11.1372","5.91","2024-05-25T20:36:16.309Z","ask"
"11.1391","19.9","2024-05-25T20:36:16.309Z","ask"
"11.1394","42.38","2024-05-25T20:36:16.309Z","ask"
"11.1403","2.83","2024-05-25T20:36:16.309Z","ask"
"11.1436","7.61","2024-05-25T20:36:16.309Z","ask"
"11.1438","38.37","2024-05-25T20:36:16.309Z","ask"
"11.144","1.2","2024-05-25T20:36:16.309Z","ask"
"11.1476","0.54","2024-05-25T20:36:16.309Z","ask"
"11.1477","18.43","2024-05-25T20:36:16.309Z","ask"
"11.1496","409.9","2024-05-25T20:36:16.309Z","ask"
"11.1499","2.56","2024-05-25T20:36:16.309Z","ask"
"11.15","591.58","2024-05-25T20:36:16.309Z","ask"
"11.1507","1375.32","2024-05-25T20:36:16.309Z","ask"
"11.1518","0.82","2024-05-25T20:36:16.309Z","ask"
"11.153","4.46","2024-05-25T20:36:16.309Z","ask"
"11.154","1.2","2024-05-25T20:36:16.309Z","ask"
"11.1568","0.09","2024-05-25T20:36:16.309Z","ask"
"11.1573","12.38","2024-05-25T20:36:16.309Z","ask"
"11.1576","5.1","2024-05-25T20:36:16.309Z","ask"
"11.1578","0.54","2024-05-25T20:36:16.309Z","ask"
"11.1583","1.09","2024-05-25T20:36:16.309Z","ask"
"11.1596","13.39","2024-05-25T20:36:16.309Z","ask"
"11.16","57.56","2024-05-25T20:36:16.309Z","ask"
"11.1605","0.51","2024-05-25T20:36:16.309Z","ask"
"11.1606","10","2024-05-25T20:36:16.309Z","ask"
"11.1639","11.17","2024-05-25T20:36:16.309Z","ask"
"11.164","1.2","2024-05-25T20:36:16.309Z","ask"
"11.1654","0.09","2024-05-25T20:36:16.309Z","ask"
"11.1656","3.06","2024-05-25T20:36:16.309Z","ask"
"11.1657","5","2024-05-25T20:36:16.309Z","ask"
"11.1667","11.26","2024-05-25T20:36:16.309Z","ask"
"11.17","0.94","2024-05-25T20:36:16.309Z","ask"
"11.1702","19.13","2024-05-25T20:36:16.309Z","ask"
"11.1731","2.38","2024-05-25T20:36:16.309Z","ask"
"11.1732","12.52","2024-05-25T20:36:16.309Z","ask"
"11.1735","1.71","2024-05-25T20:36:16.309Z","ask"
"11.1737","3.02","2024-05-25T20:36:16.309Z","ask"
"11.174","1.2","2024-05-25T20:36:16.309Z","ask"
"11.175","10","2024-05-25T20:36:16.309Z","ask"
"11.1753","16.83","2024-05-25T20:36:16.309Z","ask"
"11.1756","5.17","2024-05-25T20:36:16.309Z","ask"
"11.1759","2.31","2024-05-25T20:36:16.309Z","ask"
"11.1766","1.43","2024-05-25T20:36:16.309Z","ask"
"11.1789","0.54","2024-05-25T20:36:16.309Z","ask"
"11.1807","1.41","2024-05-25T20:36:16.309Z","ask"
"11.1808","2.78","2024-05-25T20:36:16.309Z","ask"
"11.1809","2.75","2024-05-25T20:36:16.309Z","ask"
"11.1815","25","2024-05-25T20:36:16.309Z","ask"
"11.182","0.54","2024-05-25T20:36:16.309Z","ask"
"11.1821","13.36","2024-05-25T20:36:16.309Z","ask"
"11.1824","2.72","2024-05-25T20:36:16.309Z","ask"
"11.1831","7.76","2024-05-25T20:36:16.309Z","ask"
"11.1838","25.24","2024-05-25T20:36:16.309Z","ask"
"11.184","1.2","2024-05-25T20:36:16.309Z","ask"
"11.1849","0.54","2024-05-25T20:36:16.309Z","ask"
"11.185","0.54","2024-05-25T20:36:16.309Z","ask"
"11.1869","0.54","2024-05-25T20:36:16.309Z","ask"
"11.1876","0.54","2024-05-25T20:36:16.309Z","ask"
"11.1879","8.32","2024-05-25T20:36:16.309Z","ask"
"11.1891","0.54","2024-05-25T20:36:16.309Z","ask"
"11.1894","21.33","2024-05-25T20:36:16.309Z","ask"
"11.19","100","2024-05-25T20:36:16.309Z","ask"
"11.1903","2.72","2024-05-25T20:36:16.309Z","ask"
"11.191","19.73","2024-05-25T20:36:16.309Z","ask"
"11.1913","0.54","2024-05-25T20:36:16.309Z","ask"
"11.1914","4209","2024-05-25T20:36:16.309Z","ask"
"11.1918","13.89","2024-05-25T20:36:16.309Z","ask"
"11.1919","5.59","2024-05-25T20:36:16.309Z","ask"
"11.1922","1.08","2024-05-25T20:36:16.309Z","ask"
"11.1923","22.91","2024-05-25T20:36:16.309Z","ask"
"11.1927","0.54","2024-05-25T20:36:16.309Z","ask"
"11.1929","1.48","2024-05-25T20:36:16.309Z","ask"
"11.1933","10.68","2024-05-25T20:36:16.309Z","ask"
"11.1934","4","2024-05-25T20:36:16.309Z","ask"
"11.1936","8.22","2024-05-25T20:36:16.309Z","ask"
"11.194","1.2","2024-05-25T20:36:16.309Z","ask"
"11.1944","0.93","2024-05-25T20:36:16.309Z","ask"
"11.1957","16.07","2024-05-25T20:36:16.309Z","ask"
"11.1975","0.54","2024-05-25T20:36:16.309Z","ask"
"11.2","346.87","2024-05-25T20:36:16.309Z","ask"
"11.2003","3.22","2024-05-25T20:36:16.309Z","ask"
"11.2014","12.51","2024-05-25T20:36:16.309Z","ask"
"11.202","9.31","2024-05-25T20:36:16.309Z","ask"
"11.2029","0.54","2024-05-25T20:36:16.309Z","ask"
"11.203","0.54","2024-05-25T20:36:16.309Z","ask"
"11.204","1.2","2024-05-25T20:36:16.309Z","ask"
"11.2046","7.84","2024-05-25T20:36:16.309Z","ask"
"11.2047","5.87","2024-05-25T20:36:16.309Z","ask"
"11.2054","17.75","2024-05-25T20:36:16.309Z","ask"
"11.2073","19.06","2024-05-25T20:36:16.309Z","ask"
"11.2078","6.95","2024-05-25T20:36:16.309Z","ask"
"11.2079","0.09","2024-05-25T20:36:16.309Z","ask"
"11.2098","31.66","2024-05-25T20:36:16.309Z","ask"
"11.21","10","2024-05-25T20:36:16.309Z","ask"
"11.2106","8.03","2024-05-25T20:36:16.309Z","ask"
"11.2128","2.28","2024-05-25T20:36:16.309Z","ask"
"11.214","1.2","2024-05-25T20:36:16.309Z","ask"
"11.2142","44.58","2024-05-25T20:36:16.309Z","ask"
"11.2144","1.09","2024-05-25T20:36:16.309Z","ask"
"11.2168","0.54","2024-05-25T20:36:16.309Z","ask"
"11.2173","2.38","2024-05-25T20:36:16.309Z","ask"
"11.2185","0.54","2024-05-25T20:36:16.309Z","ask"
"11.2193","0.54","2024-05-25T20:36:16.309Z","ask"
"11.22","58.65","2024-05-25T20:36:16.309Z","ask"
"11.2211","3.73","2024-05-25T20:36:16.309Z","ask"
"11.2215","3.04","2024-05-25T20:36:16.309Z","ask"
"11.2216","4.98","2024-05-25T20:36:16.309Z","ask"
"11.224","1.2","2024-05-25T20:36:16.309Z","ask"
"11.2245","0.54","2024-05-25T20:36:16.309Z","ask"
"11.225","5","2024-05-25T20:36:16.309Z","ask"
"11.2261","10.28","2024-05-25T20:36:16.309Z","ask"
"11.2283","0.54","2024-05-25T20:36:16.309Z","ask"
"11.229","1.43","2024-05-25T20:36:16.309Z","ask"
"11.23","83.54","2024-05-25T20:36:16.309Z","ask"
"11.2308","0.54","2024-05-25T20:36:16.309Z","ask"
"11.2316","0.54","2024-05-25T20:36:16.309Z","ask"
"11.2333","11.26","2024-05-25T20:36:16.309Z","ask"
"11.2339","0.54","2024-05-25T20:36:16.309Z","ask"
"11.234","1.2","2024-05-25T20:36:16.309Z","ask"
"11.2353","0.69","2024-05-25T20:36:16.309Z","ask"
"11.2365","0.54","2024-05-25T20:36:16.309Z","ask"
"11.2367","2.77","2024-05-25T20:36:16.309Z","ask"
"11.2379","12.45","2024-05-25T20:36:16.309Z","ask"
"11.2381","50","2024-05-25T20:36:16.309Z","ask"
"11.2382","2.71","2024-05-25T20:36:16.309Z","ask"
"11.2385","312.73","2024-05-25T20:36:16.309Z","ask"
"11.2387","0.54","2024-05-25T20:36:16.309Z","ask"
"11.2389","7.72","2024-05-25T20:36:16.309Z","ask"
"11.2392","0.54","2024-05-25T20:36:16.309Z","ask"
"11.2397","14","2024-05-25T20:36:16.309Z","ask"
"11.24","30","2024-05-25T20:36:16.309Z","ask"
"11.241","13.9","2024-05-25T20:36:16.309Z","ask"
"11.2414","3","2024-05-25T20:36:16.309Z","ask"
"11.2417","25.97","2024-05-25T20:36:16.309Z","ask"
"11.2435","0.63","2024-05-25T20:36:16.309Z","ask"
"11.244","1.2","2024-05-25T20:36:16.309Z","ask"
"11.2446","19","2024-05-25T20:36:16.309Z","ask"
"11.246","3.47","2024-05-25T20:36:16.309Z","ask"
"11.2463","2.7","2024-05-25T20:36:16.309Z","ask"
"11.2482","22.79","2024-05-25T20:36:16.309Z","ask"
"11.249","100","2024-05-25T20:36:16.309Z","ask"
"11.2497","42.49","2024-05-25T20:36:16.309Z","ask"
"11.25","9380.85","2024-05-25T20:36:16.309Z","ask"
"11.2505","8.36","2024-05-25T20:36:16.309Z","ask"
"11.2507","17.01","2024-05-25T20:36:16.309Z","ask"
"11.2518","9.73","2024-05-25T20:36:16.309Z","ask"
"11.252","4","2024-05-25T20:36:16.309Z","ask"
"11.2528","2.05","2024-05-25T20:36:16.309Z","ask"
"11.2529","10.63","2024-05-25T20:36:16.309Z","ask"
"11.2532","2.27","2024-05-25T20:36:16.309Z","ask"
"11.2537","1.15","2024-05-25T20:36:16.309Z","ask"
"11.2538","5.13","2024-05-25T20:36:16.309Z","ask"
"11.254","1.2","2024-05-25T20:36:16.309Z","ask"
"11.2548","1.59","2024-05-25T20:36:16.309Z","ask"
"11.2549","0.53","2024-05-25T20:36:16.309Z","ask"
"11.2555","0.53","2024-05-25T20:36:16.309Z","ask"
"11.2561","0.53","2024-05-25T20:36:16.309Z","ask"
"11.2565","16.6","2024-05-25T20:36:16.309Z","ask"
"11.2568","0.53","2024-05-25T20:36:16.309Z","ask"
"11.2572","0.53","2024-05-25T20:36:16.309Z","ask"
"11.2573","0.53","2024-05-25T20:36:16.309Z","ask"
"11.2576","0.53","2024-05-25T20:36:16.309Z","ask"
"11.2579","1.83","2024-05-25T20:36:16.309Z","ask"
"11.258","2.18","2024-05-25T20:36:16.309Z","ask"
"11.2583","0.53","2024-05-25T20:36:16.309Z","ask"
"11.2586","6.32","2024-05-25T20:36:16.309Z","ask"
"11.261","0.53","2024-05-25T20:36:16.309Z","ask"
"11.262","4.41","2024-05-25T20:36:16.309Z","ask"
"11.2628","5.16","2024-05-25T20:36:16.309Z","ask"
"11.2629","4.64","2024-05-25T20:36:16.309Z","ask"
"11.2639","0.53","2024-05-25T20:36:16.309Z","ask"
"11.264","1.2","2024-05-25T20:36:16.309Z","ask"
"11.265","0.53","2024-05-25T20:36:16.309Z","ask"
"11.2664","1.44","2024-05-25T20:36:16.309Z","ask"
"11.2672","3.2","2024-05-25T20:36:16.309Z","ask"
"11.2674","0.53","2024-05-25T20:36:16.309Z","ask"
"11.2675","0.53","2024-05-25T20:36:16.309Z","ask"
"11.2676","0.53","2024-05-25T20:36:16.309Z","ask"
"11.268","352.35","2024-05-25T20:36:16.309Z","ask"
"11.2682","5.96","2024-05-25T20:36:16.309Z","ask"
"11.269","0.53","2024-05-25T20:36:16.309Z","ask"
"11.2701","3.83","2024-05-25T20:36:16.309Z","ask"
"11.2703","12.41","2024-05-25T20:36:16.309Z","ask"
"11.2705","0.53","2024-05-25T20:36:16.309Z","ask"
"11.2708","1.08","2024-05-25T20:36:16.309Z","ask"
"11.2725","6.37","2024-05-25T20:36:16.309Z","ask"
"11.2727","1.71","2024-05-25T20:36:16.309Z","ask"
"11.273","0.53","2024-05-25T20:36:16.309Z","ask"
"11.274","1.2","2024-05-25T20:36:16.309Z","ask"
"11.2742","45.74","2024-05-25T20:36:16.309Z","ask"
"11.276","10.24","2024-05-25T20:36:16.309Z","ask"
"11.2776","7.03","2024-05-25T20:36:16.309Z","ask"
"11.2777","4.95","2024-05-25T20:36:16.309Z","ask"
"11.28","850","2024-05-25T20:36:16.309Z","ask"
"11.282","18.94","2024-05-25T20:36:16.309Z","ask"
"11.2827","4.85","2024-05-25T20:36:16.309Z","ask"
"11.2836","4.57","2024-05-25T20:36:16.309Z","ask"
"11.284","1.2","2024-05-25T20:36:16.309Z","ask"
"11.287","10","2024-05-25T20:36:16.309Z","ask"
"11.2873","0.53","2024-05-25T20:36:16.309Z","ask"
"11.2883","0.53","2024-05-25T20:36:16.309Z","ask"
"11.2887","0.53","2024-05-25T20:36:16.309Z","ask"
"11.2891","6.05","2024-05-25T20:36:16.309Z","ask"
"11.2911","125","2024-05-25T20:36:16.309Z","ask"
"11.2912","2.29","2024-05-25T20:36:16.309Z","ask"
"11.2923","142.84","2024-05-25T20:36:16.309Z","ask"
"11.2928","2.75","2024-05-25T20:36:16.309Z","ask"
"11.294","1.2","2024-05-25T20:36:16.309Z","ask"
"11.2942","2.69","2024-05-25T20:36:16.309Z","ask"
"11.295","7.68","2024-05-25T20:36:16.309Z","ask"
"11.3","333.49","2024-05-25T20:36:16.309Z","ask"
"11.3014","1.41","2024-05-25T20:36:16.309Z","ask"
"11.3025","2.69","2024-05-25T20:36:16.309Z","ask"
"11.3029","12.38","2024-05-25T20:36:16.309Z","ask"
"11.304","1.2","2024-05-25T20:36:16.309Z","ask"
"11.3044","22.68","2024-05-25T20:36:16.309Z","ask"
"11.3061","3.01","2024-05-25T20:36:16.309Z","ask"
"11.3065","16.59","2024-05-25T20:36:16.309Z","ask"
"11.3084","2","2024-05-25T20:36:16.309Z","ask"
"11.3096","2.98","2024-05-25T20:36:16.309Z","ask"
"11.3102","65.45","2024-05-25T20:36:16.309Z","ask"
"11.3106","0.53","2024-05-25T20:36:16.309Z","ask"
"11.3109","18.16","2024-05-25T20:36:16.309Z","ask"
"11.3111","0.53","2024-05-25T20:36:16.309Z","ask"
"11.3128","10.57","2024-05-25T20:36:16.309Z","ask"
"11.314","1.2","2024-05-25T20:36:16.309Z","ask"
"11.3146","0.53","2024-05-25T20:36:16.309Z","ask"
"11.3148","37.79","2024-05-25T20:36:16.309Z","ask"
"11.3151","0.53","2024-05-25T20:36:16.309Z","ask"
"11.3165","5.21","2024-05-25T20:36:16.309Z","ask"
"11.3166","10.73","2024-05-25T20:36:16.309Z","ask"
"11.3168","0.53","2024-05-25T20:36:16.309Z","ask"
"11.3174","16.07","2024-05-25T20:36:16.309Z","ask"
"11.3176","0.53","2024-05-25T20:36:16.309Z","ask"
"11.3186","2.53","2024-05-25T20:36:16.309Z","ask"
"11.319","0.09","2024-05-25T20:36:16.309Z","ask"
"11.3195","18.87","2024-05-25T20:36:16.309Z","ask"
"11.3196","0.82","2024-05-25T20:36:16.309Z","ask"
"11.3202","0.53","2024-05-25T20:36:16.309Z","ask"
"11.3206","0.53","2024-05-25T20:36:16.309Z","ask"
"11.3209","0.53","2024-05-25T20:36:16.309Z","ask"
"11.3215","0.53","2024-05-25T20:36:16.309Z","ask"
"11.3221","0.53","2024-05-25T20:36:16.309Z","ask"
"11.324","1.2","2024-05-25T20:36:16.309Z","ask"
"11.3245","2.78","2024-05-25T20:36:16.309Z","ask"
"11.3246","7.81","2024-05-25T20:36:16.309Z","ask"
"11.3249","1.43","2024-05-25T20:36:16.309Z","ask"
"11.3274","1.08","2024-05-25T20:36:16.309Z","ask"
"11.3278","1.46","2024-05-25T20:36:16.309Z","ask"
"11.3284","0.53","2024-05-25T20:36:16.309Z","ask"
"11.33","5","2024-05-25T20:36:16.309Z","ask"
"11.331","0.53","2024-05-25T20:36:16.309Z","ask"
"11.3325","5.1","2024-05-25T20:36:16.309Z","ask"
"11.3329","0.53","2024-05-25T20:36:16.309Z","ask"
"11.334","4.21","2024-05-25T20:36:16.309Z","ask"
"11.3341","4.93","2024-05-25T20:36:16.309Z","ask"
"11.3345","3.18","2024-05-25T20:36:16.309Z","ask"
"11.3347","2.91","2024-05-25T20:36:16.309Z","ask"
"11.3354","12.34","2024-05-25T20:36:16.309Z","ask"
"11.336","0.53","2024-05-25T20:36:16.309Z","ask"
"11.338","18.78","2024-05-25T20:36:16.309Z","ask"
"11.3389","0.53","2024-05-25T20:36:16.309Z","ask"
"11.3393","2.47","2024-05-25T20:36:16.309Z","ask"
"11.3399","0.53","2024-05-25T20:36:16.309Z","ask"
"11.3409","5.8","2024-05-25T20:36:16.309Z","ask"
"11.3411","19.8","2024-05-25T20:36:16.309Z","ask"
"11.344","1.2","2024-05-25T20:36:16.309Z","ask"
"11.3454","31.28","2024-05-25T20:36:16.309Z","ask"
"11.3477","16.57","2024-05-25T20:36:16.309Z","ask"
"11.3492","2.74","2024-05-25T20:36:16.309Z","ask"
"11.3496","18.45","2024-05-25T20:36:16.309Z","ask"
"11.3499","1.41","2024-05-25T20:36:16.309Z","ask"
"11.35","301.19","2024-05-25T20:36:16.309Z","ask"
"11.3505","2.68","2024-05-25T20:36:16.309Z","ask"
"11.3512","0.53","2024-05-25T20:36:16.309Z","ask"
"11.3514","7.64","2024-05-25T20:36:16.309Z","ask"
"11.3516","19.52","2024-05-25T20:36:16.309Z","ask"
"11.3522","0.09","2024-05-25T20:36:16.309Z","ask"
"11.3531","8.1","2024-05-25T20:36:16.309Z","ask"
"11.354","1.2","2024-05-25T20:36:16.309Z","ask"
"11.3543","12.17","2024-05-25T20:36:16.309Z","ask"
"11.3544","2.26","2024-05-25T20:36:16.309Z","ask"
"11.3567","21.33","2024-05-25T20:36:16.309Z","ask"
"11.3572","18.81","2024-05-25T20:36:16.309Z","ask"
"11.3573","14.59","2024-05-25T20:36:16.309Z","ask"
"11.3583","5.51","2024-05-25T20:36:16.309Z","ask"
"11.359","2.68","2024-05-25T20:36:16.309Z","ask"
"11.36","194.45","2024-05-25T20:36:16.309Z","ask"
"11.3609","36.25","2024-05-25T20:36:16.309Z","ask"
"11.3612","41.55","2024-05-25T20:36:16.309Z","ask"
"11.3619","4","2024-05-25T20:36:16.309Z","ask"
"11.364","1.2","2024-05-25T20:36:16.309Z","ask"
"11.3667","11.26","2024-05-25T20:36:16.309Z","ask"
"11.3681","6.01","2024-05-25T20:36:16.309Z","ask"
"11.3682","12.31","2024-05-25T20:36:16.309Z","ask"
"11.3683","19.42","2024-05-25T20:36:16.309Z","ask"
"11.372","4.37","2024-05-25T20:36:16.309Z","ask"
"11.3731","10.51","2024-05-25T20:36:16.309Z","ask"
"11.374","1.2","2024-05-25T20:36:16.309Z","ask"
"11.3769","6.85","2024-05-25T20:36:16.309Z","ask"
"11.3779","34.25","2024-05-25T20:36:16.309Z","ask"
"11.3781","2.96","2024-05-25T20:36:16.309Z","ask"
"11.3783","16.07","2024-05-25T20:36:16.309Z","ask"
"11.3797","0.53","2024-05-25T20:36:16.309Z","ask"
"11.38","2090.26","2024-05-25T20:36:16.309Z","ask"
"11.3812","0.53","2024-05-25T20:36:16.309Z","ask"
"11.384","1.2","2024-05-25T20:36:16.309Z","ask"
"11.3843","1.07","2024-05-25T20:36:16.309Z","ask"
"11.3863","2.35","2024-05-25T20:36:16.309Z","ask"
"11.3865","2.76","2024-05-25T20:36:16.309Z","ask"
"11.3879","358.98","2024-05-25T20:36:16.309Z","ask"
"11.3888","3.68","2024-05-25T20:36:16.309Z","ask"
"11.39","61.38","2024-05-25T20:36:16.309Z","ask"
"11.3906","3","2024-05-25T20:36:16.309Z","ask"
"11.3908","4.9","2024-05-25T20:36:16.309Z","ask"
"11.3917","2.89","2024-05-25T20:36:16.309Z","ask"
"11.394","1.2","2024-05-25T20:36:16.309Z","ask"
"11.3941","13.45","2024-05-25T20:36:16.309Z","ask"
"11.395","18.75","2024-05-25T20:36:16.309Z","ask"
"11.3979","1.41","2024-05-25T20:36:16.309Z","ask"
"11.3999","50","2024-05-25T20:36:16.309Z","ask"
"11.4","5537.18","2024-05-25T20:36:16.309Z","ask"
"11.401","12.27","2024-05-25T20:36:16.309Z","ask"
"11.4023","3.16","2024-05-25T20:36:16.309Z","ask"
"11.404","1.2","2024-05-25T20:36:16.309Z","ask"
"11.4042","1.83","2024-05-25T20:36:16.309Z","ask"
"11.4047","271.79","2024-05-25T20:36:16.309Z","ask"
"11.405","0.53","2024-05-25T20:36:16.309Z","ask"
"11.4058","2.73","2024-05-25T20:36:16.309Z","ask"
"11.4071","2.67","2024-05-25T20:36:16.309Z","ask"
"11.4077","10.12","2024-05-25T20:36:16.309Z","ask"
"11.4081","7.61","2024-05-25T20:36:16.309Z","ask"
"11.4087","5.89","2024-05-25T20:36:16.309Z","ask"
"11.4089","6.56","2024-05-25T20:36:16.309Z","ask"
"11.409","1.68","2024-05-25T20:36:16.309Z","ask"
"11.4096","5.77","2024-05-25T20:36:16.309Z","ask"
"11.4118","5.06","2024-05-25T20:36:16.309Z","ask"
"11.4123","1.2","2024-05-25T20:36:16.309Z","ask"
"11.4133","2.89","2024-05-25T20:36:16.309Z","ask"
"11.4134","8.15","2024-05-25T20:36:16.309Z","ask"
"11.414","1.2","2024-05-25T20:36:16.309Z","ask"
"11.4159","2.66","2024-05-25T20:36:16.309Z","ask"
"11.4177","22.45","2024-05-25T20:36:16.309Z","ask"
"11.418","3.47","2024-05-25T20:36:16.309Z","ask"
"11.4182","16.76","2024-05-25T20:36:16.309Z","ask"
"11.42","4.47","2024-05-25T20:36:16.309Z","ask"
"11.4204","2.02","2024-05-25T20:36:16.309Z","ask"
"11.4223","2.23","2024-05-25T20:36:16.310Z","ask"
"11.424","1.2","2024-05-25T20:36:16.310Z","ask"
"11.4247","6.32","2024-05-25T20:36:16.310Z","ask"
"11.4249","15.85","2024-05-25T20:36:16.310Z","ask"
"11.4266","1.62","2024-05-25T20:36:16.310Z","ask"
"11.4288","5.16","2024-05-25T20:36:16.310Z","ask"
"11.43","2689","2024-05-25T20:36:16.310Z","ask"
"11.432","431.46","2024-05-25T20:36:16.310Z","ask"
"11.4329","19.22","2024-05-25T20:36:16.310Z","ask"
"11.433","2.33","2024-05-25T20:36:16.310Z","ask"
"11.4333","11.26","2024-05-25T20:36:16.310Z","ask"
"11.4337","10.46","2024-05-25T20:36:16.310Z","ask"
"11.434","13.44","2024-05-25T20:36:16.310Z","ask"
"11.4341","4.57","2024-05-25T20:36:16.310Z","ask"
"11.4345","1.42","2024-05-25T20:36:16.310Z","ask"
"11.4357","0.53","2024-05-25T20:36:16.310Z","ask"
"11.4375","0.5","2024-05-25T20:36:16.310Z","ask"
"11.4388","1.56","2024-05-25T20:36:16.310Z","ask"
"11.4391","16.07","2024-05-25T20:36:16.310Z","ask"
"11.44","8.81","2024-05-25T20:36:16.310Z","ask"
"11.4406","3.77","2024-05-25T20:36:16.310Z","ask"
"11.4416","1.06","2024-05-25T20:36:16.310Z","ask"
"11.4431","20.99","2024-05-25T20:36:16.310Z","ask"
"11.444","1.2","2024-05-25T20:36:16.310Z","ask"
"11.4446","7.81","2024-05-25T20:36:16.310Z","ask"
"11.4452","0.67","2024-05-25T20:36:16.310Z","ask"
"11.4453","18.39","2024-05-25T20:36:16.310Z","ask"
"11.4461","4","2024-05-25T20:36:16.310Z","ask"
"11.4462","0.53","2024-05-25T20:36:16.310Z","ask"
"11.4467","92.92","2024-05-25T20:36:16.310Z","ask"
"11.4471","2.94","2024-05-25T20:36:16.310Z","ask"
"11.4473","0.53","2024-05-25T20:36:16.310Z","ask"
"11.4476","8.95","2024-05-25T20:36:16.310Z","ask"
"11.4478","4.88","2024-05-25T20:36:16.310Z","ask"
"11.449","2.75","2024-05-25T20:36:16.310Z","ask"
"11.45","3510.07","2024-05-25T20:36:16.310Z","ask"
"11.4502","0.53","2024-05-25T20:36:16.310Z","ask"
"11.4504","0.53","2024-05-25T20:36:16.310Z","ask"
"11.451","130.45","2024-05-25T20:36:16.310Z","ask"
"11.4537","4.5","2024-05-25T20:36:16.310Z","ask"
"11.454","1.2","2024-05-25T20:36:16.310Z","ask"
"11.4544","0.53","2024-05-25T20:36:16.310Z","ask"
"11.4562","49.47","2024-05-25T20:36:16.310Z","ask"
"11.4565","0.53","2024-05-25T20:36:16.310Z","ask"
"11.4567","0.53","2024-05-25T20:36:16.310Z","ask"
"11.4589","0.53","2024-05-25T20:36:16.310Z","ask"
"11.4596","0.53","2024-05-25T20:36:16.310Z","ask"
"11.4605","2.25","2024-05-25T20:36:16.310Z","ask"
"11.4617","0.53","2024-05-25T20:36:16.310Z","ask"
"11.4628","2.71","2024-05-25T20:36:16.310Z","ask"
"11.4631","4.53","2024-05-25T20:36:16.310Z","ask"
"11.4632","0.53","2024-05-25T20:36:16.310Z","ask"
"11.464","1.2","2024-05-25T20:36:16.310Z","ask"
"11.4641","2.65","2024-05-25T20:36:16.310Z","ask"
"11.4644","1.45","2024-05-25T20:36:16.310Z","ask"
"11.465","7.57","2024-05-25T20:36:16.310Z","ask"
"11.467","12.2","2024-05-25T20:36:16.310Z","ask"
"11.4681","0.52","2024-05-25T20:36:16.310Z","ask"
"11.4688","0.52","2024-05-25T20:36:16.310Z","ask"
"11.4699","1.41","2024-05-25T20:36:16.310Z","ask"
"11.47","163.8","2024-05-25T20:36:16.310Z","ask"
"11.4704","3.14","2024-05-25T20:36:16.310Z","ask"
"11.4709","18.63","2024-05-25T20:36:16.310Z","ask"
"11.473","2.65","2024-05-25T20:36:16.310Z","ask"
"11.4737","41.14","2024-05-25T20:36:16.310Z","ask"
"11.474","1.2","2024-05-25T20:36:16.310Z","ask"
"11.4747","22.34","2024-05-25T20:36:16.310Z","ask"
"11.4748","0.52","2024-05-25T20:36:16.310Z","ask"
"11.4757","2.97","2024-05-25T20:36:16.310Z","ask"
"11.4764","16.35","2024-05-25T20:36:16.310Z","ask"
"11.4765","17.9","2024-05-25T20:36:16.310Z","ask"
"11.4782","0.52","2024-05-25T20:36:16.310Z","ask"
"11.4788","5.73","2024-05-25T20:36:16.310Z","ask"
"11.48","35","2024-05-25T20:36:16.310Z","ask"
"11.4814","0.52","2024-05-25T20:36:16.310Z","ask"
"11.4827","30.91","2024-05-25T20:36:16.310Z","ask"
"11.4831","0.52","2024-05-25T20:36:16.310Z","ask"
"11.4832","4.33","2024-05-25T20:36:16.310Z","ask"
"11.484","1.2","2024-05-25T20:36:16.310Z","ask"
"11.4847","17.9","2024-05-25T20:36:16.310Z","ask"
"11.4857","9.46","2024-05-25T20:36:16.310Z","ask"
"11.4885","37.22","2024-05-25T20:36:16.310Z","ask"
"11.4893","0.52","2024-05-25T20:36:16.310Z","ask"
"11.4898","2.49","2024-05-25T20:36:16.310Z","ask"
"11.49","35.82","2024-05-25T20:36:16.310Z","ask"
"11.4917","5.03","2024-05-25T20:36:16.310Z","ask"
"11.494","1.2","2024-05-25T20:36:16.310Z","ask"
"11.4946","10.4","2024-05-25T20:36:16.310Z","ask"
"11.497","209.24","2024-05-25T20:36:16.310Z","ask"
"11.4976","0.52","2024-05-25T20:36:16.310Z","ask"
"11.4979","2.23","2024-05-25T20:36:16.310Z","ask"
"11.499","100","2024-05-25T20:36:16.310Z","ask"
"11.4991","1.06","2024-05-25T20:36:16.310Z","ask"
"11.4995","10.04","2024-05-25T20:36:16.310Z","ask"
"11.5","8600.52","2024-05-25T20:36:16.310Z","ask"
"11.5001","12.16","2024-05-25T20:36:16.310Z","ask"
"11.5019","18.91","2024-05-25T20:36:16.310Z","ask"
"11.502","6","2024-05-25T20:36:16.310Z","ask"
"11.5029","0.14","2024-05-25T20:36:16.310Z","ask"
"11.504","1.2","2024-05-25T20:36:16.310Z","ask"
"11.5048","2.97","2024-05-25T20:36:16.310Z","ask"
"11.505","4.85","2024-05-25T20:36:16.310Z","ask"
"11.5051","0.52","2024-05-25T20:36:16.310Z","ask"
"11.5052","0.52","2024-05-25T20:36:16.310Z","ask"
"11.5056","0.52","2024-05-25T20:36:16.310Z","ask"
"11.5066","2.87","2024-05-25T20:36:16.310Z","ask"
"11.5073","0.52","2024-05-25T20:36:16.310Z","ask"
"11.508","2.38","2024-05-25T20:36:16.310Z","ask"
"11.509","18.56","2024-05-25T20:36:16.310Z","ask"
"11.51","17235.54","2024-05-25T20:36:16.310Z","ask"
"11.5117","2.73","2024-05-25T20:36:16.310Z","ask"
"11.514","1.2","2024-05-25T20:36:16.310Z","ask"
"11.5147","7.99","2024-05-25T20:36:16.310Z","ask"
"11.5165","2.93","2024-05-25T20:36:16.310Z","ask"
"11.517","17.53","2024-05-25T20:36:16.310Z","ask"
"11.5174","44.59","2024-05-25T20:36:16.310Z","ask"
"11.52","502.35","2024-05-25T20:36:16.310Z","ask"
"11.5204","209.02","2024-05-25T20:36:16.310Z","ask"
"11.5209","2.67","2024-05-25T20:36:16.310Z","ask"
"11.5213","2.64","2024-05-25T20:36:16.310Z","ask"
"11.5218","1.41","2024-05-25T20:36:16.310Z","ask"
"11.522","19.52","2024-05-25T20:36:16.310Z","ask"
"11.5222","7.53","2024-05-25T20:36:16.310Z","ask"
"11.5227","16.32","2024-05-25T20:36:16.310Z","ask"
"11.524","1.2","2024-05-25T20:36:16.310Z","ask"
"11.5264","21.33","2024-05-25T20:36:16.310Z","ask"
"11.5272","5.43","2024-05-25T20:36:16.310Z","ask"
"11.5277","5.93","2024-05-25T20:36:16.310Z","ask"
"11.5304","6.64","2024-05-25T20:36:16.310Z","ask"
"11.532","22.23","2024-05-25T20:36:16.310Z","ask"
"11.5325","13.48","2024-05-25T20:36:16.310Z","ask"
"11.5334","12.13","2024-05-25T20:36:16.310Z","ask"
"11.534","1.2","2024-05-25T20:36:16.310Z","ask"
"11.539","3.12","2024-05-25T20:36:16.310Z","ask"
"11.5422","5.11","2024-05-25T20:36:16.310Z","ask"
"11.544","1.2","2024-05-25T20:36:16.310Z","ask"
"11.5474","18.5","2024-05-25T20:36:16.310Z","ask"
"11.548","2426.45","2024-05-25T20:36:16.311Z","ask"
"11.5484","5.7","2024-05-25T20:36:16.311Z","ask"
"11.5485","19.11","2024-05-25T20:36:16.311Z","ask"
"11.5486","6.75","2024-05-25T20:36:16.311Z","ask"
"11.549","950.39","2024-05-25T20:36:16.311Z","ask"
"11.55","5036.51","2024-05-25T20:36:16.311Z","ask"
"11.5509","5.82","2024-05-25T20:36:16.311Z","ask"
"11.5524","1.83","2024-05-25T20:36:16.311Z","ask"
"11.554","1.2","2024-05-25T20:36:16.311Z","ask"
"11.5543","0.91","2024-05-25T20:36:16.311Z","ask"
"11.5548","11.96","2024-05-25T20:36:16.311Z","ask"
"11.5558","10.35","2024-05-25T20:36:16.311Z","ask"
"11.5569","1.05","2024-05-25T20:36:16.311Z","ask"
"11.5579","2.31","2024-05-25T20:36:16.311Z","ask"
"11.5589","3.63","2024-05-25T20:36:16.311Z","ask"
"11.56","100","2024-05-25T20:36:16.311Z","ask"
"11.5623","2.95","2024-05-25T20:36:16.311Z","ask"
"11.5625","4.83","2024-05-25T20:36:16.311Z","ask"
"11.564","1.2","2024-05-25T20:36:16.311Z","ask"
"11.5645","10.66","2024-05-25T20:36:16.311Z","ask"
"11.5666","12.09","2024-05-25T20:36:16.311Z","ask"
"11.5682","1.71","2024-05-25T20:36:16.311Z","ask"
"11.5693","1.39","2024-05-25T20:36:16.311Z","ask"
"11.5697","0.52","2024-05-25T20:36:16.311Z","ask"
"11.57","511.66","2024-05-25T20:36:16.311Z","ask"
"11.5711","914.9","2024-05-25T20:36:16.311Z","ask"
"11.5721","4.99","2024-05-25T20:36:16.311Z","ask"
"11.5737","6.99","2024-05-25T20:36:16.311Z","ask"
"11.574","1.2","2024-05-25T20:36:16.311Z","ask"
"11.5747","2.72","2024-05-25T20:36:16.311Z","ask"
"11.5761","6421.42","2024-05-25T20:36:16.311Z","ask"
"11.5774","0.52","2024-05-25T20:36:16.311Z","ask"
"11.5775","2.69","2024-05-25T20:36:16.311Z","ask"
"11.5787","2.63","2024-05-25T20:36:16.311Z","ask"
"11.5794","0.52","2024-05-25T20:36:16.311Z","ask"
"11.5798","7.49","2024-05-25T20:36:16.311Z","ask"
"11.58","19.64","2024-05-25T20:36:16.311Z","ask"
"11.584","1.2","2024-05-25T20:36:16.311Z","ask"
"11.5856","0.52","2024-05-25T20:36:16.311Z","ask"
"11.5857","18.44","2024-05-25T20:36:16.311Z","ask"
"11.5864","2.91","2024-05-25T20:36:16.311Z","ask"
"11.5874","40.74","2024-05-25T20:36:16.311Z","ask"
"11.5881","2.62","2024-05-25T20:36:16.311Z","ask"
"11.5882","16.51","2024-05-25T20:36:16.311Z","ask"
"11.5884","4.41","2024-05-25T20:36:16.311Z","ask"
"11.5897","22.12","2024-05-25T20:36:16.311Z","ask"
"11.59","10","2024-05-25T20:36:16.311Z","ask"
"11.5904","1.99","2024-05-25T20:36:16.311Z","ask"
"11.5921","9.96","2024-05-25T20:36:16.311Z","ask"
"11.5933","6.32","2024-05-25T20:36:16.311Z","ask"
"11.5939","2.2","2024-05-25T20:36:16.311Z","ask"
"11.594","1.2","2024-05-25T20:36:16.311Z","ask"
"11.5942","0.9","2024-05-25T20:36:16.311Z","ask"
"11.5954","4.29","2024-05-25T20:36:16.311Z","ask"
"11.5977","1.6","2024-05-25T20:36:16.311Z","ask"
"11.5983","0.52","2024-05-25T20:36:16.311Z","ask"
"11.5999","25","2024-05-25T20:36:16.311Z","ask"
"11.6","5826.19","2024-05-25T20:36:16.311Z","ask"
"11.6001","12.06","2024-05-25T20:36:16.311Z","ask"
"11.6013","8.88","2024-05-25T20:36:16.311Z","ask"
"11.6026","1.43","2024-05-25T20:36:16.311Z","ask"
"11.6029","0.52","2024-05-25T20:36:16.311Z","ask"
"11.604","1.2","2024-05-25T20:36:16.311Z","ask"
"11.6053","1.4","2024-05-25T20:36:16.311Z","ask"
"11.6058","2.29","2024-05-25T20:36:16.311Z","ask"
"11.6078","4.5","2024-05-25T20:36:16.311Z","ask"
"11.6079","3.1","2024-05-25T20:36:16.311Z","ask"
"11.6084","5.89","2024-05-25T20:36:16.311Z","ask"
"11.61","2288.43","2024-05-25T20:36:16.311Z","ask"
"11.6127","9.94","2024-05-25T20:36:16.311Z","ask"
"11.6136","3.72","2024-05-25T20:36:16.311Z","ask"
"11.614","126.99","2024-05-25T20:36:16.311Z","ask"
"11.6146","4","2024-05-25T20:36:16.311Z","ask"
"11.6147","10.99","2024-05-25T20:36:16.311Z","ask"
"11.6149","1.05","2024-05-25T20:36:16.311Z","ask"
"11.6161","172.6","2024-05-25T20:36:16.311Z","ask"
"11.6165","0.52","2024-05-25T20:36:16.311Z","ask"
"11.6173","10.29","2024-05-25T20:36:16.311Z","ask"
"11.6181","0.52","2024-05-25T20:36:16.311Z","ask"
"11.6183","5.66","2024-05-25T20:36:16.311Z","ask"
"11.62","115","2024-05-25T20:36:16.311Z","ask"
"11.6202","2.94","2024-05-25T20:36:16.311Z","ask"
"11.6204","4.8","2024-05-25T20:36:16.311Z","ask"
"11.6217","30.54","2024-05-25T20:36:16.311Z","ask"
"11.6226","2.84","2024-05-25T20:36:16.311Z","ask"
"11.6236","2.59","2024-05-25T20:36:16.311Z","ask"
"11.624","1.2","2024-05-25T20:36:16.311Z","ask"
"11.6243","18.38","2024-05-25T20:36:16.311Z","ask"
"11.6258","1.54","2024-05-25T20:36:16.311Z","ask"
"11.6262","4.43","2024-05-25T20:36:16.311Z","ask"
"11.6323","2.22","2024-05-25T20:36:16.311Z","ask"
"11.6333","67.4","2024-05-25T20:36:16.311Z","ask"
"11.6335","12.03","2024-05-25T20:36:16.311Z","ask"
"11.634","1.2","2024-05-25T20:36:16.311Z","ask"
"11.6353","2.67","2024-05-25T20:36:16.311Z","ask"
"11.6365","2.62","2024-05-25T20:36:16.311Z","ask"
"11.6371","743.51","2024-05-25T20:36:16.311Z","ask"
"11.6376","7.46","2024-05-25T20:36:16.311Z","ask"
"11.6382","2.7","2024-05-25T20:36:16.311Z","ask"
"11.6395","31.82","2024-05-25T20:36:16.311Z","ask"
"11.641","1.41","2024-05-25T20:36:16.311Z","ask"
"11.6433","2.2","2024-05-25T20:36:16.311Z","ask"
"11.6434","7.99","2024-05-25T20:36:16.311Z","ask"
"11.644","1.2","2024-05-25T20:36:16.311Z","ask"
"11.6445","17.64","2024-05-25T20:36:16.311Z","ask"
"11.646","2.61","2024-05-25T20:36:16.311Z","ask"
"11.6476","24.93","2024-05-25T20:36:16.311Z","ask"
"11.6489","16.11","2024-05-25T20:36:16.311Z","ask"
"11.6495","1.64","2024-05-25T20:36:16.311Z","ask"
"11.65","574.7","2024-05-25T20:36:16.311Z","ask"
"11.6531","4.96","2024-05-25T20:36:16.311Z","ask"
"11.654","1.2","2024-05-25T20:36:16.311Z","ask"
"11.6567","2.89","2024-05-25T20:36:16.311Z","ask"
"11.6568","5.06","2024-05-25T20:36:16.311Z","ask"
"11.659","0.66","2024-05-25T20:36:16.311Z","ask"
"11.6629","0.82","2024-05-25T20:36:16.311Z","ask"
"11.663","18.32","2024-05-25T20:36:16.311Z","ask"
"11.6635","4.92","2024-05-25T20:36:16.311Z","ask"
"11.6636","2.45","2024-05-25T20:36:16.311Z","ask"
"11.664","1.2","2024-05-25T20:36:16.311Z","ask"
"11.6649","36.65","2024-05-25T20:36:16.311Z","ask"
"11.665","19.94","2024-05-25T20:36:16.311Z","ask"
"11.6671","11.99","2024-05-25T20:36:16.311Z","ask"
"11.6734","1.04","2024-05-25T20:36:16.311Z","ask"
"11.6773","3.09","2024-05-25T20:36:16.311Z","ask"
"11.6783","2.92","2024-05-25T20:36:16.311Z","ask"
"11.6785","4.78","2024-05-25T20:36:16.311Z","ask"
"11.6788","7.87","2024-05-25T20:36:16.311Z","ask"
"11.6791","2.38","2024-05-25T20:36:16.311Z","ask"
"11.6792","10.24","2024-05-25T20:36:16.311Z","ask"
"11.681","2.82","2024-05-25T20:36:16.311Z","ask"
"11.6834","672.27","2024-05-25T20:36:16.311Z","ask"
"11.6845","7.81","2024-05-25T20:36:16.311Z","ask"
"11.6855","9.88","2024-05-25T20:36:16.311Z","ask"
"11.6887","5.63","2024-05-25T20:36:16.311Z","ask"
"11.6896","5.84","2024-05-25T20:36:16.311Z","ask"
"11.6934","2.66","2024-05-25T20:36:16.311Z","ask"
"11.6945","2.6","2024-05-25T20:36:16.311Z","ask"
"11.6947","2.63","2024-05-25T20:36:16.311Z","ask"
"11.6949","25.26","2024-05-25T20:36:16.311Z","ask"
"11.6956","7.42","2024-05-25T20:36:16.311Z","ask"
"11.6963","1.41","2024-05-25T20:36:16.311Z","ask"
"11.6978","16.1","2024-05-25T20:36:16.311Z","ask"
"11.6986","21.33","2024-05-25T20:36:16.311Z","ask"
"11.6987","5.35","2024-05-25T20:36:16.311Z","ask"
"11.6988","4","2024-05-25T20:36:16.311Z","ask"
"11.7","3840.77","2024-05-25T20:36:16.311Z","ask"
"11.7005","16.07","2024-05-25T20:36:16.311Z","ask"
"11.7009","11.96","2024-05-25T20:36:16.311Z","ask"
"11.7018","18.77","2024-05-25T20:36:16.311Z","ask"
"11.7019","2.69","2024-05-25T20:36:16.311Z","ask"
"11.7022","40.34","2024-05-25T20:36:16.311Z","ask"
"11.7025","1.83","2024-05-25T20:36:16.311Z","ask"
"11.704","7.59","2024-05-25T20:36:16.311Z","ask"
"11.7043","2.6","2024-05-25T20:36:16.311Z","ask"
"11.7058","21.9","2024-05-25T20:36:16.311Z","ask"
"11.7068","13.28","2024-05-25T20:36:16.311Z","ask"
"11.7087","4.25","2024-05-25T20:36:16.311Z","ask"
"11.71","237","2024-05-25T20:36:16.311Z","ask"
"11.7101","133.16","2024-05-25T20:36:16.311Z","ask"
"11.7109","0.51","2024-05-25T20:36:16.311Z","ask"
"11.7139","13.09","2024-05-25T20:36:16.311Z","ask"
"11.7198","0.09","2024-05-25T20:36:16.311Z","ask"
"11.72","90.84","2024-05-25T20:36:16.311Z","ask"
"11.7214","0.49","2024-05-25T20:36:16.311Z","ask"
"11.7223","0.51","2024-05-25T20:36:16.311Z","ask"
"11.7228","6.65","2024-05-25T20:36:16.311Z","ask"
"11.7273","2.87","2024-05-25T20:36:16.311Z","ask"
"11.7293","10.63","2024-05-25T20:36:16.311Z","ask"
"11.73","400","2024-05-25T20:36:16.311Z","ask"
"11.731","4.74","2024-05-25T20:36:16.311Z","ask"
"11.7315","18.82","2024-05-25T20:36:16.311Z","ask"
"11.7316","3.57","2024-05-25T20:36:16.311Z","ask"
"11.732","1.04","2024-05-25T20:36:16.311Z","ask"
"11.7321","2.28","2024-05-25T20:36:16.311Z","ask"
"11.7329","0.51","2024-05-25T20:36:16.311Z","ask"
"11.7346","1715.49","2024-05-25T20:36:16.311Z","ask"
"11.7367","2.91","2024-05-25T20:36:16.311Z","ask"
"11.737","4.76","2024-05-25T20:36:16.311Z","ask"
"11.738","804.73","2024-05-25T20:36:16.311Z","ask"
"11.7397","2.81","2024-05-25T20:36:16.311Z","ask"
"11.74","173.09","2024-05-25T20:36:16.311Z","ask"
"11.7407","18.2","2024-05-25T20:36:16.311Z","ask"
"11.7414","10.18","2024-05-25T20:36:16.311Z","ask"
"11.7425","1.41","2024-05-25T20:36:16.311Z","ask"
"11.7433","1.37","2024-05-25T20:36:16.311Z","ask"
"11.747","3.07","2024-05-25T20:36:16.311Z","ask"
"11.749","200","2024-05-25T20:36:16.311Z","ask"
"11.75","883.38","2024-05-25T20:36:16.311Z","ask"
"11.7511","0.51","2024-05-25T20:36:16.311Z","ask"
"11.7518","2.65","2024-05-25T20:36:16.311Z","ask"
"11.7529","2.59","2024-05-25T20:36:16.311Z","ask"
"11.754","7.38","2024-05-25T20:36:16.311Z","ask"
"11.7546","0.51","2024-05-25T20:36:16.311Z","ask"
"11.7551","0.51","2024-05-25T20:36:16.311Z","ask"
"11.7554","0.51","2024-05-25T20:36:16.311Z","ask"
"11.7562","0.51","2024-05-25T20:36:16.311Z","ask"
"11.7564","0.51","2024-05-25T20:36:16.311Z","ask"
"11.7578","0.51","2024-05-25T20:36:16.311Z","ask"
"11.758","0.51","2024-05-25T20:36:16.311Z","ask"
"11.7584","0.51","2024-05-25T20:36:16.311Z","ask"
"11.7585","0.51","2024-05-25T20:36:16.311Z","ask"
"11.7586","0.51","2024-05-25T20:36:16.311Z","ask"
"11.7589","11.75","2024-05-25T20:36:16.311Z","ask"
"11.7592","4.34","2024-05-25T20:36:16.311Z","ask"
"11.7596","6.11","2024-05-25T20:36:16.311Z","ask"
"11.7603","0.51","2024-05-25T20:36:16.311Z","ask"
"11.7607","16.27","2024-05-25T20:36:16.311Z","ask"
"11.7616","0.51","2024-05-25T20:36:16.311Z","ask"
"11.7618","0.51","2024-05-25T20:36:16.311Z","ask"
"11.7624","30.68","2024-05-25T20:36:16.311Z","ask"
"11.7628","2.58","2024-05-25T20:36:16.311Z","ask"
"11.763","1.96","2024-05-25T20:36:16.311Z","ask"
"11.7632","0.51","2024-05-25T20:36:16.311Z","ask"
"11.7633","0.51","2024-05-25T20:36:16.311Z","ask"
"11.7636","0.51","2024-05-25T20:36:16.311Z","ask"
"11.7642","21.79","2024-05-25T20:36:16.311Z","ask"
"11.7643","6.32","2024-05-25T20:36:16.311Z","ask"
"11.7646","0.51","2024-05-25T20:36:16.311Z","ask"
"11.7647","0.51","2024-05-25T20:36:16.311Z","ask"
"11.7648","0.51","2024-05-25T20:36:16.311Z","ask"
"11.7649","0.51","2024-05-25T20:36:16.311Z","ask"
"11.7661","2.68","2024-05-25T20:36:16.311Z","ask"
"11.7681","2.17","2024-05-25T20:36:16.311Z","ask"
"11.7682","0.51","2024-05-25T20:36:16.311Z","ask"
"11.7685","11.89","2024-05-25T20:36:16.311Z","ask"
"11.7696","0.51","2024-05-25T20:36:16.311Z","ask"
"11.77","110","2024-05-25T20:36:16.311Z","ask"
"11.7703","0.51","2024-05-25T20:36:16.311Z","ask"
"11.7707","1.02","2024-05-25T20:36:16.311Z","ask"
"11.7709","0.51","2024-05-25T20:36:16.311Z","ask"
"11.7713","0.51","2024-05-25T20:36:16.311Z","ask"
"11.7714","7.38","2024-05-25T20:36:16.311Z","ask"
"11.7724","5.01","2024-05-25T20:36:16.311Z","ask"
"11.7728","0.51","2024-05-25T20:36:16.311Z","ask"
"11.7729","21.01","2024-05-25T20:36:16.311Z","ask"
"11.7733","0.51","2024-05-25T20:36:16.311Z","ask"
"11.7762","0.51","2024-05-25T20:36:16.311Z","ask"
"11.7772","9.23","2024-05-25T20:36:16.311Z","ask"
"11.7786","1.89","2024-05-25T20:36:16.311Z","ask"
"11.7796","10.31","2024-05-25T20:36:16.311Z","ask"
"11.7798","18.14","2024-05-25T20:36:16.311Z","ask"
"11.78","8","2024-05-25T20:36:16.311Z","ask"
"11.7802","0.51","2024-05-25T20:36:16.311Z","ask"
