"price","volume","time","side","orderType"
"10.04620000","37.21000000","2024-05-25T20:36:16.433Z","buy","maker"
"10.04620000","19.91000000","2024-05-25T20:36:16.338Z","buy","maker"
"10.04620000","19.91000000","2024-05-25T20:36:16.158Z","buy","maker"
"10.04630000","18.93000000","2024-05-25T20:36:16.111Z","sell","maker"
"10.04620000","19.91000000","2024-05-25T20:36:15.658Z","buy","maker"
"10.04620000","19.91000000","2024-05-25T20:36:15.157Z","buy","maker"
"10.04620000","19.91000000","2024-05-25T20:36:14.657Z","buy","maker"
"10.04620000","19.91000000","2024-05-25T20:36:14.157Z","buy","maker"
"10.04620000","19.91000000","2024-05-25T20:36:13.656Z","buy","maker"
"10.04620000","19.91000000","2024-05-25T20:36:13.157Z","buy","maker"
"10.04620000","19.91000000","2024-05-25T20:36:12.656Z","buy","maker"
"10.04620000","19.91000000","2024-05-25T20:36:12.156Z","buy","maker"
"10.04620000","19.91000000","2024-05-25T20:36:11.656Z","buy","maker"
"10.04620000","19.91000000","2024-05-25T20:36:11.239Z","buy","maker"
"10.04620000","19.91000000","2024-05-25T20:36:10.739Z","buy","maker"
"10.04620000","19.91000000","2024-05-25T20:36:10.239Z","buy","maker"
"10.04620000","19.91000000","2024-05-25T20:36:09.739Z","buy","maker"
"10.04620000","19.91000000","2024-05-25T20:36:09.238Z","buy","maker"
"10.04620000","19.91000000","2024-05-25T20:36:08.738Z","buy","maker"
"10.04620000","19.91000000","2024-05-25T20:36:08.238Z","buy","maker"
"10.04620000","19.91000000","2024-05-25T20:36:07.738Z","buy","maker"
"10.04620000","19.91000000","2024-05-25T20:36:07.567Z","buy","maker"
"10.04620000","19.90000000","2024-05-25T20:36:07.212Z","buy","maker"
"10.04620000","19.90000000","2024-05-25T20:36:06.712Z","buy","maker"
"10.04630000","4.72000000","2024-05-25T20:36:02.853Z","sell","maker"
"10.04620000","19.90000000","2024-05-25T20:36:02.410Z","buy","maker"
"10.04620000","19.90000000","2024-05-25T20:36:01.910Z","buy","maker"
"10.04630000","6.01000000","2024-05-25T20:36:01.787Z","sell","maker"
"10.04620000","19.90000000","2024-05-25T20:36:01.409Z","buy","maker"
"10.04620000","19.90000000","2024-05-25T20:36:00.910Z","buy","maker"
"10.04620000","19.90000000","2024-05-25T20:36:00.410Z","buy","maker"
"10.04620000","41.25000000","2024-05-25T20:35:40.478Z","buy","maker"
"10.04820000","0.01000000","2024-05-25T20:35:40.467Z","buy","maker"
"10.04820000","367.72000000","2024-05-25T20:35:40.467Z","buy","maker"
"10.04840000","41.25000000","2024-05-25T20:35:40.467Z","buy","maker"
"10.04930000","3.20000000","2024-05-25T20:35:40.467Z","buy","maker"
"10.04950000","79.60000000","2024-05-25T20:35:40.467Z","buy","maker"
"10.04980000","0.80000000","2024-05-25T20:35:26.900Z","buy","maker"
"10.04940000","2.33000000","2024-05-25T20:35:22.817Z","buy","maker"
"10.04810000","11.29000000","2024-05-25T20:34:23.578Z","buy","maker"
"10.05020000","79.60000000","2024-05-25T20:34:23.578Z","buy","maker"
"10.05050000","0.50000000","2024-05-25T20:34:23.578Z","buy","maker"
"10.04820000","24.73000000","2024-05-25T20:34:15.198Z","sell","maker"
"10.04580000","105.86000000","2024-05-25T20:34:12.764Z","buy","maker"
"10.05380000","7.83000000","2024-05-25T20:34:03.181Z","sell","maker"
"10.05380000","0.64000000","2024-05-25T20:34:03.181Z","sell","maker"
"10.05380000","0.52000000","2024-05-25T20:34:03.103Z","sell","maker"
"10.05140000","16.35000000","2024-05-25T20:33:58.366Z","buy","maker"
"10.05140000","25.18000000","2024-05-25T20:33:55.563Z","buy","maker"
"10.05300000","1.16000000","2024-05-25T20:33:18.619Z","buy","maker"
"10.05300000","1.16000000","2024-05-25T20:33:18.616Z","buy","maker"
"10.05300000","1.16000000","2024-05-25T20:33:18.616Z","buy","maker"
"10.05300000","1.16000000","2024-05-25T20:33:18.616Z","buy","maker"
"10.05180000","1.16000000","2024-05-25T20:33:18.612Z","buy","maker"
"10.05290000","41.25000000","2024-05-25T20:33:18.612Z","buy","maker"
"10.05460000","41.25000000","2024-05-25T20:33:13.915Z","sell","maker"
"10.05410000","41.25000000","2024-05-25T20:33:11.415Z","sell","maker"
"10.04960000","41.25000000","2024-05-25T20:33:05.915Z","sell","maker"
"10.04640000","41.20000000","2024-05-25T20:33:03.106Z","sell","maker"
"10.04560000","41.25000000","2024-05-25T20:33:03.105Z","sell","maker"
"10.04420000","24.90000000","2024-05-25T20:32:53.674Z","sell","maker"
"10.04230000","223.32000000","2024-05-25T20:32:53.669Z","buy","maker"
"10.04400000","1.20000000","2024-05-25T20:32:53.669Z","buy","maker"
"10.04430000","23.01000000","2024-05-25T20:32:53.669Z","buy","maker"
"10.04430000","36.59000000","2024-05-25T20:32:53.660Z","buy","maker"
"10.04480000","41.25000000","2024-05-25T20:32:53.660Z","buy","maker"
"10.04680000","24.21000000","2024-05-25T20:32:53.660Z","buy","maker"
"10.04500000","79.64000000","2024-05-25T20:32:53.657Z","buy","maker"
"10.04550000","39.79000000","2024-05-25T20:32:53.657Z","buy","maker"
"10.04670000","79.62000000","2024-05-25T20:32:53.657Z","buy","maker"
"10.04670000","27.49000000","2024-05-25T20:32:53.657Z","buy","maker"
"10.04710000","25.48000000","2024-05-25T20:32:53.657Z","buy","maker"
"10.04820000","25.48000000","2024-05-25T20:32:53.657Z","buy","maker"
"10.04920000","25.48000000","2024-05-25T20:32:53.657Z","buy","maker"
"10.04780000","0.02000000","2024-05-25T20:32:53.650Z","buy","maker"
"10.04780000","41.23000000","2024-05-25T20:32:53.650Z","buy","maker"
"10.04790000","119.68000000","2024-05-25T20:32:53.650Z","buy","maker"
"10.04890000","41.25000000","2024-05-25T20:32:53.650Z","buy","maker"
"10.05070000","79.59000000","2024-05-25T20:32:53.650Z","buy","maker"
"10.05140000","25.48000000","2024-05-25T20:32:53.650Z","buy","maker"
"10.05330000","2.90000000","2024-05-25T20:32:38.611Z","sell","maker"
"10.05730000","25.48000000","2024-05-25T20:32:19.178Z","buy","maker"
"10.05820000","1.38000000","2024-05-25T20:32:19.174Z","buy","maker"
"10.05660000","76.13000000","2024-05-25T20:32:19.172Z","buy","maker"
"10.05810000","1.46000000","2024-05-25T20:32:19.171Z","buy","maker"
"10.05680000","41.25000000","2024-05-25T20:32:19.170Z","buy","maker"
"10.05700000","79.54000000","2024-05-25T20:32:19.170Z","buy","maker"
"10.05770000","0.24000000","2024-05-25T20:32:19.170Z","buy","maker"
"10.05800000","25.48000000","2024-05-25T20:32:19.170Z","buy","maker"
"10.05810000","1.30000000","2024-05-25T20:32:19.170Z","buy","maker"
"10.05900000","103.80000000","2024-05-25T20:32:17.860Z","sell","maker"
"10.05810000","25.48000000","2024-05-25T20:32:17.860Z","sell","maker"
"10.05870000","27.49000000","2024-05-25T20:32:17.857Z","sell","maker"
"10.05680000","25.48000000","2024-05-25T20:32:17.857Z","sell","maker"
"10.05510000","25.48000000","2024-05-25T20:32:17.857Z","sell","maker"
"10.05620000","8.32000000","2024-05-25T20:32:17.850Z","sell","maker"
"10.05620000","32.93000000","2024-05-25T20:32:17.850Z","sell","maker"
"10.05520000","323.40000000","2024-05-25T20:32:17.850Z","sell","maker"
"10.05510000","25.48000000","2024-05-25T20:32:17.850Z","sell","maker"
"10.05460000","8.32000000","2024-05-25T20:32:17.850Z","sell","maker"
"10.04850000","39.80000000","2024-05-25T20:31:18.624Z","sell","maker"
"10.04410000","0.05000000","2024-05-25T20:31:11.953Z","buy","maker"
"10.04750000","1.00000000","2024-05-25T20:31:11.120Z","sell","maker"
"10.05000000","2.97000000","2024-05-25T20:31:08.143Z","buy","maker"
"10.05000000","21.45000000","2024-05-25T20:31:08.143Z","buy","maker"
"10.05000000","28.00000000","2024-05-25T20:31:08.131Z","buy","maker"
"10.05200000","792.64000000","2024-05-25T20:31:08.115Z","buy","maker"
"10.05200000","11.78000000","2024-05-25T20:31:06.748Z","buy","maker"
"10.05200000","28.01000000","2024-05-25T20:31:06.745Z","buy","maker"
"10.05200000","19.88000000","2024-05-25T20:31:06.745Z","buy","maker"
"10.05200000","31.27000000","2024-05-25T20:31:06.742Z","buy","maker"
"10.05200000","62.48000000","2024-05-25T20:31:06.741Z","buy","maker"
"10.05200000","38.90000000","2024-05-25T20:31:06.651Z","buy","maker"
"10.05200000","1.90000000","2024-05-25T20:31:06.647Z","buy","maker"
"10.05210000","11.55000000","2024-05-25T20:31:06.647Z","buy","maker"
"10.05210000","29.70000000","2024-05-25T20:31:06.644Z","buy","maker"
"10.05210000","0.79000000","2024-05-25T20:31:06.640Z","buy","maker"
"10.05260000","0.01000000","2024-05-25T20:31:06.551Z","buy","maker"
"10.05260000","41.24000000","2024-05-25T20:31:06.551Z","buy","maker"
"10.05370000","41.25000000","2024-05-25T20:31:06.551Z","buy","maker"
"10.05400000","1.20000000","2024-05-25T20:31:06.551Z","buy","maker"
"10.05810000","2.98000000","2024-05-25T20:30:32.300Z","buy","maker"
"10.05810000","19.87000000","2024-05-25T20:30:12.799Z","buy","maker"
"10.05810000","19.88000000","2024-05-25T20:30:11.485Z","buy","maker"
"10.06040000","0.22000000","2024-05-25T20:30:11.084Z","sell","maker"
"10.05830000","25.48000000","2024-05-25T20:30:06.125Z","buy","maker"
"10.05920000","2.74000000","2024-05-25T20:30:06.125Z","buy","maker"
"10.05900000","4.59000000","2024-05-25T20:30:06.118Z","buy","maker"
"10.05900000","1.80000000","2024-05-25T20:30:06.118Z","buy","maker"
"10.05910000","3.19000000","2024-05-25T20:30:06.118Z","buy","maker"
"10.06240000","1.66000000","2024-05-25T20:30:06.083Z","sell","maker"
"10.06620000","5.00000000","2024-05-25T20:29:41.339Z","sell","maker"
"10.06610000","13.61000000","2024-05-25T20:29:39.265Z","sell","maker"
"10.06600000","25.00000000","2024-05-25T20:29:39.265Z","sell","maker"
"10.06580000","0.05000000","2024-05-25T20:29:36.377Z","buy","maker"
"10.06860000","0.91000000","2024-05-25T20:29:24.379Z","sell","maker"
"10.06770000","0.91000000","2024-05-25T20:29:24.379Z","sell","maker"
"10.06200000","1.27000000","2024-05-25T20:29:10.144Z","sell","maker"
"10.06030000","25.00000000","2024-05-25T20:29:10.144Z","sell","maker"
"10.05980000","79.52000000","2024-05-25T20:29:10.136Z","buy","maker"
"10.06030000","41.25000000","2024-05-25T20:29:10.136Z","buy","maker"
"10.06140000","58.33000000","2024-05-25T20:29:10.131Z","buy","maker"
"10.06140000","41.25000000","2024-05-25T20:29:10.131Z","buy","maker"
"10.06150000","13.36000000","2024-05-25T20:29:10.131Z","buy","maker"
"10.06170000","253.30000000","2024-05-25T20:29:10.131Z","buy","maker"
"10.06250000","16.75000000","2024-05-25T20:29:10.128Z","buy","maker"
"10.06250000","24.50000000","2024-05-25T20:29:10.128Z","buy","maker"
"10.06260000","25.00000000","2024-05-25T20:29:10.128Z","buy","maker"
"10.06400000","0.03000000","2024-05-25T20:29:10.120Z","buy","maker"
"10.06400000","1.17000000","2024-05-25T20:29:10.120Z","buy","maker"
"10.06410000","41.25000000","2024-05-25T20:29:10.120Z","buy","maker"
"10.06470000","41.25000000","2024-05-25T20:29:10.120Z","buy","maker"
"10.06480000","19.69000000","2024-05-25T20:29:10.120Z","buy","maker"
"10.06480000","24.16000000","2024-05-25T20:29:10.120Z","buy","maker"
"10.06510000","79.48000000","2024-05-25T20:29:10.120Z","buy","maker"
"10.06700000","41.25000000","2024-05-25T20:29:10.120Z","buy","maker"
"10.07000000","175.07000000","2024-05-25T20:29:08.590Z","buy","maker"
"10.07000000","87.57000000","2024-05-25T20:29:08.590Z","buy","maker"
"10.07000000","419.31000000","2024-05-25T20:29:08.585Z","buy","maker"
"10.07000000","30.00000000","2024-05-25T20:29:08.585Z","buy","maker"
"10.07020000","41.25000000","2024-05-25T20:29:08.582Z","buy","maker"
"10.07400000","1.20000000","2024-05-25T20:29:03.212Z","buy","maker"
"10.07510000","41.25000000","2024-05-25T20:29:00.115Z","buy","maker"
"10.07680000","58.07000000","2024-05-25T20:28:57.727Z","buy","maker"
"10.07720000","17.55000000","2024-05-25T20:28:57.722Z","buy","maker"
"10.07720000","22.11000000","2024-05-25T20:28:57.720Z","buy","maker"
"10.07750000","25.48000000","2024-05-25T20:28:57.720Z","buy","maker"
"10.07890000","5.48000000","2024-05-25T20:28:57.717Z","buy","maker"
"10.07890000","20.00000000","2024-05-25T20:28:57.716Z","buy","maker"
"10.07980000","0.01000000","2024-05-25T20:28:57.711Z","buy","maker"
"10.07980000","41.24000000","2024-05-25T20:28:57.711Z","buy","maker"
"10.08010000","79.36000000","2024-05-25T20:28:57.711Z","buy","maker"
"10.08090000","41.25000000","2024-05-25T20:28:57.711Z","buy","maker"
"10.08430000","23.00000000","2024-05-25T20:28:41.405Z","sell","maker"
"10.08380000","2.57000000","2024-05-25T20:28:41.405Z","sell","maker"
"10.08190000","3.34000000","2024-05-25T20:28:41.405Z","sell","maker"
"10.08000000","30.00000000","2024-05-25T20:28:40.241Z","sell","maker"
"10.08190000","0.49000000","2024-05-25T20:28:37.910Z","sell","maker"
"10.07980000","0.84000000","2024-05-25T20:28:24.819Z","buy","maker"
"10.08200000","79.34000000","2024-05-25T20:27:05.852Z","buy","maker"
"10.08290000","28.31000000","2024-05-25T20:26:46.658Z","sell","maker"
"10.08420000","0.49000000","2024-05-25T20:26:32.811Z","sell","maker"
"10.07890000","1.30000000","2024-05-25T20:26:11.030Z","sell","maker"
"10.07890000","0.99000000","2024-05-25T20:26:08.958Z","sell","maker"
"10.07890000","0.99000000","2024-05-25T20:26:08.733Z","sell","maker"
"10.07890000","0.99000000","2024-05-25T20:26:08.693Z","sell","maker"
"10.07890000","0.99000000","2024-05-25T20:26:08.660Z","sell","maker"
"10.07890000","0.99000000","2024-05-25T20:26:08.607Z","sell","maker"
"10.07890000","10.04000000","2024-05-25T20:26:06.569Z","sell","maker"
"10.07890000","13.63000000","2024-05-25T20:26:04.175Z","sell","maker"
"10.07830000","1.20000000","2024-05-25T20:26:04.175Z","sell","maker"
"10.07830000","0.98000000","2024-05-25T20:25:33.338Z","sell","maker"
"10.07590000","51.08000000","2024-05-25T20:24:46.178Z","buy","maker"
"10.07610000","28.31000000","2024-05-25T20:24:46.178Z","buy","maker"
"10.07680000","0.01000000","2024-05-25T20:24:46.174Z","buy","maker"
"10.07680000","41.24000000","2024-05-25T20:24:46.173Z","buy","maker"
"10.07690000","28.31000000","2024-05-25T20:24:46.173Z","buy","maker"
"10.07790000","41.25000000","2024-05-25T20:24:46.173Z","buy","maker"
"10.08020000","2.31000000","2024-05-25T20:24:44.643Z","sell","maker"
"10.07730000","41.25000000","2024-05-25T20:24:37.753Z","buy","maker"
"10.08090000","8.99000000","2024-05-25T20:24:34.110Z","sell","maker"
"10.07870000","0.83000000","2024-05-25T20:24:34.110Z","sell","maker"
"10.07860000","20.25000000","2024-05-25T20:23:55.998Z","sell","maker"
"10.07870000","0.30000000","2024-05-25T20:23:48.634Z","sell","maker"
"10.07730000","41.25000000","2024-05-25T20:23:37.101Z","sell","maker"
"10.07720000","24.80000000","2024-05-25T20:23:37.101Z","sell","maker"
"10.07560000","41.25000000","2024-05-25T20:23:37.035Z","sell","maker"
"10.07460000","41.25000000","2024-05-25T20:23:37.021Z","buy","maker"
"10.07500000","0.88000000","2024-05-25T20:23:37.020Z","buy","maker"
"10.07530000","79.40000000","2024-05-25T20:23:37.020Z","buy","maker"
"10.07570000","28.31000000","2024-05-25T20:23:37.020Z","buy","maker"
"10.07570000","41.25000000","2024-05-25T20:23:37.020Z","buy","maker"
"10.07960000","79.36000000","2024-05-25T20:23:00.716Z","buy","maker"
"10.08060000","41.25000000","2024-05-25T20:23:00.716Z","buy","maker"
"10.08410000","17.82000000","2024-05-25T20:22:54.963Z","sell","maker"
"10.08360000","49.50000000","2024-05-25T20:22:54.963Z","sell","maker"
"10.08350000","30.39000000","2024-05-25T20:22:54.963Z","sell","maker"
"10.08340000","0.27000000","2024-05-25T20:22:54.963Z","sell","maker"
"10.08340000","0.82000000","2024-05-25T20:22:54.963Z","sell","maker"
"10.08400000","41.25000000","2024-05-25T20:22:44.994Z","buy","maker"
"10.08400000","1.20000000","2024-05-25T20:22:44.994Z","buy","maker"
"10.08640000","4.26000000","2024-05-25T20:22:15.470Z","sell","maker"
"10.08620000","15.56000000","2024-05-25T20:22:15.470Z","sell","maker"
"10.08590000","41.25000000","2024-05-25T20:22:11.367Z","buy","maker"
"10.08910000","18.13000000","2024-05-25T20:22:01.935Z","sell","maker"
"10.08820000","1.13000000","2024-05-25T20:22:01.935Z","sell","maker"
"10.08960000","13.97000000","2024-05-25T20:21:35.949Z","sell","maker"
"10.08950000","24.75000000","2024-05-25T20:21:35.949Z","sell","maker"
"10.08820000","8.10000000","2024-05-25T20:21:35.949Z","sell","maker"
"10.08820000","2.25000000","2024-05-25T20:21:35.949Z","sell","maker"
"10.08810000","9.88000000","2024-05-25T20:21:18.150Z","sell","maker"
"10.08890000","4.66000000","2024-05-25T20:21:05.367Z","buy","maker"
"10.08890000","11.41000000","2024-05-25T20:21:05.367Z","buy","maker"
"10.08890000","13.27000000","2024-05-25T20:21:03.134Z","buy","maker"
"10.08910000","0.09000000","2024-05-25T20:21:03.134Z","buy","maker"
"10.09230000","79.26000000","2024-05-25T20:20:39.495Z","buy","maker"
"10.09230000","3.50000000","2024-05-25T20:20:32.576Z","buy","maker"
"10.09240000","0.21000000","2024-05-25T20:20:27.118Z","sell","maker"
"10.09240000","4.50000000","2024-05-25T20:20:27.118Z","sell","maker"
"10.09160000","1.83000000","2024-05-25T20:20:10.184Z","buy","maker"
"10.08960000","25.18000000","2024-05-25T20:19:48.248Z","buy","maker"
"10.09040000","1.38000000","2024-05-25T20:19:38.929Z","buy","maker"
"10.09210000","39.18000000","2024-05-25T20:18:59.892Z","buy","maker"
"10.09210000","2.00000000","2024-05-25T20:18:59.892Z","buy","maker"
"10.09510000","79.24000000","2024-05-25T20:18:52.282Z","buy","maker"
"10.09480000","2.12000000","2024-05-25T20:18:29.672Z","buy","maker"
"10.09610000","14.22000000","2024-05-25T20:18:22.004Z","buy","maker"
"10.09620000","41.25000000","2024-05-25T20:18:22.004Z","buy","maker"
"10.09910000","14.42000000","2024-05-25T20:17:16.696Z","sell","maker"
"10.09730000","41.25000000","2024-05-25T20:17:11.312Z","buy","maker"
"10.09850000","41.25000000","2024-05-25T20:17:11.284Z","buy","maker"
"10.09960000","41.25000000","2024-05-25T20:17:11.255Z","buy","maker"
"10.09800000","88.26000000","2024-05-25T20:17:11.140Z","sell","maker"
"10.09770000","31.46000000","2024-05-25T20:17:11.113Z","sell","maker"
"10.09480000","2.13000000","2024-05-25T20:17:11.100Z","sell","maker"
"10.09480000","29.33000000","2024-05-25T20:17:11.099Z","sell","maker"
"10.10110000","225.93000000","2024-05-25T20:17:11.093Z","sell","maker"
"10.10010000","0.08000000","2024-05-25T20:17:11.093Z","sell","maker"
"10.10010000","41.17000000","2024-05-25T20:17:11.093Z","sell","maker"
"10.10000000","41.14000000","2024-05-25T20:17:11.093Z","sell","maker"
"10.09950000","79.21000000","2024-05-25T20:17:11.093Z","sell","maker"
"10.09920000","59.92000000","2024-05-25T20:17:11.093Z","sell","maker"
"10.09900000","41.25000000","2024-05-25T20:17:11.093Z","sell","maker"
"10.09860000","116.51000000","2024-05-25T20:17:11.093Z","sell","maker"
"10.09850000","27.49000000","2024-05-25T20:17:11.093Z","sell","maker"
"10.09850000","99.00000000","2024-05-25T20:17:11.093Z","sell","maker"
"10.09840000","51.70000000","2024-05-25T20:17:11.093Z","sell","maker"
"10.09790000","79.22000000","2024-05-25T20:17:11.093Z","sell","maker"
"10.09790000","41.25000000","2024-05-25T20:17:11.093Z","sell","maker"
"10.09630000","41.25000000","2024-05-25T20:17:11.093Z","sell","maker"
"10.09610000","49.50000000","2024-05-25T20:17:11.093Z","sell","maker"
"10.09600000","20.00000000","2024-05-25T20:17:11.093Z","sell","maker"
"10.09520000","41.25000000","2024-05-25T20:17:11.093Z","sell","maker"
"10.09510000","73.34000000","2024-05-25T20:17:11.093Z","sell","maker"
"10.09480000","79.24000000","2024-05-25T20:17:11.093Z","sell","maker"
"10.09410000","28.76000000","2024-05-25T20:17:11.093Z","sell","maker"
"10.09380000","41.25000000","2024-05-25T20:17:11.093Z","sell","maker"
"10.09300000","49.50000000","2024-05-25T20:17:11.093Z","sell","maker"
"10.09270000","31.46000000","2024-05-25T20:17:11.093Z","sell","maker"
"10.09390000","10.65000000","2024-05-25T20:16:37.857Z","sell","maker"
"10.09310000","0.49000000","2024-05-25T20:16:20.303Z","sell","maker"
"10.09170000","9.44000000","2024-05-25T20:16:18.923Z","sell","maker"
"10.08990000","29.06000000","2024-05-25T20:16:02.917Z","sell","maker"
"10.08990000","59.36000000","2024-05-25T20:16:02.915Z","sell","maker"
"10.08640000","13.42000000","2024-05-25T20:15:40.218Z","buy","maker"
"10.08640000","18.04000000","2024-05-25T20:15:40.218Z","buy","maker"
"10.08730000","31.46000000","2024-05-25T20:15:40.218Z","buy","maker"
"10.08610000","0.01000000","2024-05-25T20:15:40.211Z","buy","maker"
"10.08610000","88.55000000","2024-05-25T20:15:40.211Z","buy","maker"
"10.08630000","20.00000000","2024-05-25T20:15:40.211Z","buy","maker"
"10.08680000","41.25000000","2024-05-25T20:15:40.211Z","buy","maker"
"10.08690000","20.00000000","2024-05-25T20:15:40.211Z","buy","maker"
"10.08700000","49.50000000","2024-05-25T20:15:40.211Z","buy","maker"
"10.08790000","41.25000000","2024-05-25T20:15:40.211Z","buy","maker"
"10.08870000","0.01000000","2024-05-25T20:15:40.211Z","buy","maker"
"10.08870000","79.28000000","2024-05-25T20:15:40.211Z","buy","maker"
"10.08900000","41.25000000","2024-05-25T20:15:40.211Z","buy","maker"
"10.09410000","0.65000000","2024-05-25T20:15:15.204Z","sell","maker"
"10.09380000","13.61000000","2024-05-25T20:14:53.343Z","buy","maker"
"10.09290000","88.67000000","2024-05-25T20:14:01.266Z","sell","maker"
"10.09010000","1.86000000","2024-05-25T20:13:57.879Z","buy","maker"
"10.09070000","4.67000000","2024-05-25T20:13:33.094Z","sell","maker"
"10.09030000","10.11000000","2024-05-25T20:13:14.283Z","buy","maker"
"10.09240000","1.34000000","2024-05-25T20:13:00.897Z","sell","maker"
"10.08960000","0.49000000","2024-05-25T20:12:47.148Z","sell","maker"
"10.08630000","18.39000000","2024-05-25T20:12:22.262Z","buy","maker"
"10.08640000","31.46000000","2024-05-25T20:12:22.262Z","buy","maker"
"10.08890000","79.29000000","2024-05-25T20:11:50.389Z","buy","maker"
"10.08890000","41.25000000","2024-05-25T20:11:50.389Z","buy","maker"
"10.09010000","41.25000000","2024-05-25T20:11:50.389Z","buy","maker"
"10.09340000","41.25000000","2024-05-25T20:11:19.905Z","buy","maker"
"10.09570000","9.44000000","2024-05-25T20:11:19.881Z","sell","maker"
"10.09340000","49.50000000","2024-05-25T20:11:19.881Z","sell","maker"
"10.09330000","39.12000000","2024-05-25T20:11:19.881Z","sell","maker"
"10.09500000","9.44000000","2024-05-25T20:11:10.366Z","sell","maker"
"10.10270000","226.79000000","2024-05-25T20:10:43.512Z","buy","maker"
"10.10260000","39.59000000","2024-05-25T20:10:43.505Z","sell","maker"
"10.10250000","20.00000000","2024-05-25T20:10:43.505Z","sell","maker"
"10.10200000","79.19000000","2024-05-25T20:10:43.505Z","sell","maker"
"10.10180000","47.87000000","2024-05-25T20:10:43.505Z","sell","maker"
"10.10170000","20.00000000","2024-05-25T20:10:43.505Z","sell","maker"
"10.10110000","41.25000000","2024-05-25T20:10:43.505Z","sell","maker"
"10.10100000","24.81000000","2024-05-25T20:10:43.505Z","sell","maker"
"10.09990000","20.00000000","2024-05-25T20:10:43.505Z","sell","maker"
"10.09980000","49.50000000","2024-05-25T20:10:43.505Z","sell","maker"
"10.09990000","313.11000000","2024-05-25T20:10:41.997Z","buy","maker"
"10.10050000","28.41000000","2024-05-25T20:10:41.441Z","buy","maker"
"10.10060000","12.86000000","2024-05-25T20:10:41.441Z","buy","maker"
"10.09960000","41.25000000","2024-05-25T20:10:41.426Z","sell","maker"
"10.09950000","24.83000000","2024-05-25T20:10:41.426Z","sell","maker"
"10.09870000","7.65000000","2024-05-25T20:10:41.426Z","sell","maker"
"10.09850000","41.25000000","2024-05-25T20:10:41.426Z","sell","maker"
"10.09550000","0.81000000","2024-05-25T20:10:22.316Z","buy","maker"
"10.09230000","0.23000000","2024-05-25T20:09:58.321Z","buy","maker"
"10.09270000","0.02000000","2024-05-25T20:09:43.193Z","sell","maker"
"10.09270000","41.23000000","2024-05-25T20:09:43.193Z","sell","maker"
"10.09270000","49.50000000","2024-05-25T20:09:43.193Z","sell","maker"
"10.09190000","89.10000000","2024-05-25T20:09:43.193Z","sell","maker"
"10.09160000","31.46000000","2024-05-25T20:09:43.193Z","sell","maker"
"10.09160000","41.25000000","2024-05-25T20:09:43.193Z","sell","maker"
"10.09150000","49.50000000","2024-05-25T20:09:43.193Z","sell","maker"
"10.09050000","41.25000000","2024-05-25T20:09:43.193Z","sell","maker"
"10.08880000","39.21000000","2024-05-25T20:08:59.232Z","buy","maker"
"10.08760000","47.64000000","2024-05-25T20:08:52.932Z","buy","maker"
"10.08810000","41.25000000","2024-05-25T20:08:52.932Z","buy","maker"
"10.08870000","89.05000000","2024-05-25T20:08:52.932Z","buy","maker"
"10.08920000","41.25000000","2024-05-25T20:08:52.932Z","buy","maker"
"10.09000000","200.00000000","2024-05-25T20:08:52.932Z","buy","maker"
"10.09040000","23.64000000","2024-05-25T20:08:52.926Z","buy","maker"
"10.09240000","0.49000000","2024-05-25T20:08:48.940Z","sell","maker"
"10.09240000","46.24000000","2024-05-25T20:08:48.735Z","sell","maker"
"10.09230000","29.73000000","2024-05-25T20:08:48.735Z","sell","maker"
"10.09290000","8.74000000","2024-05-25T20:08:11.608Z","sell","maker"
"10.09280000","29.78000000","2024-05-25T20:08:11.608Z","sell","maker"
"10.09140000","79.27000000","2024-05-25T20:08:11.307Z","buy","maker"
"10.09140000","9.91000000","2024-05-25T20:08:11.307Z","buy","maker"
"10.09460000","0.39000000","2024-05-25T20:07:30.929Z","sell","maker"
"10.09740000","0.98000000","2024-05-25T20:07:22.437Z","sell","maker"
"10.09380000","1.81000000","2024-05-25T20:07:19.917Z","buy","maker"
"10.09260000","2.48000000","2024-05-25T20:07:08.726Z","buy","maker"
"10.09260000","1.89000000","2024-05-25T20:07:06.227Z","buy","maker"
"10.09300000","41.25000000","2024-05-25T20:06:35.392Z","buy","maker"
"10.09750000","27.83000000","2024-05-25T20:06:34.658Z","sell","maker"
"10.09750000","20.00000000","2024-05-25T20:06:34.658Z","sell","maker"
"10.09740000","20.00000000","2024-05-25T20:06:34.658Z","sell","maker"
"10.09610000","41.25000000","2024-05-25T20:06:34.658Z","sell","maker"
"10.09510000","49.50000000","2024-05-25T20:06:34.658Z","sell","maker"
"10.09500000","30.74000000","2024-05-25T20:06:34.658Z","sell","maker"
"10.09230000","37.86000000","2024-05-25T20:06:28.753Z","buy","maker"
"10.09150000","4.97000000","2024-05-25T20:06:20.583Z","buy","maker"
"10.09570000","2.75000000","2024-05-25T20:06:11.899Z","sell","maker"
"10.09370000","41.25000000","2024-05-25T20:06:03.196Z","buy","maker"
"10.09470000","0.74000000","2024-05-25T20:05:59.317Z","sell","maker"
"10.09600000","12.14000000","2024-05-25T20:05:43.522Z","sell","maker"
"10.09590000","29.71000000","2024-05-25T20:05:43.522Z","sell","maker"
"10.09500000","0.69000000","2024-05-25T20:05:01.109Z","sell","maker"
"10.09500000","1.96000000","2024-05-25T20:04:45.546Z","sell","maker"
"10.09260000","1.49000000","2024-05-25T20:04:38.786Z","buy","maker"
"10.09600000","0.11000000","2024-05-25T20:03:59.778Z","sell","maker"
"10.09590000","0.59000000","2024-05-25T20:03:56.977Z","sell","maker"
"10.09830000","19.99000000","2024-05-25T20:03:33.245Z","sell","maker"
"10.09530000","1.50000000","2024-05-25T20:03:23.492Z","buy","maker"
"10.09670000","89.19000000","2024-05-25T20:03:21.446Z","buy","maker"
"10.10090000","0.10000000","2024-05-25T20:03:09.914Z","sell","maker"
"10.10530000","6.89000000","2024-05-25T20:01:56.421Z","buy","maker"
"10.10660000","6.89000000","2024-05-25T20:01:53.429Z","sell","maker"
"10.10400000","50.22000000","2024-05-25T20:01:30.716Z","sell","maker"
"10.10400000","56.34000000","2024-05-25T20:01:30.714Z","sell","maker"
"10.10380000","16.37000000","2024-05-25T20:01:30.714Z","sell","maker"
"10.10380000","41.25000000","2024-05-25T20:01:30.714Z","sell","maker"
"10.10220000","65.51000000","2024-05-25T20:01:26.604Z","sell","maker"
"10.10210000","5.18000000","2024-05-25T20:01:20.219Z","sell","maker"
"10.10210000","4.92000000","2024-05-25T20:01:19.334Z","sell","maker"
"10.09960000","1.03000000","2024-05-25T20:01:18.680Z","buy","maker"
"10.09920000","0.49000000","2024-05-25T20:00:22.762Z","sell","maker"
"10.09630000","1.29000000","2024-05-25T20:00:10.321Z","buy","maker"
"10.09600000","1.29000000","2024-05-25T20:00:09.313Z","buy","maker"
"10.09570000","2.57000000","2024-05-25T20:00:08.295Z","sell","maker"
"10.09570000","8.96000000","2024-05-25T20:00:08.295Z","sell","maker"
"10.09580000","54.54000000","2024-05-25T19:59:54.869Z","buy","maker"
"10.09580000","35.12000000","2024-05-25T19:59:54.864Z","buy","maker"
"10.09650000","41.25000000","2024-05-25T19:59:54.679Z","buy","maker"
"10.09650000","0.89000000","2024-05-25T19:59:36.336Z","buy","maker"
"10.09980000","29.68000000","2024-05-25T19:59:16.187Z","sell","maker"
"10.10050000","0.01000000","2024-05-25T19:58:56.534Z","buy","maker"
"10.10100000","0.69000000","2024-05-25T19:58:55.291Z","sell","maker"
"10.10420000","11.64000000","2024-05-25T19:58:46.757Z","sell","maker"
"10.10520000","9.40000000","2024-05-25T19:58:08.648Z","sell","maker"
"10.10470000","17.32000000","2024-05-25T19:57:21.525Z","buy","maker"
"10.10490000","79.16000000","2024-05-25T19:57:06.799Z","buy","maker"
"10.10570000","1.35000000","2024-05-25T19:57:06.427Z","buy","maker"
"10.10810000","0.10000000","2024-05-25T19:56:39.897Z","sell","maker"
"10.10620000","22.87000000","2024-05-25T19:56:02.232Z","sell","maker"
"10.10620000","5.98000000","2024-05-25T19:56:02.232Z","sell","maker"
"10.10600000","1.03000000","2024-05-25T19:55:18.368Z","sell","maker"
"10.10660000","0.19000000","2024-05-25T19:55:07.103Z","sell","maker"
"10.10560000","1.74000000","2024-05-25T19:54:41.587Z","sell","maker"
"10.10550000","1.58000000","2024-05-25T19:54:41.587Z","sell","maker"
"10.10550000","1.58000000","2024-05-25T19:54:41.587Z","sell","maker"
"10.10380000","0.01000000","2024-05-25T19:54:38.407Z","buy","maker"
"10.10380000","79.16000000","2024-05-25T19:54:38.407Z","buy","maker"
"10.10390000","41.25000000","2024-05-25T19:54:38.407Z","buy","maker"
"10.10550000","14.33000000","2024-05-25T19:54:09.368Z","sell","maker"
"10.10610000","1.36000000","2024-05-25T19:52:25.386Z","sell","maker"
"10.10610000","8.14000000","2024-05-25T19:52:25.386Z","sell","maker"
"10.10450000","3.07000000","2024-05-25T19:52:01.766Z","buy","maker"
"10.10720000","2.45000000","2024-05-25T19:51:51.162Z","sell","maker"
"10.11010000","53.24000000","2024-05-25T19:51:49.667Z","sell","maker"
"10.11010000","39.35000000","2024-05-25T19:51:49.667Z","sell","maker"
"10.10960000","41.14000000","2024-05-25T19:51:49.667Z","sell","maker"
"10.10950000","41.25000000","2024-05-25T19:51:49.667Z","sell","maker"
"10.10940000","116.49000000","2024-05-25T19:51:49.667Z","sell","maker"
"10.10930000","69.95000000","2024-05-25T19:51:49.667Z","sell","maker"
"10.10830000","41.25000000","2024-05-25T19:51:49.667Z","sell","maker"
"10.10810000","24.76000000","2024-05-25T19:51:49.667Z","sell","maker"
"10.10800000","2.12000000","2024-05-25T19:51:49.667Z","sell","maker"
"10.10750000","79.14000000","2024-05-25T19:51:49.667Z","sell","maker"
"10.10740000","38.71000000","2024-05-25T19:51:49.667Z","sell","maker"
"10.10700000","41.25000000","2024-05-25T19:51:49.667Z","sell","maker"
"10.10680000","75.18000000","2024-05-25T19:51:49.667Z","sell","maker"
"10.10670000","17.20000000","2024-05-25T19:51:49.667Z","sell","maker"
"10.10670000","45.20000000","2024-05-25T19:51:49.667Z","sell","maker"
"10.10630000","41.25000000","2024-05-25T19:51:49.667Z","sell","maker"
"10.10620000","10.40000000","2024-05-25T19:51:49.667Z","sell","maker"
"10.10570000","41.25000000","2024-05-25T19:51:49.667Z","sell","maker"
"10.10560000","24.81000000","2024-05-25T19:51:49.667Z","sell","maker"
"10.10460000","41.25000000","2024-05-25T19:51:49.667Z","sell","maker"
"10.10420000","59.51000000","2024-05-25T19:51:49.667Z","sell","maker"
"10.10410000","43.17000000","2024-05-25T19:51:49.667Z","sell","maker"
"10.10400000","60.35000000","2024-05-25T19:51:49.667Z","sell","maker"
"10.10350000","41.25000000","2024-05-25T19:51:49.667Z","sell","maker"
"10.10350000","19.81000000","2024-05-25T19:51:49.667Z","sell","maker"
"10.10100000","1.08000000","2024-05-25T19:51:49.468Z","buy","maker"
"10.10050000","3.17000000","2024-05-25T19:51:34.348Z","buy","maker"
"10.10610000","30.29000000","2024-05-25T19:50:52.481Z","sell","maker"
"10.10310000","11.20000000","2024-05-25T19:50:52.448Z","sell","maker"
"10.10310000","27.87000000","2024-05-25T19:50:52.448Z","sell","maker"
"10.09930000","0.49000000","2024-05-25T19:50:21.329Z","sell","maker"
"10.09650000","1.85000000","2024-05-25T19:50:17.014Z","buy","maker"
"10.09250000","5.34000000","2024-05-25T19:49:19.319Z","sell","maker"
"10.09570000","0.39000000","2024-05-25T19:48:59.656Z","sell","maker"
"10.09640000","79.23000000","2024-05-25T19:48:36.355Z","buy","maker"
"10.09750000","0.50000000","2024-05-25T19:48:26.702Z","sell","maker"
"10.09760000","79.22000000","2024-05-25T19:48:18.131Z","buy","maker"
"10.09440000","245.99000000","2024-05-25T19:48:05.655Z","sell","maker"
"10.09440000","108.77000000","2024-05-25T19:48:05.651Z","sell","maker"
"10.09440000","24.76000000","2024-05-25T19:48:05.453Z","buy","maker"
"10.09650000","41.25000000","2024-05-25T19:48:05.453Z","buy","maker"
"10.09670000","79.23000000","2024-05-25T19:48:05.453Z","buy","maker"
"10.09570000","41.25000000","2024-05-25T19:47:48.152Z","buy","maker"
"10.09760000","0.20000000","2024-05-25T19:47:35.281Z","sell","maker"
"10.09740000","4.17000000","2024-05-25T19:47:22.973Z","sell","maker"
"10.09140000","0.79000000","2024-05-25T19:47:01.133Z","buy","maker"
"10.09960000","8.00000000","2024-05-25T19:45:26.208Z","sell","maker"
"10.09920000","47.96000000","2024-05-25T19:45:25.107Z","sell","maker"
"10.09910000","28.79000000","2024-05-25T19:45:25.107Z","sell","maker"
"10.09880000","41.25000000","2024-05-25T19:45:25.107Z","sell","maker"
"10.09870000","24.78000000","2024-05-25T19:45:25.107Z","sell","maker"
"10.09510000","0.42000000","2024-05-25T19:45:12.991Z","sell","maker"
"10.09230000","0.96000000","2024-05-25T19:45:10.282Z","buy","maker"
"10.09860000","7.09000000","2024-05-25T19:44:54.848Z","sell","maker"
"10.09850000","42.91000000","2024-05-25T19:44:54.848Z","sell","maker"
"10.09860000","79.21000000","2024-05-25T19:44:49.932Z","buy","maker"
"10.10200000","0.99000000","2024-05-25T19:44:41.321Z","sell","maker"
"10.10100000","13.00000000","2024-05-25T19:44:18.492Z","sell","maker"
"10.10090000","0.10000000","2024-05-25T19:44:09.866Z","sell","maker"
"10.09890000","0.99000000","2024-05-25T19:44:05.807Z","buy","maker"
"10.10090000","9.87000000","2024-05-25T19:44:01.871Z","sell","maker"
"10.10180000","19.23000000","2024-05-25T19:43:50.342Z","sell","maker"
"10.10090000","1.96000000","2024-05-25T19:43:39.709Z","sell","maker"
"10.09840000","0.85000000","2024-05-25T19:43:35.000Z","buy","maker"
"10.10080000","0.88000000","2024-05-25T19:43:22.103Z","sell","maker"
"10.09820000","5.85000000","2024-05-25T19:42:50.005Z","buy","maker"
"10.09970000","10.64000000","2024-05-25T19:41:40.567Z","sell","maker"
"10.09970000","7.94000000","2024-05-25T19:41:40.567Z","sell","maker"
"10.09860000","1.21000000","2024-05-25T19:41:40.567Z","sell","maker"
"10.09970000","2.08000000","2024-05-25T19:41:39.570Z","sell","maker"
"10.09860000","1.20000000","2024-05-25T19:41:39.570Z","sell","maker"
"10.09860000","9.98000000","2024-05-25T19:41:31.842Z","sell","maker"
"10.09860000","2.40000000","2024-05-25T19:41:31.842Z","sell","maker"
"10.09790000","74.29000000","2024-05-25T19:41:13.188Z","buy","maker"
"10.09970000","0.96000000","2024-05-25T19:41:08.104Z","sell","maker"
"10.09790000","4.93000000","2024-05-25T19:40:45.018Z","buy","maker"
"10.10140000","9.19000000","2024-05-25T19:39:53.138Z","buy","maker"
"10.10200000","13.61000000","2024-05-25T19:39:50.083Z","buy","maker"
"10.10200000","13.61000000","2024-05-25T19:39:50.079Z","buy","maker"
"10.10200000","13.61000000","2024-05-25T19:39:50.071Z","buy","maker"
"10.10200000","13.61000000","2024-05-25T19:39:50.064Z","buy","maker"
"10.10500000","17.99000000","2024-05-25T19:39:31.025Z","sell","maker"
"10.10480000","23.72000000","2024-05-25T19:39:30.854Z","sell","maker"
"10.10110000","19.79000000","2024-05-25T19:38:48.776Z","sell","maker"
"10.09880000","39.28000000","2024-05-25T19:38:48.629Z","sell","maker"
"10.09890000","41.25000000","2024-05-25T19:38:48.624Z","sell","maker"
"10.09550000","46.73000000","2024-05-25T19:38:48.574Z","buy","maker"
"10.09560000","59.78000000","2024-05-25T19:38:48.574Z","buy","maker"
"10.09560000","41.25000000","2024-05-25T19:38:48.574Z","buy","maker"
"10.09580000","32.69000000","2024-05-25T19:38:48.574Z","buy","maker"
"10.09580000","24.83000000","2024-05-25T19:38:48.574Z","buy","maker"
"10.09690000","79.23000000","2024-05-25T19:38:48.574Z","buy","maker"
"10.09700000","47.63000000","2024-05-25T19:38:48.574Z","buy","maker"
"10.09780000","41.25000000","2024-05-25T19:38:48.574Z","buy","maker"
"10.09790000","53.30000000","2024-05-25T19:38:48.574Z","buy","maker"
"10.09800000","79.20000000","2024-05-25T19:38:48.574Z","buy","maker"
"10.09800000","24.75000000","2024-05-25T19:38:48.574Z","buy","maker"
"10.09810000","77.24000000","2024-05-25T19:38:48.574Z","buy","maker"
"10.09810000","47.58000000","2024-05-25T19:38:48.574Z","buy","maker"
"10.09820000","75.24000000","2024-05-25T19:38:48.574Z","buy","maker"
"10.09900000","41.25000000","2024-05-25T19:38:48.574Z","buy","maker"
"10.09910000","26.86000000","2024-05-25T19:38:48.574Z","buy","maker"
"10.10020000","41.25000000","2024-05-25T19:38:48.574Z","buy","maker"
"10.10130000","41.25000000","2024-05-25T19:38:48.574Z","buy","maker"
"10.10130000","79.19000000","2024-05-25T19:38:48.574Z","buy","maker"
"10.10140000","28.96000000","2024-05-25T19:38:48.574Z","buy","maker"
"10.10110000","4.95000000","2024-05-25T19:38:33.207Z","buy","maker"
"10.10220000","41.25000000","2024-05-25T19:38:11.586Z","buy","maker"
"10.10380000","79.17000000","2024-05-25T19:38:11.575Z","buy","maker"
"10.10480000","17.58000000","2024-05-25T19:37:59.303Z","sell","maker"
"10.09980000","3.86000000","2024-05-25T19:37:50.360Z","buy","maker"
"10.09990000","56.81000000","2024-05-25T19:37:50.360Z","buy","maker"
"10.10190000","41.25000000","2024-05-25T19:37:33.117Z","buy","maker"
"10.10570000","79.16000000","2024-05-25T19:37:28.516Z","buy","maker"
"10.10570000","41.25000000","2024-05-25T19:37:28.516Z","buy","maker"
"10.10840000","36.89000000","2024-05-25T19:37:18.497Z","sell","maker"
"10.10900000","28.05000000","2024-05-25T19:37:16.581Z","sell","maker"
"10.10900000","6.33000000","2024-05-25T19:37:16.581Z","sell","maker"
"10.10690000","15.62000000","2024-05-25T19:37:16.581Z","sell","maker"
"10.10840000","4.90000000","2024-05-25T19:36:46.047Z","sell","maker"
"10.10860000","0.04000000","2024-05-25T19:36:42.963Z","sell","maker"
"10.10950000","6.27000000","2024-05-25T19:36:34.571Z","buy","maker"
"10.10970000","3.16000000","2024-05-25T19:36:34.565Z","buy","maker"
"10.10970000","3.11000000","2024-05-25T19:36:34.565Z","buy","maker"
"10.10950000","34.98000000","2024-05-25T19:36:34.559Z","buy","maker"
"10.10960000","6.22000000","2024-05-25T19:36:34.559Z","buy","maker"
"10.11360000","3.01000000","2024-05-25T19:36:34.540Z","sell","maker"
"10.11360000","79.10000000","2024-05-25T19:36:34.540Z","sell","maker"
"10.11350000","117.39000000","2024-05-25T19:36:34.540Z","sell","maker"
"10.11340000","53.30000000","2024-05-25T19:36:34.540Z","sell","maker"
"10.11330000","32.07000000","2024-05-25T19:36:34.540Z","sell","maker"
"10.11300000","41.25000000","2024-05-25T19:36:34.540Z","sell","maker"
"10.11290000","24.75000000","2024-05-25T19:36:34.540Z","sell","maker"
"10.11280000","8.95000000","2024-05-25T19:36:34.540Z","sell","maker"
"10.11280000","20.00000000","2024-05-25T19:36:34.540Z","sell","maker"
"10.11190000","17.76000000","2024-05-25T19:36:34.540Z","sell","maker"
"10.11190000","41.25000000","2024-05-25T19:36:34.540Z","sell","maker"
"10.11000000","41.25000000","2024-05-25T19:36:34.540Z","sell","maker"
"10.10990000","53.30000000","2024-05-25T19:36:34.540Z","sell","maker"
"10.10980000","56.79000000","2024-05-25T19:36:34.540Z","sell","maker"
"10.10860000","6.50000000","2024-05-25T19:36:34.540Z","sell","maker"
"10.10860000","17.59000000","2024-05-25T19:36:34.540Z","sell","maker"
"10.10870000","79.13000000","2024-05-25T19:36:29.350Z","buy","maker"
"10.11060000","4.97000000","2024-05-25T19:36:17.400Z","sell","maker"
"10.11060000","5.44000000","2024-05-25T19:36:17.400Z","sell","maker"
"10.10920000","1.32000000","2024-05-25T19:36:11.432Z","sell","maker"
"10.10810000","7.92000000","2024-05-25T19:35:55.880Z","sell","maker"
"10.10810000","19.14000000","2024-05-25T19:35:48.061Z","sell","maker"
"10.10810000","0.15000000","2024-05-25T19:35:48.061Z","sell","maker"
"10.10810000","9.43000000","2024-05-25T19:35:45.288Z","sell","maker"
"10.10590000","29.85000000","2024-05-25T19:35:35.979Z","sell","maker"
"10.10630000","0.02000000","2024-05-25T19:35:35.964Z","sell","maker"
"10.10630000","7.67000000","2024-05-25T19:35:35.964Z","sell","maker"
"10.10610000","70.51000000","2024-05-25T19:35:35.964Z","sell","maker"
"10.10590000","41.25000000","2024-05-25T19:35:35.964Z","sell","maker"
"10.10790000","26.79000000","2024-05-25T19:35:20.483Z","sell","maker"
"10.10790000","7.95000000","2024-05-25T19:35:20.483Z","sell","maker"
"10.10790000","23.67000000","2024-05-25T19:35:20.472Z","sell","maker"
"10.10790000","3.12000000","2024-05-25T19:35:20.472Z","sell","maker"
"10.10790000","16.37000000","2024-05-25T19:35:19.582Z","sell","maker"
"10.10790000","10.56000000","2024-05-25T19:35:19.582Z","sell","maker"
"10.10510000","31.94000000","2024-05-25T19:35:13.956Z","sell","maker"
"10.10510000","23.95000000","2024-05-25T19:35:13.956Z","sell","maker"
"10.10510000","99.51000000","2024-05-25T19:35:13.788Z","sell","maker"
"10.10510000","26.78000000","2024-05-25T19:35:13.786Z","sell","maker"
"10.10510000","191.61000000","2024-05-25T19:35:13.785Z","sell","maker"
"10.10510000","105.78000000","2024-05-25T19:35:12.241Z","sell","maker"
"10.10190000","0.49000000","2024-05-25T19:34:12.997Z","sell","maker"
"10.10320000","0.11000000","2024-05-25T19:33:49.425Z","sell","maker"
"10.10240000","0.85000000","2024-05-25T19:33:23.077Z","buy","maker"
"10.10220000","0.10000000","2024-05-25T19:33:07.366Z","sell","maker"
"10.09750000","1.93000000","2024-05-25T19:33:05.183Z","buy","maker"
"10.09660000","1.92000000","2024-05-25T19:33:04.984Z","sell","maker"
"10.09660000","2.87000000","2024-05-25T19:33:04.984Z","sell","maker"
"10.09350000","31.87000000","2024-05-25T19:32:21.232Z","buy","maker"
"10.09660000","2.31000000","2024-05-25T19:32:09.367Z","sell","maker"
"10.09630000","24.52000000","2024-05-25T19:31:47.449Z","sell","maker"
"10.09450000","60.99000000","2024-05-25T19:31:28.979Z","buy","maker"
"10.09660000","34.35000000","2024-05-25T19:31:24.307Z","sell","maker"
"10.09660000","0.97000000","2024-05-25T19:31:20.259Z","sell","maker"
"10.09880000","3.89000000","2024-05-25T19:30:53.377Z","buy","maker"
"10.09880000","365.59000000","2024-05-25T19:30:53.356Z","buy","maker"
"10.09880000","92.45000000","2024-05-25T19:30:53.270Z","buy","maker"
"10.09880000","0.05000000","2024-05-25T19:30:16.639Z","buy","maker"
"10.10050000","6.98000000","2024-05-25T19:29:30.539Z","buy","maker"
"10.10060000","24.79000000","2024-05-25T19:29:30.539Z","buy","maker"
"10.10090000","0.02000000","2024-05-25T19:28:57.518Z","buy","maker"
"10.10320000","35.73000000","2024-05-25T19:28:15.811Z","sell","maker"
"10.10240000","41.25000000","2024-05-25T19:28:15.811Z","sell","maker"
"10.10230000","22.85000000","2024-05-25T19:28:15.811Z","sell","maker"
"10.10220000","0.16000000","2024-05-25T19:28:15.811Z","sell","maker"
"10.10300000","92.45000000","2024-05-25T19:28:10.736Z","sell","maker"
"10.10290000","27.03000000","2024-05-25T19:28:02.689Z","sell","maker"
"10.10280000","71.51000000","2024-05-25T19:28:02.689Z","sell","maker"
"10.09970000","14.38000000","2024-05-25T19:27:49.820Z","buy","maker"
"10.10290000","0.64000000","2024-05-25T19:27:41.651Z","sell","maker"
"10.10100000","1.00000000","2024-05-25T19:27:20.789Z","sell","maker"
"10.10050000","2.30000000","2024-05-25T19:27:12.289Z","sell","maker"
"10.09890000","33.56000000","2024-05-25T19:27:06.621Z","buy","maker"
"10.10040000","0.98000000","2024-05-25T19:27:02.423Z","sell","maker"
"10.10290000","19.79000000","2024-05-25T19:26:27.227Z","sell","maker"
"10.10160000","0.06000000","2024-05-25T19:26:22.699Z","sell","maker"
"10.09880000","5.00000000","2024-05-25T19:25:57.150Z","buy","maker"
"10.09660000","0.02000000","2024-05-25T19:24:45.790Z","buy","maker"
"10.09660000","41.23000000","2024-05-25T19:24:45.790Z","buy","maker"
"10.09770000","41.25000000","2024-05-25T19:24:45.790Z","buy","maker"
"10.09800000","79.22000000","2024-05-25T19:24:45.790Z","buy","maker"
"10.09880000","41.25000000","2024-05-25T19:24:45.790Z","buy","maker"
"10.09910000","0.02000000","2024-05-25T19:24:40.450Z","sell","maker"
"10.09910000","41.23000000","2024-05-25T19:24:40.450Z","sell","maker"
"10.09880000","71.51000000","2024-05-25T19:24:40.450Z","sell","maker"
"10.09870000","65.82000000","2024-05-25T19:24:40.450Z","sell","maker"
"10.09860000","0.17000000","2024-05-25T19:24:40.450Z","sell","maker"
"10.09860000","0.16000000","2024-05-25T19:24:40.450Z","sell","maker"
"10.09630000","37.29000000","2024-05-25T19:24:32.997Z","buy","maker"
"10.09760000","41.25000000","2024-05-25T19:24:32.952Z","buy","maker"
"10.09770000","41.25000000","2024-05-25T19:24:32.952Z","buy","maker"
"10.10000000","24.03000000","2024-05-25T19:24:32.928Z","buy","maker"
"10.10030000","79.20000000","2024-05-25T19:24:32.924Z","buy","maker"
"10.10340000","34.30000000","2024-05-25T19:24:14.147Z","buy","maker"
"10.10410000","41.25000000","2024-05-25T19:24:14.147Z","buy","maker"
"10.10590000","6.35000000","2024-05-25T19:24:14.147Z","buy","maker"
"10.10860000","1.08000000","2024-05-25T19:24:10.401Z","buy","maker"
"10.10860000","0.88000000","2024-05-25T19:23:45.138Z","buy","maker"
"10.10900000","18.49000000","2024-05-25T19:23:38.322Z","sell","maker"
"10.10770000","1.81000000","2024-05-25T19:23:24.082Z","buy","maker"
"10.10640000","36.30000000","2024-05-25T19:22:53.139Z","sell","maker"
"10.10620000","7.70000000","2024-05-25T19:22:53.139Z","sell","maker"
"10.10620000","71.51000000","2024-05-25T19:22:53.139Z","sell","maker"
"10.10750000","0.09000000","2024-05-25T19:21:58.351Z","buy","maker"
"10.11180000","19.47000000","2024-05-25T19:21:34.861Z","sell","maker"
"10.10850000","6.82000000","2024-05-25T19:21:34.607Z","sell","maker"
"10.10850000","19.71000000","2024-05-25T19:21:34.607Z","sell","maker"
"10.10850000","41.25000000","2024-05-25T19:21:34.607Z","sell","maker"
"10.10900000","41.25000000","2024-05-25T19:21:28.148Z","buy","maker"
"10.11460000","31.83000000","2024-05-25T19:21:14.757Z","sell","maker"
"10.11350000","41.25000000","2024-05-25T19:21:14.757Z","sell","maker"
"10.11080000","8.80000000","2024-05-25T19:21:14.757Z","sell","maker"
"10.11080000","4.35000000","2024-05-25T19:21:14.757Z","sell","maker"
"10.11080000","11.52000000","2024-05-25T19:21:14.757Z","sell","maker"
"10.11120000","9.85000000","2024-05-25T19:20:50.046Z","sell","maker"
"10.11360000","19.76000000","2024-05-25T19:20:48.494Z","sell","maker"
"10.11300000","92.62000000","2024-05-25T19:20:48.296Z","buy","maker"
"10.11600000","44.96000000","2024-05-25T19:20:47.514Z","buy","maker"
"10.11660000","79.07000000","2024-05-25T19:20:43.183Z","buy","maker"
"10.12160000","50.00000000","2024-05-25T19:19:49.162Z","sell","maker"
"10.12020000","41.25000000","2024-05-25T19:19:48.712Z","buy","maker"
"10.12050000","68.00000000","2024-05-25T19:19:48.711Z","buy","maker"
"10.12310000","41.25000000","2024-05-25T19:19:47.716Z","buy","maker"
"10.12420000","68.00000000","2024-05-25T19:19:47.716Z","buy","maker"
"10.12600000","0.01000000","2024-05-25T19:19:47.708Z","buy","maker"
"10.12600000","78.99000000","2024-05-25T19:19:47.708Z","buy","maker"
"10.12600000","41.25000000","2024-05-25T19:19:47.708Z","buy","maker"
"10.12650000","68.00000000","2024-05-25T19:19:47.708Z","buy","maker"
"10.12720000","41.25000000","2024-05-25T19:19:47.708Z","buy","maker"
"10.12810000","0.98000000","2024-05-25T19:19:47.023Z","sell","maker"
"10.12920000","26.76000000","2024-05-25T19:19:41.359Z","sell","maker"
"10.12850000","2.81000000","2024-05-25T19:19:41.359Z","sell","maker"
"10.12810000","14.63000000","2024-05-25T19:19:41.359Z","sell","maker"
"10.12810000","5.80000000","2024-05-25T19:19:41.359Z","sell","maker"
"10.12500000","0.54000000","2024-05-25T19:19:19.041Z","sell","maker"
"10.12500000","14.75000000","2024-05-25T19:19:19.033Z","sell","maker"
"10.12500000","4.99000000","2024-05-25T19:19:19.033Z","sell","maker"
"10.12430000","0.46000000","2024-05-25T19:19:00.789Z","buy","maker"
"10.12430000","0.20000000","2024-05-25T19:19:00.786Z","buy","maker"
"10.12420000","16.37000000","2024-05-25T19:18:58.546Z","sell","maker"
"10.12420000","5.21000000","2024-05-25T19:18:54.314Z","sell","maker"
"10.12160000","26.47000000","2024-05-25T19:18:45.505Z","buy","maker"
"10.12360000","1.96000000","2024-05-25T19:18:44.834Z","sell","maker"
"10.12360000","0.29000000","2024-05-25T19:18:42.639Z","sell","maker"
"10.12620000","4.90000000","2024-05-25T19:17:58.867Z","sell","maker"
"10.12290000","8.35000000","2024-05-25T19:17:47.271Z","buy","maker"
"10.12650000","0.97000000","2024-05-25T19:17:31.903Z","sell","maker"
"10.13090000","18.41000000","2024-05-25T19:17:24.676Z","sell","maker"
"10.13080000","92.35000000","2024-05-25T19:17:24.676Z","sell","maker"
"10.13060000","70.16000000","2024-05-25T19:17:24.676Z","sell","maker"
"10.13040000","7.93000000","2024-05-25T19:17:24.676Z","sell","maker"
"10.13040000","72.63000000","2024-05-25T19:17:24.676Z","sell","maker"
"10.13030000","43.60000000","2024-05-25T19:17:24.676Z","sell","maker"
"10.12980000","41.25000000","2024-05-25T19:17:24.676Z","sell","maker"
"10.12970000","24.81000000","2024-05-25T19:17:24.676Z","sell","maker"
"10.12940000","31.78000000","2024-05-25T19:17:24.676Z","sell","maker"
"10.12940000","9.03000000","2024-05-25T19:17:24.676Z","sell","maker"
"10.12920000","24.53000000","2024-05-25T19:17:24.676Z","sell","maker"
"10.12870000","41.25000000","2024-05-25T19:17:24.676Z","sell","maker"
"10.12860000","68.00000000","2024-05-25T19:17:24.676Z","sell","maker"
"10.12850000","24.76000000","2024-05-25T19:17:24.676Z","sell","maker"
"10.12760000","41.25000000","2024-05-25T19:17:24.676Z","sell","maker"
"10.12750000","24.78000000","2024-05-25T19:17:24.676Z","sell","maker"
"10.12630000","10.30000000","2024-05-25T19:17:24.676Z","sell","maker"
"10.12630000","7.34000000","2024-05-25T19:17:24.676Z","sell","maker"
"10.12630000","17.54000000","2024-05-25T19:17:13.881Z","sell","maker"
"10.12630000","30.44000000","2024-05-25T19:17:13.881Z","sell","maker"
"10.12490000","33.32000000","2024-05-25T19:16:59.567Z","sell","maker"
"10.12490000","17.93000000","2024-05-25T19:16:59.561Z","sell","maker"
"10.12480000","23.51000000","2024-05-25T19:16:59.561Z","sell","maker"
"10.12480000","9.81000000","2024-05-25T19:16:59.561Z","sell","maker"
"10.12180000","22.28000000","2024-05-25T19:16:46.861Z","sell","maker"
"10.12180000","11.21000000","2024-05-25T19:16:46.861Z","sell","maker"
"10.12420000","79.01000000","2024-05-25T19:16:04.612Z","buy","maker"
"10.12650000","2.24000000","2024-05-25T19:15:24.921Z","sell","maker"
"10.12650000","6.76000000","2024-05-25T19:15:24.921Z","sell","maker"
"10.12410000","18.42000000","2024-05-25T19:15:15.503Z","sell","maker"
"10.12310000","4.56000000","2024-05-25T19:15:15.468Z","sell","maker"
"10.12410000","6.89000000","2024-05-25T19:15:15.355Z","sell","maker"
"10.12310000","12.86000000","2024-05-25T19:15:15.355Z","sell","maker"
"10.12120000","3.84000000","2024-05-25T19:15:10.684Z","sell","maker"
"10.12120000","11.11000000","2024-05-25T19:15:10.684Z","sell","maker"
"10.12120000","3.84000000","2024-05-25T19:15:10.517Z","sell","maker"
"10.12120000","11.11000000","2024-05-25T19:15:10.517Z","sell","maker"
"10.11920000","3.41000000","2024-05-25T19:15:02.444Z","sell","maker"
"10.11920000","10.30000000","2024-05-25T19:15:02.444Z","sell","maker"
"10.11900000","19.75000000","2024-05-25T19:15:02.273Z","sell","maker"
"10.11920000","10.30000000","2024-05-25T19:15:01.793Z","sell","maker"
"10.11920000","3.41000000","2024-05-25T19:15:01.793Z","sell","maker"
"10.12000000","11.03000000","2024-05-25T19:14:44.058Z","sell","maker"
"10.11970000","7.06000000","2024-05-25T19:14:44.058Z","sell","maker"
"10.11950000","12.03000000","2024-05-25T19:14:44.058Z","sell","maker"
"10.11750000","7.08000000","2024-05-25T19:14:12.194Z","sell","maker"
"10.11750000","11.59000000","2024-05-25T19:14:12.194Z","sell","maker"
"10.12010000","3.47000000","2024-05-25T19:14:02.814Z","buy","maker"
"10.12010000","61.70000000","2024-05-25T19:14:02.813Z","buy","maker"
"10.12010000","3.47000000","2024-05-25T19:14:02.810Z","buy","maker"
"10.12010000","3.47000000","2024-05-25T19:14:02.807Z","buy","maker"
"10.12010000","3.47000000","2024-05-25T19:14:02.804Z","buy","maker"
"10.11860000","49.59000000","2024-05-25T19:13:55.579Z","sell","maker"
"10.11860000","42.76000000","2024-05-25T19:13:55.546Z","sell","maker"
"10.11800000","5.69000000","2024-05-25T19:13:55.537Z","sell","maker"
"10.11800000","15.44000000","2024-05-25T19:13:55.537Z","sell","maker"
"10.11710000","0.98000000","2024-05-25T19:13:42.683Z","sell","maker"
"10.11710000","0.88000000","2024-05-25T19:13:37.952Z","sell","maker"
"10.11810000","12.84000000","2024-05-25T19:13:37.673Z","sell","maker"
"10.11760000","25.94000000","2024-05-25T19:13:37.673Z","sell","maker"
"10.11710000","5.07000000","2024-05-25T19:13:37.673Z","sell","maker"
"10.11660000","9.35000000","2024-05-25T19:13:16.973Z","sell","maker"
"10.11660000","22.58000000","2024-05-25T19:13:16.969Z","sell","maker"
"10.11660000","9.35000000","2024-05-25T19:13:16.800Z","sell","maker"
"10.11660000","22.58000000","2024-05-25T19:13:16.800Z","sell","maker"
"10.11560000","1.22000000","2024-05-25T19:13:16.359Z","buy","maker"
"10.11430000","4.48000000","2024-05-25T19:12:17.969Z","sell","maker"
"10.11430000","8.43000000","2024-05-25T19:12:17.969Z","sell","maker"
"10.11430000","77.88000000","2024-05-25T19:12:17.969Z","sell","maker"
"10.11430000","108.98000000","2024-05-25T19:12:17.963Z","sell","maker"
"10.11540000","4.18000000","2024-05-25T19:11:52.181Z","sell","maker"
"10.11510000","16.37000000","2024-05-25T19:11:52.181Z","sell","maker"
"10.11500000","3.95000000","2024-05-25T19:11:52.181Z","sell","maker"
"10.11480000","12.45000000","2024-05-25T19:11:14.396Z","sell","maker"
"10.11390000","7.31000000","2024-05-25T19:11:14.396Z","sell","maker"
"10.11280000","12.91000000","2024-05-25T19:11:14.073Z","sell","maker"
"10.11370000","12.95000000","2024-05-25T19:11:13.848Z","sell","maker"
"10.11280000","6.81000000","2024-05-25T19:11:13.848Z","sell","maker"
"10.11260000","19.95000000","2024-05-25T19:11:13.337Z","sell","maker"
"10.11550000","147.43000000","2024-05-25T19:11:03.388Z","buy","maker"
"10.11550000","50.00000000","2024-05-25T19:11:01.516Z","buy","maker"
"10.11670000","0.88000000","2024-05-25T19:10:58.398Z","sell","maker"
"10.11720000","4.25000000","2024-05-25T19:10:39.810Z","sell","maker"
"10.11720000","24.75000000","2024-05-25T19:10:39.810Z","sell","maker"
"10.11430000","5.15000000","2024-05-25T19:10:39.804Z","sell","maker"
"10.11410000","10.58000000","2024-05-25T19:10:39.804Z","sell","maker"
"10.11430000","18.49000000","2024-05-25T19:10:39.740Z","sell","maker"
"10.11410000","3.99000000","2024-05-25T19:10:39.740Z","sell","maker"
"10.11300000","15.70000000","2024-05-25T19:10:39.029Z","sell","maker"
"10.11300000","14.43000000","2024-05-25T19:10:38.756Z","sell","maker"
"10.11430000","0.86000000","2024-05-25T19:10:31.935Z","sell","maker"
"10.11410000","5.60000000","2024-05-25T19:10:31.935Z","sell","maker"
"10.11300000","13.30000000","2024-05-25T19:10:31.935Z","sell","maker"
"10.11410000","2.81000000","2024-05-25T19:10:31.099Z","sell","maker"
"10.11300000","16.96000000","2024-05-25T19:10:31.099Z","sell","maker"
"10.11430000","0.74000000","2024-05-25T19:10:29.258Z","sell","maker"
"10.11410000","13.97000000","2024-05-25T19:10:29.258Z","sell","maker"
"10.11300000","5.06000000","2024-05-25T19:10:29.258Z","sell","maker"
"10.11300000","1.96000000","2024-05-25T19:10:27.824Z","sell","maker"
"10.11300000","10.63000000","2024-05-25T19:10:19.969Z","sell","maker"
"10.11300000","12.48000000","2024-05-25T19:10:19.969Z","sell","maker"
"10.11300000","7.83000000","2024-05-25T19:10:19.969Z","sell","maker"
"10.11160000","12.59000000","2024-05-25T19:10:10.388Z","sell","maker"
"10.11140000","7.18000000","2024-05-25T19:10:10.388Z","sell","maker"
"10.11090000","20.28000000","2024-05-25T19:10:10.253Z","sell","maker"
"10.10910000","21.72000000","2024-05-25T19:10:05.371Z","sell","maker"
"10.10800000","59.36000000","2024-05-25T19:09:49.822Z","buy","maker"
"10.10850000","16.22000000","2024-05-25T19:09:44.639Z","sell","maker"
"10.10850000","3.46000000","2024-05-25T19:09:42.197Z","sell","maker"
"10.10850000","16.32000000","2024-05-25T19:09:42.197Z","sell","maker"
"10.10720000","55.07000000","2024-05-25T19:09:42.037Z","sell","maker"
"10.10720000","46.79000000","2024-05-25T19:09:42.028Z","sell","maker"
"10.10840000","79.14000000","2024-05-25T19:09:42.023Z","buy","maker"
"10.10850000","21.54000000","2024-05-25T19:09:39.906Z","buy","maker"
"10.11040000","0.20000000","2024-05-25T19:09:28.892Z","sell","maker"
"10.11030000","2.81000000","2024-05-25T19:09:26.635Z","buy","maker"
"10.11270000","79.10000000","2024-05-25T19:09:23.482Z","buy","maker"
"10.11110000","20.73000000","2024-05-25T19:09:19.723Z","sell","maker"
"10.11110000","8.31000000","2024-05-25T19:09:19.562Z","sell","maker"
"10.11030000","10.89000000","2024-05-25T19:09:19.560Z","sell","maker"
"10.10980000","11.63000000","2024-05-25T19:09:19.485Z","sell","maker"
"10.11090000","14.60000000","2024-05-25T19:09:18.622Z","sell","maker"
"10.11080000","24.78000000","2024-05-25T19:09:18.622Z","sell","maker"
"10.11030000","20.05000000","2024-05-25T19:09:18.622Z","sell","maker"
"10.10980000","3.88000000","2024-05-25T19:09:18.622Z","sell","maker"
"10.10870000","8.87000000","2024-05-25T19:09:18.344Z","sell","maker"
"10.10780000","10.81000000","2024-05-25T19:09:18.340Z","sell","maker"
"10.10870000","24.76000000","2024-05-25T19:09:18.189Z","sell","maker"
"10.10780000","4.39000000","2024-05-25T19:09:18.180Z","sell","maker"
"10.10670000","11.69000000","2024-05-25T19:09:18.180Z","sell","maker"
"10.10840000","12.55000000","2024-05-25T19:09:08.064Z","sell","maker"
"10.10790000","7.23000000","2024-05-25T19:09:08.064Z","sell","maker"
"10.10690000","20.54000000","2024-05-25T19:09:07.730Z","sell","maker"
"10.10860000","5.02000000","2024-05-25T19:09:07.109Z","sell","maker"
"10.10690000","9.66000000","2024-05-25T19:09:04.039Z","sell","maker"
"10.10610000","15.51000000","2024-05-25T19:09:01.031Z","sell","maker"
"10.10660000","11.78000000","2024-05-25T19:08:59.966Z","sell","maker"
"10.10610000","8.00000000","2024-05-25T19:08:59.966Z","sell","maker"
"10.10180000","49.47000000","2024-05-25T19:08:33.834Z","buy","maker"
"10.10640000","1.20000000","2024-05-25T19:08:29.517Z","sell","maker"
"10.10540000","2.47000000","2024-05-25T19:08:27.594Z","buy","maker"
"10.10540000","2.47000000","2024-05-25T19:08:27.592Z","buy","maker"
"10.10540000","2.47000000","2024-05-25T19:08:27.587Z","buy","maker"
"10.10540000","2.47000000","2024-05-25T19:08:27.407Z","buy","maker"
"10.10540000","2.47000000","2024-05-25T19:08:27.404Z","buy","maker"
"10.10540000","2.47000000","2024-05-25T19:08:27.396Z","buy","maker"
"10.10540000","2.47000000","2024-05-25T19:08:27.390Z","buy","maker"
"10.10690000","99.68000000","2024-05-25T19:08:27.380Z","buy","maker"
"10.10690000","2.47000000","2024-05-25T19:08:27.147Z","buy","maker"
"10.10690000","2.47000000","2024-05-25T19:08:26.514Z","buy","maker"
"10.10690000","2.47000000","2024-05-25T19:08:26.383Z","buy","maker"
"10.10690000","2.47000000","2024-05-25T19:08:26.187Z","buy","maker"
"10.10690000","2.47000000","2024-05-25T19:08:26.185Z","buy","maker"
"10.10690000","2.47000000","2024-05-25T19:08:26.182Z","buy","maker"
"10.10690000","2.47000000","2024-05-25T19:08:26.159Z","buy","maker"
"10.10690000","2.47000000","2024-05-25T19:08:26.154Z","buy","maker"
"10.10690000","2.47000000","2024-05-25T19:08:26.144Z","buy","maker"
"10.10690000","2.47000000","2024-05-25T19:08:26.135Z","buy","maker"
"10.10690000","2.47000000","2024-05-25T19:08:26.132Z","buy","maker"
"10.10690000","2.47000000","2024-05-25T19:08:26.129Z","buy","maker"
"10.10690000","2.47000000","2024-05-25T19:08:26.127Z","buy","maker"
"10.10690000","2.47000000","2024-05-25T19:08:26.124Z","buy","maker"
"10.10690000","2.47000000","2024-05-25T19:08:26.119Z","buy","maker"
"10.10690000","2.47000000","2024-05-25T19:08:26.116Z","buy","maker"
"10.10690000","2.47000000","2024-05-25T19:08:25.981Z","buy","maker"
"10.10690000","2.47000000","2024-05-25T19:08:25.978Z","buy","maker"
"10.10690000","28.38000000","2024-05-25T19:08:10.668Z","buy","maker"
"10.10870000","8.11000000","2024-05-25T19:08:07.538Z","sell","maker"
"10.10700000","5.93000000","2024-05-25T19:08:07.538Z","sell","maker"
"10.10700000","5.74000000","2024-05-25T19:08:07.538Z","sell","maker"
"10.10700000","13.85000000","2024-05-25T19:08:07.365Z","sell","maker"
"10.10700000","5.93000000","2024-05-25T19:08:07.365Z","sell","maker"
"10.11130000","12.50000000","2024-05-25T19:07:54.963Z","sell","maker"
"10.11040000","41.25000000","2024-05-25T19:07:54.963Z","sell","maker"
"10.10820000","26.38000000","2024-05-25T19:07:54.963Z","sell","maker"
"10.10820000","9.67000000","2024-05-25T19:07:54.781Z","sell","maker"
"10.10770000","18.71000000","2024-05-25T19:07:54.781Z","sell","maker"
"10.10650000","9.64000000","2024-05-25T19:07:46.640Z","sell","maker"
"10.10640000","9.48000000","2024-05-25T19:07:46.640Z","sell","maker"
"10.10630000","0.16000000","2024-05-25T19:07:46.640Z","sell","maker"
"10.10630000","0.49000000","2024-05-25T19:07:46.640Z","sell","maker"
"10.10590000","19.77000000","2024-05-25T19:07:46.463Z","sell","maker"
"10.10590000","19.72000000","2024-05-25T19:07:46.292Z","sell","maker"
"10.10400000","0.05000000","2024-05-25T19:07:46.292Z","sell","maker"
"10.10400000","19.80000000","2024-05-25T19:07:46.292Z","sell","maker"
"10.10480000","19.77000000","2024-05-25T19:07:46.120Z","sell","maker"
"10.10480000","19.77000000","2024-05-25T19:07:45.950Z","sell","maker"
"10.10480000","19.77000000","2024-05-25T19:07:45.778Z","sell","maker"
"10.10560000","0.61000000","2024-05-25T19:07:45.605Z","sell","maker"
"10.10000000","60.55000000","2024-05-25T19:07:45.493Z","buy","maker"
"10.10140000","41.25000000","2024-05-25T19:07:45.493Z","buy","maker"
"10.10150000","24.80000000","2024-05-25T19:07:45.493Z","buy","maker"
"10.10180000","92.44000000","2024-05-25T19:07:45.493Z","buy","maker"
"10.10250000","79.18000000","2024-05-25T19:07:45.493Z","buy","maker"
"10.10250000","41.25000000","2024-05-25T19:07:45.493Z","buy","maker"
"10.10270000","44.38000000","2024-05-25T19:07:45.493Z","buy","maker"
"10.10270000","24.79000000","2024-05-25T19:07:45.493Z","buy","maker"
"10.10330000","82.78000000","2024-05-25T19:07:45.493Z","buy","maker"
"10.10340000","49.76000000","2024-05-25T19:07:45.493Z","buy","maker"
"10.10370000","74.23000000","2024-05-25T19:07:45.493Z","buy","maker"
"10.10380000","41.25000000","2024-05-25T19:07:45.493Z","buy","maker"
"10.10390000","44.54000000","2024-05-25T19:07:45.493Z","buy","maker"
"10.10430000","58.25000000","2024-05-25T19:07:45.493Z","buy","maker"
"10.10440000","34.99000000","2024-05-25T19:07:45.493Z","buy","maker"
"10.10460000","79.17000000","2024-05-25T19:07:45.493Z","buy","maker"
"10.10520000","51.59000000","2024-05-25T19:07:45.493Z","buy","maker"
"10.10520000","41.25000000","2024-05-25T19:07:45.493Z","buy","maker"
"10.10520000","4.92000000","2024-05-25T19:07:45.493Z","buy","maker"
"10.10530000","92.08000000","2024-05-25T19:07:45.493Z","buy","maker"
"10.10540000","55.34000000","2024-05-25T19:07:45.493Z","buy","maker"
"10.10630000","41.25000000","2024-05-25T19:07:45.493Z","buy","maker"
"10.10650000","24.76000000","2024-05-25T19:07:45.493Z","buy","maker"
"10.10660000","79.13000000","2024-05-25T19:07:45.493Z","buy","maker"
"10.10670000","47.52000000","2024-05-25T19:07:45.493Z","buy","maker"
"10.10740000","41.25000000","2024-05-25T19:07:45.493Z","buy","maker"
"10.10880000","20.22000000","2024-05-25T19:07:45.493Z","buy","maker"
"10.10920000","79.13000000","2024-05-25T19:07:45.493Z","buy","maker"
"10.10950000","4.92000000","2024-05-25T19:07:45.493Z","buy","maker"
"10.11300000","76.50000000","2024-05-25T19:07:33.177Z","buy","maker"
"10.11370000","16.37000000","2024-05-25T19:07:27.832Z","sell","maker"
"10.11280000","0.88000000","2024-05-25T19:07:18.764Z","buy","maker"
"10.11290000","1.65000000","2024-05-25T19:07:02.846Z","sell","maker"
"10.11290000","19.77000000","2024-05-25T19:07:02.797Z","sell","maker"
"10.10970000","11.07000000","2024-05-25T19:07:02.597Z","sell","maker"
"10.10970000","32.69000000","2024-05-25T19:07:02.597Z","sell","maker"
"10.11250000","22.12000000","2024-05-25T19:06:35.019Z","buy","maker"
"10.11250000","28.57000000","2024-05-25T19:06:35.015Z","buy","maker"
"10.11160000","15.46000000","2024-05-25T19:06:35.007Z","sell","maker"
"10.11150000","13.22000000","2024-05-25T19:06:35.007Z","sell","maker"
"10.11150000","4.63000000","2024-05-25T19:06:35.007Z","sell","maker"
"10.11090000","1.40000000","2024-05-25T19:06:32.915Z","buy","maker"
"10.11070000","18.79000000","2024-05-25T19:06:32.910Z","sell","maker"
"10.11070000","7.63000000","2024-05-25T19:06:32.910Z","sell","maker"
"10.10660000","11.15000000","2024-05-25T19:06:06.093Z","sell","maker"
"10.10660000","5.76000000","2024-05-25T19:06:06.093Z","sell","maker"
"10.10500000","79.16000000","2024-05-25T19:05:29.712Z","buy","maker"
"10.10650000","7.18000000","2024-05-25T19:05:19.520Z","sell","maker"
"10.10650000","14.20000000","2024-05-25T19:05:19.520Z","sell","maker"
"10.10650000","5.51000000","2024-05-25T19:05:06.090Z","sell","maker"
"10.10650000","11.06000000","2024-05-25T19:05:06.090Z","sell","maker"
"10.10650000","0.74000000","2024-05-25T19:05:04.357Z","sell","maker"
"10.10370000","19.79000000","2024-05-25T19:04:19.710Z","buy","maker"
"10.11270000","6.87000000","2024-05-25T19:04:03.068Z","sell","maker"
"10.11270000","8.12000000","2024-05-25T19:04:03.068Z","sell","maker"
"10.11740000","65.92000000","2024-05-25T19:04:00.993Z","buy","maker"
"10.11740000","15.92000000","2024-05-25T19:04:00.967Z","buy","maker"
"10.11800000","4.92000000","2024-05-25T19:04:00.132Z","sell","maker"
"10.11740000","10.42000000","2024-05-25T19:03:54.860Z","buy","maker"
"10.11980000","41.25000000","2024-05-25T19:03:41.804Z","buy","maker"
"10.12120000","0.09000000","2024-05-25T19:03:41.804Z","buy","maker"
"10.12370000","0.26000000","2024-05-25T19:03:32.468Z","sell","maker"
"10.12200000","7.23000000","2024-05-25T19:03:10.627Z","sell","maker"
"10.12210000","7.37000000","2024-05-25T19:03:10.495Z","sell","maker"
"10.12240000","15.08000000","2024-05-25T19:03:10.363Z","sell","maker"
"10.12200000","6.97000000","2024-05-25T19:03:10.328Z","sell","maker"
"10.12240000","7.24000000","2024-05-25T19:03:10.248Z","sell","maker"
"10.12210000","14.63000000","2024-05-25T19:03:10.248Z","sell","maker"
"10.12290000","25.27000000","2024-05-25T19:03:08.620Z","sell","maker"
"10.12080000","7.10000000","2024-05-25T19:03:08.572Z","sell","maker"
"10.12080000","6.43000000","2024-05-25T19:03:08.572Z","sell","maker"
"10.12080000","85.72000000","2024-05-25T19:03:08.572Z","sell","maker"
"10.11970000","13.53000000","2024-05-25T19:03:08.572Z","sell","maker"
"10.11970000","3.75000000","2024-05-25T19:03:07.003Z","sell","maker"
"10.11960000","6.74000000","2024-05-25T19:03:07.003Z","sell","maker"
"10.12030000","5.93000000","2024-05-25T19:02:59.565Z","sell","maker"
"10.11890000","16.31000000","2024-05-25T19:02:59.565Z","sell","maker"
"10.11780000","7.58000000","2024-05-25T19:02:59.562Z","sell","maker"
"10.11640000","71.42000000","2024-05-25T19:02:49.002Z","buy","maker"
"10.11640000","92.15000000","2024-05-25T19:02:49.002Z","buy","maker"
"10.11650000","102.74000000","2024-05-25T19:02:49.002Z","buy","maker"
"10.11690000","92.15000000","2024-05-25T19:02:49.002Z","buy","maker"
"10.11700000","40.32000000","2024-05-25T19:02:49.002Z","buy","maker"
"10.11700000","24.78000000","2024-05-25T19:02:49.002Z","buy","maker"
"10.11710000","41.25000000","2024-05-25T19:02:49.002Z","buy","maker"
"10.11720000","24.83000000","2024-05-25T19:02:49.002Z","buy","maker"
"10.11920000","10.00000000","2024-05-25T19:02:46.747Z","sell","maker"
"10.11820000","41.25000000","2024-05-25T19:02:46.554Z","buy","maker"
"10.11840000","41.25000000","2024-05-25T19:02:46.554Z","buy","maker"
"10.12220000","1.96000000","2024-05-25T19:02:21.044Z","sell","maker"
"10.12070000","38.65000000","2024-05-25T19:02:13.922Z","sell","maker"
"10.12050000","4.14000000","2024-05-25T19:02:13.922Z","sell","maker"
"10.11870000","4.05000000","2024-05-25T19:02:10.088Z","buy","maker"
"10.11970000","23.70000000","2024-05-25T19:02:03.985Z","buy","maker"
"10.12000000","26.00000000","2024-05-25T19:02:03.985Z","buy","maker"
"10.12020000","41.25000000","2024-05-25T19:02:03.985Z","buy","maker"
"10.12330000","0.21000000","2024-05-25T19:01:36.767Z","sell","maker"
"10.12330000","0.88000000","2024-05-25T19:01:20.431Z","sell","maker"
"10.12140000","19.75000000","2024-05-25T19:01:12.974Z","buy","maker"
"10.13100000","41.25000000","2024-05-25T19:00:11.527Z","buy","maker"
"10.13180000","24.19000000","2024-05-25T19:00:07.573Z","sell","maker"
"10.12990000","6.89000000","2024-05-25T19:00:06.256Z","sell","maker"
"10.12590000","11.96000000","2024-05-25T18:59:51.932Z","sell","maker"
"10.12590000","4.56000000","2024-05-25T18:59:51.932Z","sell","maker"
"10.12590000","0.49000000","2024-05-25T18:59:45.685Z","sell","maker"
"10.12530000","17.93000000","2024-05-25T18:59:17.847Z","sell","maker"
"10.12530000","6.20000000","2024-05-25T18:59:17.692Z","sell","maker"
"10.12490000","15.17000000","2024-05-25T18:59:13.519Z","sell","maker"
"10.12530000","2.59000000","2024-05-25T18:59:12.040Z","sell","maker"
"10.12490000","17.15000000","2024-05-25T18:59:12.040Z","sell","maker"
"10.12560000","8.03000000","2024-05-25T18:59:03.168Z","sell","maker"