"price","volume","time","side","orderType"
"0.08671000","476.20000000","2024-05-26T20:25:18.829Z","sell","maker"
"0.08668000","229.00000000","2024-05-26T20:25:02.036Z","buy","maker"
"0.08668000","13.50000000","2024-05-26T20:24:57.488Z","buy","maker"
"0.08677000","57.00000000","2024-05-26T20:23:26.848Z","sell","maker"
"0.08678000","228.70000000","2024-05-26T20:20:02.716Z","buy","maker"
"0.08678000","228.80000000","2024-05-26T20:20:02.549Z","buy","maker"
"0.08683000","12207.80000000","2024-05-26T20:18:36.785Z","sell","maker"
"0.08683000","1217.60000000","2024-05-26T20:18:36.785Z","sell","maker"
"0.08688000","469.80000000","2024-05-26T20:16:17.319Z","sell","maker"
"0.08688000","2000.00000000","2024-05-26T20:16:17.319Z","sell","maker"
"0.08687000","400.00000000","2024-05-26T20:16:17.319Z","sell","maker"
"0.08687000","2417.50000000","2024-05-26T20:16:17.319Z","sell","maker"
"0.08687000","1900.00000000","2024-05-26T20:16:17.319Z","sell","maker"
"0.08679000","2019.50000000","2024-05-26T20:15:20.126Z","buy","maker"
"0.08679000","2980.20000000","2024-05-26T20:15:20.126Z","buy","maker"
"0.08680000","1079.70000000","2024-05-26T20:15:20.126Z","buy","maker"
"0.08681000","1900.00000000","2024-05-26T20:15:20.126Z","buy","maker"
"0.08687000","216.70000000","2024-05-26T20:14:23.808Z","buy","maker"
"0.08685000","125.50000000","2024-05-26T20:13:40.195Z","buy","maker"
"0.08689000","170.90000000","2024-05-26T20:12:52.536Z","sell","maker"
"0.08681000","393.20000000","2024-05-26T20:12:47.384Z","buy","maker"
"0.08682000","1900.00000000","2024-05-26T20:12:47.384Z","buy","maker"
"0.08678000","339.50000000","2024-05-26T20:11:59.553Z","buy","maker"
"0.08690000","318.50000000","2024-05-26T20:11:20.393Z","sell","maker"
"0.08690000","200.00000000","2024-05-26T20:11:20.393Z","sell","maker"
"0.08691000","153.90000000","2024-05-26T20:11:02.376Z","sell","maker"
"0.08684000","376.60000000","2024-05-26T20:09:12.394Z","buy","maker"
"0.08685000","1000.00000000","2024-05-26T20:09:01.125Z","buy","maker"
"0.08695000","228.70000000","2024-05-26T20:08:17.984Z","sell","maker"
"0.08690000","716.70000000","2024-05-26T20:07:16.089Z","buy","maker"
"0.08677000","1028.70000000","2024-05-26T20:05:58.022Z","buy","maker"
"0.08683000","285.00000000","2024-05-26T20:05:56.672Z","sell","maker"
"0.08682000","229.00000000","2024-05-26T20:05:24.048Z","sell","maker"
"0.08689000","228.80000000","2024-05-26T20:03:07.378Z","sell","maker"
"0.08688000","228.70000000","2024-05-26T20:02:45.800Z","sell","maker"
"0.08694000","1850.10000000","2024-05-26T20:00:24.341Z","buy","maker"
"0.08695000","60.80000000","2024-05-26T19:58:17.299Z","sell","maker"
"0.08694000","1900.00000000","2024-05-26T19:58:07.010Z","buy","maker"
"0.08694000","1900.00000000","2024-05-26T19:58:07.006Z","buy","maker"
"0.08694000","1900.00000000","2024-05-26T19:58:07.001Z","buy","maker"
"0.08700000","113.80000000","2024-05-26T19:57:26.675Z","sell","maker"
"0.08698000","341.50000000","2024-05-26T19:56:42.101Z","sell","maker"
"0.08700000","9857.70000000","2024-05-26T19:56:04.421Z","sell","maker"
"0.08699000","996.20000000","2024-05-26T19:56:04.421Z","sell","maker"
"0.08698000","1900.00000000","2024-05-26T19:56:04.421Z","sell","maker"
"0.08697000","4000.00000000","2024-05-26T19:56:04.421Z","sell","maker"
"0.08701000","5687.40000000","2024-05-26T19:55:39.059Z","sell","maker"
"0.08701000","1725.70000000","2024-05-26T19:55:39.059Z","sell","maker"
"0.08700000","1986.90000000","2024-05-26T19:55:39.059Z","sell","maker"
"0.08700000","5.50000000","2024-05-26T19:55:39.055Z","sell","maker"
"0.08700000","1900.00000000","2024-05-26T19:55:39.055Z","sell","maker"
"0.08697000","4000.00000000","2024-05-26T19:55:39.055Z","sell","maker"
"0.08697000","694.50000000","2024-05-26T19:55:39.055Z","sell","maker"
"0.08694000","10000.00000000","2024-05-26T19:55:14.950Z","buy","maker"
"0.08694000","2533.30000000","2024-05-26T19:55:14.913Z","buy","maker"
"0.08694000","1601.40000000","2024-05-26T19:55:14.864Z","buy","maker"
"0.08694000","30072.00000000","2024-05-26T19:55:14.839Z","buy","maker"
"0.08694000","2066.00000000","2024-05-26T19:54:39.301Z","buy","maker"
"0.08694000","1229.60000000","2024-05-26T19:54:32.379Z","buy","maker"
"0.08694000","1229.60000000","2024-05-26T19:54:28.733Z","buy","maker"
"0.08694000","1990.00000000","2024-05-26T19:54:00.767Z","buy","maker"
"0.08694000","1900.00000000","2024-05-26T19:53:43.627Z","buy","maker"
"0.08694000","10024.00000000","2024-05-26T19:53:43.615Z","buy","maker"
"0.08694000","12804.20000000","2024-05-26T19:53:43.614Z","buy","maker"
"0.08694000","3100.00000000","2024-05-26T19:53:43.611Z","buy","maker"
"0.08695000","1900.00000000","2024-05-26T19:53:43.611Z","buy","maker"
"0.08701000","833.10000000","2024-05-26T19:48:25.644Z","buy","maker"
"0.08697000","1869.20000000","2024-05-26T19:47:39.674Z","buy","maker"
"0.08698000","833.00000000","2024-05-26T19:47:39.674Z","buy","maker"
"0.08704000","244.60000000","2024-05-26T19:47:02.937Z","buy","maker"
"0.08702000","1148.10000000","2024-05-26T19:46:20.678Z","buy","maker"
"0.08706000","292.20000000","2024-05-26T19:44:02.129Z","sell","maker"
"0.08694000","1609.20000000","2024-05-26T19:43:28.415Z","buy","maker"
"0.08701000","11.50000000","2024-05-26T19:43:14.085Z","sell","maker"
"0.08703000","592.40000000","2024-05-26T19:43:14.056Z","sell","maker"
"0.08702000","642.50000000","2024-05-26T19:43:14.056Z","sell","maker"
"0.08702000","2320.00000000","2024-05-26T19:43:14.056Z","sell","maker"
"0.08701000","1998.80000000","2024-05-26T19:43:14.056Z","sell","maker"
"0.08701000","10000.00000000","2024-05-26T19:43:14.056Z","sell","maker"
"0.08701000","1743.10000000","2024-05-26T19:43:14.056Z","sell","maker"
"0.08700000","709.50000000","2024-05-26T19:43:14.056Z","sell","maker"
"0.08700000","2000.00000000","2024-05-26T19:43:14.056Z","sell","maker"
"0.08700000","2744.80000000","2024-05-26T19:43:14.056Z","sell","maker"
"0.08699000","1900.00000000","2024-05-26T19:43:14.056Z","sell","maker"
"0.08698000","4000.00000000","2024-05-26T19:43:14.056Z","sell","maker"
"0.08680000","646.40000000","2024-05-26T19:37:55.170Z","buy","maker"
"0.08685000","19254.50000000","2024-05-26T19:37:27.623Z","sell","maker"
"0.08684000","1419.00000000","2024-05-26T19:37:27.623Z","sell","maker"
"0.08684000","400.00000000","2024-05-26T19:37:27.623Z","sell","maker"
"0.08683000","1888.70000000","2024-05-26T19:37:27.623Z","sell","maker"
"0.08683000","11.30000000","2024-05-26T19:36:37.436Z","sell","maker"
"0.08682000","27.80000000","2024-05-26T19:35:17.749Z","buy","maker"
"0.08682000","4000.00000000","2024-05-26T19:35:17.749Z","buy","maker"
"0.08682000","233.80000000","2024-05-26T19:32:36.479Z","buy","maker"
"0.08682000","833.20000000","2024-05-26T19:32:30.507Z","sell","maker"
"0.08673000","573.20000000","2024-05-26T19:29:07.778Z","buy","maker"
"0.08682000","11.30000000","2024-05-26T19:18:13.299Z","sell","maker"
"0.08682000","114.00000000","2024-05-26T19:16:08.226Z","sell","maker"
"0.08673000","398.00000000","2024-05-26T19:13:53.736Z","buy","maker"
"0.08673000","2755.60000000","2024-05-26T19:13:53.736Z","buy","maker"
"0.08674000","1200.00000000","2024-05-26T19:13:53.736Z","buy","maker"
"0.08675000","4000.00000000","2024-05-26T19:13:53.736Z","buy","maker"
"0.08675000","400.00000000","2024-05-26T19:13:53.736Z","buy","maker"
"0.08675000","1900.00000000","2024-05-26T19:13:53.736Z","buy","maker"
"0.08676000","1146.80000000","2024-05-26T19:13:53.736Z","buy","maker"
"0.08684000","22.50000000","2024-05-26T19:13:14.480Z","sell","maker"
"0.08699000","33.60000000","2024-05-26T19:12:24.247Z","sell","maker"
"0.08700000","112.50000000","2024-05-26T19:11:11.686Z","sell","maker"
"0.08696000","4597.20000000","2024-05-26T19:10:29.287Z","buy","maker"
"0.08697000","857.80000000","2024-05-26T19:10:25.675Z","sell","maker"
"0.08697000","856.50000000","2024-05-26T19:10:25.675Z","sell","maker"
"0.08697000","22.00000000","2024-05-26T19:10:25.675Z","sell","maker"
"0.08690000","855.30000000","2024-05-26T19:10:11.372Z","sell","maker"
"0.08690000","387.70000000","2024-05-26T19:10:11.206Z","sell","maker"
"0.08690000","753.70000000","2024-05-26T19:10:10.602Z","sell","maker"
"0.08689000","40.60000000","2024-05-26T19:10:10.602Z","sell","maker"
"0.08685000","1143.20000000","2024-05-26T19:10:02.290Z","sell","maker"
"0.08685000","140.70000000","2024-05-26T19:10:02.290Z","sell","maker"
"0.08685000","998.80000000","2024-05-26T19:10:02.099Z","sell","maker"
"0.08679000","691.50000000","2024-05-26T19:09:52.489Z","sell","maker"
"0.08680000","1983.20000000","2024-05-26T19:08:24.571Z","sell","maker"
"0.08680000","2374.70000000","2024-05-26T19:08:24.568Z","sell","maker"
"0.08680000","4841.40000000","2024-05-26T19:08:24.566Z","sell","maker"
"0.08661000","1076.00000000","2024-05-26T19:07:22.302Z","sell","maker"
"0.08660000","1353.10000000","2024-05-26T19:07:22.302Z","sell","maker"
"0.08659000","1900.00000000","2024-05-26T19:07:22.302Z","sell","maker"
"0.08659000","4000.00000000","2024-05-26T19:07:22.302Z","sell","maker"
"0.08658000","1691.20000000","2024-05-26T19:07:22.302Z","sell","maker"
"0.08651000","1583.80000000","2024-05-26T19:07:20.019Z","buy","maker"
"0.08651000","1900.00000000","2024-05-26T19:07:20.019Z","buy","maker"
"0.08652000","602.40000000","2024-05-26T19:07:20.019Z","buy","maker"
"0.08658000","123.40000000","2024-05-26T19:05:18.312Z","buy","maker"
"0.08658000","3533.70000000","2024-05-26T19:05:16.020Z","buy","maker"
"0.08675000","268.20000000","2024-05-26T19:03:37.556Z","sell","maker"
"0.08669000","126.30000000","2024-05-26T19:02:07.532Z","buy","maker"
"0.08679000","1.70000000","2024-05-26T19:02:04.769Z","sell","maker"
"0.08670000","5011.60000000","2024-05-26T19:01:24.331Z","buy","maker"
"0.08670000","1900.00000000","2024-05-26T19:01:24.331Z","buy","maker"
"0.08680000","547.60000000","2024-05-26T19:01:14.171Z","sell","maker"
"0.08659000","3862.50000000","2024-05-26T18:58:59.509Z","buy","maker"
"0.08659000","1900.00000000","2024-05-26T18:58:59.509Z","buy","maker"
"0.08660000","1204.80000000","2024-05-26T18:58:59.509Z","buy","maker"
"0.08669000","319.90000000","2024-05-26T18:58:02.623Z","sell","maker"
"0.08667000","2999.00000000","2024-05-26T18:56:41.951Z","sell","maker"
"0.08667000","2877.20000000","2024-05-26T18:55:41.036Z","buy","maker"
"0.08662000","122.00000000","2024-05-26T18:54:08.891Z","buy","maker"
"0.08664000","349.40000000","2024-05-26T18:52:44.769Z","buy","maker"
"0.08671000","570.80000000","2024-05-26T18:52:22.442Z","sell","maker"
"0.08672000","23.00000000","2024-05-26T18:50:50.067Z","buy","maker"
"0.08678000","718.70000000","2024-05-26T18:50:17.169Z","sell","maker"
"0.08672000","700.00000000","2024-05-26T18:49:49.217Z","buy","maker"
"0.08672000","400.00000000","2024-05-26T18:49:06.551Z","buy","maker"
"0.08673000","1900.00000000","2024-05-26T18:49:06.551Z","buy","maker"
"0.08666000","4281.00000000","2024-05-26T18:45:53.912Z","sell","maker"
"0.08666000","1575.20000000","2024-05-26T18:45:53.912Z","sell","maker"
"0.08666000","400.00000000","2024-05-26T18:45:53.912Z","sell","maker"
"0.08666000","1736.00000000","2024-05-26T18:45:53.912Z","sell","maker"
"0.08666000","24.70000000","2024-05-26T18:45:48.673Z","sell","maker"
"0.08659000","565.70000000","2024-05-26T18:43:13.781Z","sell","maker"
"0.08661000","268.70000000","2024-05-26T18:43:06.484Z","sell","maker"
"0.08658000","1900.00000000","2024-05-26T18:40:00.554Z","buy","maker"
"0.08658000","7458.10000000","2024-05-26T18:40:00.473Z","buy","maker"
"0.08661000","1992.40000000","2024-05-26T18:40:00.468Z","buy","maker"
"0.08664000","2000.00000000","2024-05-26T18:40:00.363Z","buy","maker"
"0.08665000","400.00000000","2024-05-26T18:40:00.363Z","buy","maker"
"0.08665000","1900.00000000","2024-05-26T18:40:00.363Z","buy","maker"
"0.08666000","1992.40000000","2024-05-26T18:40:00.363Z","buy","maker"
"0.08671000","11.50000000","2024-05-26T18:36:34.262Z","sell","maker"
"0.08675000","7366.50000000","2024-05-26T18:36:32.482Z","sell","maker"
"0.08675000","1994.00000000","2024-05-26T18:36:32.482Z","sell","maker"
"0.08675000","1810.00000000","2024-05-26T18:36:32.482Z","sell","maker"
"0.08672000","1778.50000000","2024-05-26T18:36:32.482Z","sell","maker"
"0.08671000","4000.00000000","2024-05-26T18:36:32.482Z","sell","maker"
"0.08671000","15435.70000000","2024-05-26T18:36:32.482Z","sell","maker"
"0.08671000","1000.00000000","2024-05-26T18:36:32.482Z","sell","maker"
"0.08669000","22661.80000000","2024-05-26T18:36:32.482Z","sell","maker"
"0.08669000","644.40000000","2024-05-26T18:36:17.225Z","sell","maker"
"0.08673000","1098.70000000","2024-05-26T18:35:54.765Z","sell","maker"
"0.08678000","81.70000000","2024-05-26T18:35:04.176Z","buy","maker"
"0.08664000","10113.90000000","2024-05-26T18:33:07.253Z","sell","maker"
"0.08664000","700.00000000","2024-05-26T18:33:06.991Z","sell","maker"
"0.08654000","32242.30000000","2024-05-26T18:31:52.212Z","sell","maker"
"0.08653000","400.00000000","2024-05-26T18:31:52.212Z","sell","maker"
"0.08650000","49.40000000","2024-05-26T18:31:03.242Z","buy","maker"
"0.08661000","9456.00000000","2024-05-26T18:29:23.328Z","sell","maker"
"0.08661000","1796.50000000","2024-05-26T18:29:21.519Z","sell","maker"
"0.08660000","4237.30000000","2024-05-26T18:29:21.519Z","sell","maker"
"0.08660000","1900.00000000","2024-05-26T18:29:21.519Z","sell","maker"
"0.08660000","1900.00000000","2024-05-26T18:29:19.383Z","sell","maker"
"0.08668000","112.00000000","2024-05-26T18:28:37.520Z","sell","maker"
"0.08664000","2600.00000000","2024-05-26T18:28:18.232Z","sell","maker"
"0.08663000","1900.00000000","2024-05-26T18:28:18.232Z","sell","maker"
"0.08663000","1500.00000000","2024-05-26T18:28:18.181Z","sell","maker"
"0.08663000","1000.00000000","2024-05-26T18:28:18.181Z","sell","maker"
"0.08661000","400.00000000","2024-05-26T18:28:18.181Z","sell","maker"
"0.08661000","1900.00000000","2024-05-26T18:28:18.181Z","sell","maker"
"0.08654000","581.60000000","2024-05-26T18:28:17.979Z","sell","maker"
"0.08652000","581.50000000","2024-05-26T18:28:17.947Z","sell","maker"
"0.08652000","1900.00000000","2024-05-26T18:28:17.947Z","sell","maker"
"0.08652000","815.40000000","2024-05-26T18:27:50.930Z","sell","maker"
"0.08646000","4979.80000000","2024-05-26T18:27:24.335Z","buy","maker"
"0.08646000","1355.80000000","2024-05-26T18:27:24.335Z","buy","maker"
"0.08655000","294.20000000","2024-05-26T18:26:18.412Z","sell","maker"
"0.08663000","350.70000000","2024-05-26T18:25:42.607Z","sell","maker"
"0.08669000","250.00000000","2024-05-26T18:23:57.849Z","sell","maker"
"0.08657000","211.70000000","2024-05-26T18:20:38.905Z","sell","maker"
"0.08657000","46.30000000","2024-05-26T18:20:02.990Z","sell","maker"
"0.08656000","1814.60000000","2024-05-26T18:20:02.990Z","sell","maker"
"0.08657000","11.30000000","2024-05-26T18:16:08.786Z","sell","maker"
"0.08651000","1673.50000000","2024-05-26T18:15:39.248Z","sell","maker"
"0.08651000","4508.10000000","2024-05-26T18:15:39.248Z","sell","maker"
"0.08651000","2498.20000000","2024-05-26T18:15:37.083Z","sell","maker"
"0.08650000","229.80000000","2024-05-26T18:14:32.504Z","sell","maker"
"0.08647000","4000.00000000","2024-05-26T18:14:19.793Z","sell","maker"
"0.08650000","22.90000000","2024-05-26T18:12:55.547Z","sell","maker"
"0.08650000","11.60000000","2024-05-26T18:10:58.359Z","sell","maker"
"0.08645000","316.60000000","2024-05-26T18:10:04.180Z","buy","maker"
"0.08648000","4996.70000000","2024-05-26T18:09:39.110Z","buy","maker"
"0.08651000","3163.70000000","2024-05-26T18:09:11.833Z","sell","maker"
"0.08655000","1833.00000000","2024-05-26T18:07:36.842Z","sell","maker"
"0.08653000","157.80000000","2024-05-26T18:04:29.812Z","buy","maker"
"0.08653000","1064.60000000","2024-05-26T18:04:25.926Z","buy","maker"
"0.08655000","6026.00000000","2024-05-26T18:03:36.880Z","buy","maker"
"0.08662000","2777.40000000","2024-05-26T18:02:33.179Z","sell","maker"
"0.08662000","3248.60000000","2024-05-26T18:02:33.137Z","sell","maker"
"0.08658000","5837.00000000","2024-05-26T18:02:32.285Z","buy","maker"
"0.08658000","1900.00000000","2024-05-26T18:02:32.285Z","buy","maker"
"0.08661000","1991.20000000","2024-05-26T18:02:19.064Z","buy","maker"
"0.08676000","4706.40000000","2024-05-26T18:01:10.896Z","buy","maker"
"0.08676000","4000.00000000","2024-05-26T18:01:10.896Z","buy","maker"
"0.08672000","3469.90000000","2024-05-26T18:00:35.815Z","sell","maker"
"0.08672000","1729.90000000","2024-05-26T18:00:35.810Z","sell","maker"
"0.08672000","3506.60000000","2024-05-26T18:00:32.581Z","sell","maker"
"0.08669000","1900.00000000","2024-05-26T17:59:34.904Z","buy","maker"
"0.08666000","1900.00000000","2024-05-26T17:59:15.443Z","sell","maker"
"0.08674000","4266.60000000","2024-05-26T17:58:18.602Z","buy","maker"
"0.08663000","2415.10000000","2024-05-26T17:57:56.879Z","sell","maker"
"0.08660000","1851.50000000","2024-05-26T17:57:46.694Z","sell","maker"
"0.08679000","10471.20000000","2024-05-26T17:56:25.798Z","buy","maker"
"0.08679000","4000.00000000","2024-05-26T17:56:25.798Z","buy","maker"
"0.08682000","4000.00000000","2024-05-26T17:56:19.119Z","buy","maker"
"0.08667000","4000.00000000","2024-05-26T17:54:55.304Z","buy","maker"
"0.08663000","1491.80000000","2024-05-26T17:52:24.563Z","sell","maker"
"0.08663000","901.20000000","2024-05-26T17:52:24.559Z","sell","maker"
"0.08663000","2133.90000000","2024-05-26T17:52:24.554Z","sell","maker"
"0.08663000","1491.80000000","2024-05-26T17:52:24.548Z","sell","maker"
"0.08663000","2393.00000000","2024-05-26T17:52:24.544Z","sell","maker"
"0.08663000","835.00000000","2024-05-26T17:52:24.533Z","sell","maker"
"0.08663000","463.10000000","2024-05-26T17:52:24.524Z","sell","maker"
"0.08663000","1302.00000000","2024-05-26T17:52:24.478Z","sell","maker"
"0.08663000","1387.60000000","2024-05-26T17:52:24.366Z","sell","maker"
"0.08663000","2726.20000000","2024-05-26T17:52:24.361Z","sell","maker"
"0.08663000","2920.10000000","2024-05-26T17:52:24.353Z","sell","maker"
"0.08663000","5260.50000000","2024-05-26T17:52:24.350Z","sell","maker"
"0.08662000","6332.50000000","2024-05-26T17:51:36.469Z","buy","maker"
"0.08662000","4000.00000000","2024-05-26T17:51:36.469Z","buy","maker"
"0.08662000","12.60000000","2024-05-26T17:51:32.034Z","buy","maker"
"0.08659000","25.60000000","2024-05-26T17:51:02.717Z","buy","maker"
"0.08659000","4000.00000000","2024-05-26T17:50:39.284Z","buy","maker"
"0.08657000","12.70000000","2024-05-26T17:50:24.776Z","buy","maker"
"0.08655000","4970.80000000","2024-05-26T17:50:15.501Z","sell","maker"
"0.08655000","8973.70000000","2024-05-26T17:50:15.486Z","sell","maker"
"0.08655000","1663.60000000","2024-05-26T17:50:15.172Z","sell","maker"
"0.08655000","712.10000000","2024-05-26T17:50:15.168Z","sell","maker"
"0.08655000","2981.40000000","2024-05-26T17:50:15.162Z","sell","maker"
"0.08655000","3457.80000000","2024-05-26T17:50:15.161Z","sell","maker"
"0.08655000","5517.60000000","2024-05-26T17:50:06.010Z","sell","maker"
"0.08669000","6.00000000","2024-05-26T17:48:41.996Z","sell","maker"
"0.08672000","8860.00000000","2024-05-26T17:46:42.244Z","buy","maker"
"0.08674000","15031.90000000","2024-05-26T17:46:38.725Z","buy","maker"
"0.08671000","9176.70000000","2024-05-26T17:46:16.241Z","sell","maker"
"0.08671000","1434.40000000","2024-05-26T17:46:16.236Z","sell","maker"
"0.08671000","10000.00000000","2024-05-26T17:46:16.224Z","sell","maker"
"0.08671000","2695.10000000","2024-05-26T17:46:16.194Z","sell","maker"
"0.08671000","104.70000000","2024-05-26T17:46:13.434Z","sell","maker"
"0.08671000","1424.40000000","2024-05-26T17:46:13.431Z","sell","maker"
"0.08671000","783.60000000","2024-05-26T17:46:13.430Z","sell","maker"
"0.08671000","848.70000000","2024-05-26T17:46:13.423Z","sell","maker"
"0.08671000","1108.10000000","2024-05-26T17:46:13.420Z","sell","maker"
"0.08671000","555.60000000","2024-05-26T17:46:13.418Z","sell","maker"
"0.08671000","518.70000000","2024-05-26T17:46:13.414Z","sell","maker"
"0.08671000","2506.40000000","2024-05-26T17:46:13.414Z","sell","maker"
"0.08671000","2104.50000000","2024-05-26T17:46:13.232Z","sell","maker"
"0.08671000","516.00000000","2024-05-26T17:46:13.217Z","sell","maker"
"0.08671000","3351.20000000","2024-05-26T17:46:13.149Z","sell","maker"
"0.08671000","3713.60000000","2024-05-26T17:46:13.135Z","sell","maker"
"0.08671000","2039.20000000","2024-05-26T17:46:13.056Z","sell","maker"
"0.08671000","3731.50000000","2024-05-26T17:46:13.044Z","sell","maker"
"0.08671000","13544.90000000","2024-05-26T17:45:43.493Z","buy","maker"
"0.08671000","4000.00000000","2024-05-26T17:45:43.493Z","buy","maker"
"0.08676000","4351.20000000","2024-05-26T17:45:32.763Z","buy","maker"
"0.08676000","4000.00000000","2024-05-26T17:45:32.763Z","buy","maker"
"0.08677000","5000.00000000","2024-05-26T17:44:35.416Z","sell","maker"
"0.08673000","562.30000000","2024-05-26T17:44:07.332Z","sell","maker"
"0.08673000","1900.00000000","2024-05-26T17:44:07.328Z","sell","maker"
"0.08673000","1900.00000000","2024-05-26T17:44:07.323Z","sell","maker"
"0.08673000","898.90000000","2024-05-26T17:44:07.319Z","sell","maker"
"0.08673000","1994.70000000","2024-05-26T17:44:07.318Z","sell","maker"
"0.08673000","677.80000000","2024-05-26T17:44:07.317Z","sell","maker"
"0.08673000","1013.20000000","2024-05-26T17:44:07.309Z","sell","maker"
"0.08673000","5000.00000000","2024-05-26T17:44:07.306Z","sell","maker"
"0.08673000","2450.80000000","2024-05-26T17:44:05.879Z","sell","maker"
"0.08673000","6908.50000000","2024-05-26T17:43:36.894Z","sell","maker"
"0.08673000","2109.80000000","2024-05-26T17:43:26.056Z","sell","maker"
"0.08673000","3270.80000000","2024-05-26T17:43:25.723Z","sell","maker"
"0.08673000","2636.70000000","2024-05-26T17:43:25.719Z","sell","maker"
"0.08673000","1173.30000000","2024-05-26T17:43:25.708Z","sell","maker"
"0.08673000","1259.50000000","2024-05-26T17:43:25.697Z","sell","maker"
"0.08673000","2578.30000000","2024-05-26T17:43:25.687Z","sell","maker"
"0.08673000","4605.10000000","2024-05-26T17:43:25.676Z","sell","maker"
"0.08673000","5672.70000000","2024-05-26T17:43:25.665Z","sell","maker"
"0.08674000","6716.60000000","2024-05-26T17:41:38.234Z","sell","maker"
"0.08674000","13960.30000000","2024-05-26T17:41:00.463Z","buy","maker"
"0.08674000","4000.00000000","2024-05-26T17:41:00.463Z","buy","maker"
"0.08679000","574.40000000","2024-05-26T17:40:29.911Z","sell","maker"
"0.08677000","41.60000000","2024-05-26T17:40:28.431Z","buy","maker"
"0.08677000","41.60000000","2024-05-26T17:40:28.415Z","buy","maker"
"0.08679000","57.30000000","2024-05-26T17:40:25.997Z","sell","maker"
"0.08680000","5107.20000000","2024-05-26T17:39:43.268Z","sell","maker"
"0.08680000","1870.20000000","2024-05-26T17:39:43.268Z","sell","maker"
"0.08679000","622.60000000","2024-05-26T17:39:43.268Z","sell","maker"
"0.08675000","8356.20000000","2024-05-26T17:39:43.257Z","sell","maker"
"0.08675000","10000.00000000","2024-05-26T17:39:43.256Z","sell","maker"
"0.08675000","2950.00000000","2024-05-26T17:39:25.680Z","sell","maker"
"0.08675000","2000.00000000","2024-05-26T17:38:24.997Z","sell","maker"
"0.08674000","1216.90000000","2024-05-26T17:38:17.985Z","buy","maker"
"0.08674000","4000.00000000","2024-05-26T17:38:17.985Z","buy","maker"
"0.08671000","3109.80000000","2024-05-26T17:37:11.015Z","sell","maker"
"0.08671000","10000.00000000","2024-05-26T17:37:11.004Z","sell","maker"
"0.08671000","10000.00000000","2024-05-26T17:37:10.867Z","sell","maker"
"0.08671000","196.40000000","2024-05-26T17:37:03.271Z","sell","maker"
"0.08671000","1889.10000000","2024-05-26T17:36:12.513Z","sell","maker"
"0.08671000","476.40000000","2024-05-26T17:36:12.513Z","sell","maker"
"0.08671000","581.70000000","2024-05-26T17:36:12.505Z","sell","maker"
"0.08671000","2365.50000000","2024-05-26T17:36:12.494Z","sell","maker"
"0.08671000","2461.80000000","2024-05-26T17:36:12.492Z","sell","maker"
"0.08671000","2249.40000000","2024-05-26T17:36:12.484Z","sell","maker"
"0.08671000","1801.50000000","2024-05-26T17:36:12.482Z","sell","maker"
"0.08671000","2323.70000000","2024-05-26T17:36:12.473Z","sell","maker"
"0.08671000","2365.90000000","2024-05-26T17:36:12.463Z","sell","maker"
"0.08671000","3552.40000000","2024-05-26T17:36:12.422Z","sell","maker"
"0.08671000","5000.00000000","2024-05-26T17:36:12.380Z","sell","maker"
"0.08670000","6318.20000000","2024-05-26T17:36:07.937Z","buy","maker"
"0.08669000","653.30000000","2024-05-26T17:35:11.351Z","buy","maker"
"0.08671000","127.90000000","2024-05-26T17:35:04.999Z","sell","maker"
"0.08671000","306.80000000","2024-05-26T17:35:04.999Z","sell","maker"
"0.08671000","1601.30000000","2024-05-26T17:34:57.847Z","buy","maker"
"0.08673000","15031.90000000","2024-05-26T17:34:57.203Z","buy","maker"
"0.08676000","196.30000000","2024-05-26T17:34:49.923Z","sell","maker"
"0.08675000","6210.90000000","2024-05-26T17:34:44.929Z","buy","maker"
"0.08676000","4000.00000000","2024-05-26T17:34:44.541Z","buy","maker"
"0.08677000","3072.60000000","2024-05-26T17:33:55.194Z","sell","maker"
"0.08677000","1927.40000000","2024-05-26T17:33:55.194Z","sell","maker"
"0.08676000","1946.90000000","2024-05-26T17:33:49.139Z","buy","maker"
"0.08678000","10000.00000000","2024-05-26T17:33:44.209Z","sell","maker"
"0.08678000","10000.00000000","2024-05-26T17:33:44.208Z","sell","maker"
"0.08678000","10000.00000000","2024-05-26T17:33:44.208Z","sell","maker"
"0.08678000","8754.80000000","2024-05-26T17:33:44.204Z","sell","maker"
"0.08676000","1245.20000000","2024-05-26T17:33:44.204Z","sell","maker"
"0.08678000","7700.00000000","2024-05-26T17:33:44.130Z","sell","maker"
"0.08677000","400.00000000","2024-05-26T17:33:44.130Z","sell","maker"
"0.08677000","1900.00000000","2024-05-26T17:33:44.130Z","sell","maker"
"0.08678000","10000.00000000","2024-05-26T17:33:44.077Z","sell","maker"
"0.08678000","10000.00000000","2024-05-26T17:33:44.077Z","sell","maker"
"0.08677000","400.00000000","2024-05-26T17:33:44.034Z","sell","maker"
"0.08677000","1966.60000000","2024-05-26T17:33:43.961Z","sell","maker"
"0.08677000","1900.00000000","2024-05-26T17:33:43.961Z","sell","maker"
"0.08678000","10000.00000000","2024-05-26T17:33:43.912Z","sell","maker"
"0.08678000","4006.10000000","2024-05-26T17:33:43.912Z","sell","maker"
"0.08678000","1900.00000000","2024-05-26T17:33:43.912Z","sell","maker"
"0.08675000","4054.80000000","2024-05-26T17:33:43.912Z","sell","maker"
"0.08670000","39.10000000","2024-05-26T17:33:43.912Z","sell","maker"
"0.08670000","1988.30000000","2024-05-26T17:33:43.900Z","sell","maker"
"0.08673000","9806.00000000","2024-05-26T17:33:43.873Z","sell","maker"
"0.08673000","5629.70000000","2024-05-26T17:33:43.870Z","sell","maker"
"0.08670000","4180.20000000","2024-05-26T17:33:43.870Z","sell","maker"
"0.08665000","190.10000000","2024-05-26T17:33:43.870Z","sell","maker"
"0.08665000","1900.00000000","2024-05-26T17:33:43.609Z","sell","maker"
"0.08616000","40720.60000000","2024-05-26T17:33:43.531Z","buy","maker"
"0.08625000","10265.60000000","2024-05-26T17:33:43.531Z","buy","maker"
"0.08627000","30832.40000000","2024-05-26T17:33:43.531Z","buy","maker"
"0.08630000","2302.10000000","2024-05-26T17:33:43.531Z","buy","maker"
"0.08634000","4479.90000000","2024-05-26T17:33:43.531Z","buy","maker"
"0.08640000","23306.20000000","2024-05-26T17:33:43.531Z","buy","maker"
"0.08640000","8212.50000000","2024-05-26T17:33:43.531Z","buy","maker"
"0.08642000","30832.40000000","2024-05-26T17:33:43.531Z","buy","maker"
"0.08650000","15435.70000000","2024-05-26T17:33:43.531Z","buy","maker"
"0.08651000","4106.20000000","2024-05-26T17:33:43.531Z","buy","maker"
"0.08653000","9406.50000000","2024-05-26T17:33:43.531Z","buy","maker"
"0.08654000","1494.30000000","2024-05-26T17:33:43.531Z","buy","maker"
"0.08656000","2053.10000000","2024-05-26T17:33:43.531Z","buy","maker"
"0.08663000","1026.60000000","2024-05-26T17:33:43.531Z","buy","maker"
"0.08673000","2150.00000000","2024-05-26T17:33:43.531Z","buy","maker"
"0.08679000","1988.70000000","2024-05-26T17:33:43.531Z","buy","maker"
"0.08679000","2510.00000000","2024-05-26T17:33:43.531Z","buy","maker"
"0.08680000","6329.90000000","2024-05-26T17:33:43.531Z","buy","maker"
"0.08684000","6997.60000000","2024-05-26T17:33:43.531Z","buy","maker"
"0.08685000","10000.00000000","2024-05-26T17:33:43.531Z","buy","maker"
"0.08685000","15031.90000000","2024-05-26T17:33:43.531Z","buy","maker"
"0.08685000","4000.00000000","2024-05-26T17:33:43.531Z","buy","maker"
"0.08687000","16848.40000000","2024-05-26T17:33:02.324Z","sell","maker"
"0.08687000","996.20000000","2024-05-26T17:33:02.324Z","sell","maker"
"0.08685000","3819.30000000","2024-05-26T17:32:48.158Z","sell","maker"
"0.08683000","1890.50000000","2024-05-26T17:32:48.158Z","sell","maker"
"0.08682000","267.60000000","2024-05-26T17:32:48.158Z","sell","maker"
"0.08682000","9427.40000000","2024-05-26T17:32:47.903Z","sell","maker"
"0.08682000","9464.30000000","2024-05-26T17:32:47.681Z","sell","maker"
"0.08682000","4146.90000000","2024-05-26T17:32:40.840Z","sell","maker"
"0.08682000","853.10000000","2024-05-26T17:32:40.840Z","sell","maker"
"0.08682000","1025.80000000","2024-05-26T17:32:31.090Z","sell","maker"
"0.08682000","30.70000000","2024-05-26T17:32:13.761Z","sell","maker"
"0.08683000","6335.80000000","2024-05-26T17:31:41.679Z","buy","maker"
"0.08683000","3146.60000000","2024-05-26T17:31:41.679Z","buy","maker"
"0.08683000","407.30000000","2024-05-26T17:30:37.941Z","buy","maker"
"0.08683000","405.30000000","2024-05-26T17:30:37.001Z","buy","maker"
"0.08683000","40.80000000","2024-05-26T17:30:35.730Z","buy","maker"
"0.08683000","51.50000000","2024-05-26T17:30:32.669Z","buy","maker"
"0.08684000","1731.10000000","2024-05-26T17:30:27.874Z","sell","maker"
"0.08684000","6657.60000000","2024-05-26T17:30:26.862Z","sell","maker"
"0.08679000","3466.70000000","2024-05-26T17:30:24.380Z","sell","maker"
"0.08679000","16039.50000000","2024-05-26T17:30:24.221Z","sell","maker"
"0.08679000","1900.00000000","2024-05-26T17:30:24.218Z","sell","maker"
"0.08679000","1900.00000000","2024-05-26T17:30:24.214Z","sell","maker"
"0.08692000","19.70000000","2024-05-26T17:30:23.578Z","sell","maker"
"0.08691000","635.00000000","2024-05-26T17:30:23.578Z","sell","maker"
"0.08691000","1265.00000000","2024-05-26T17:30:23.577Z","sell","maker"
"0.08696000","983.60000000","2024-05-26T17:30:23.510Z","sell","maker"
"0.08696000","916.40000000","2024-05-26T17:30:23.507Z","sell","maker"
"0.08696000","2078.40000000","2024-05-26T17:30:23.504Z","sell","maker"
"0.08695000","1900.00000000","2024-05-26T17:30:23.504Z","sell","maker"
"0.08689000","69.30000000","2024-05-26T17:30:23.497Z","sell","maker"
"0.08689000","1900.00000000","2024-05-26T17:30:23.491Z","sell","maker"
"0.08692000","1989.20000000","2024-05-26T17:30:23.421Z","sell","maker"
"0.08696000","1900.00000000","2024-05-26T17:30:23.345Z","sell","maker"
"0.08696000","2271.80000000","2024-05-26T17:30:23.340Z","sell","maker"
"0.08693000","1900.00000000","2024-05-26T17:30:23.340Z","buy","maker"
"0.08694000","1900.00000000","2024-05-26T17:30:23.340Z","buy","maker"
"0.08699000","7415.00000000","2024-05-26T17:30:23.327Z","sell","maker"
"0.08672000","2476.60000000","2024-05-26T17:30:23.292Z","buy","maker"
"0.08672000","4953.10000000","2024-05-26T17:30:23.292Z","buy","maker"
"0.08672000","8006.20000000","2024-05-26T17:30:23.292Z","buy","maker"
"0.08673000","1900.00000000","2024-05-26T17:30:23.292Z","buy","maker"
"0.08672000","10997.80000000","2024-05-26T17:30:23.274Z","buy","maker"
"0.08677000","6914.60000000","2024-05-26T17:30:23.274Z","buy","maker"
"0.08688000","1900.00000000","2024-05-26T17:30:23.274Z","buy","maker"
"0.08689000","600.10000000","2024-05-26T17:30:23.197Z","buy","maker"
"0.08500000","1205.40000000","2024-05-26T17:30:23.182Z","buy","maker"
"0.08500000","1000.00000000","2024-05-26T17:30:23.182Z","buy","maker"
"0.08500000","2941.10000000","2024-05-26T17:30:23.182Z","buy","maker"
"0.08500000","2000.00000000","2024-05-26T17:30:23.182Z","buy","maker"
"0.08500000","234.00000000","2024-05-26T17:30:23.182Z","buy","maker"
"0.08517000","583.80000000","2024-05-26T17:30:23.182Z","buy","maker"
"0.08518000","117.40000000","2024-05-26T17:30:23.182Z","buy","maker"
"0.08520000","140.00000000","2024-05-26T17:30:23.182Z","buy","maker"
"0.08524000","41925.00000000","2024-05-26T17:30:23.182Z","buy","maker"
"0.08526000","407.30000000","2024-05-26T17:30:23.182Z","buy","maker"
"0.08530000","7651.30000000","2024-05-26T17:30:23.182Z","buy","maker"
"0.08530000","51.50000000","2024-05-26T17:30:23.182Z","buy","maker"
"0.08531000","20000.00000000","2024-05-26T17:30:23.182Z","buy","maker"
"0.08535000","40.80000000","2024-05-26T17:30:23.182Z","buy","maker"
"0.08540000","25.00000000","2024-05-26T17:30:23.182Z","buy","maker"
"0.08550000","15435.70000000","2024-05-26T17:30:23.182Z","buy","maker"
"0.08556000","22.00000000","2024-05-26T17:30:23.182Z","buy","maker"
"0.08556000","321.20000000","2024-05-26T17:30:23.182Z","buy","maker"
"0.08560000","140.00000000","2024-05-26T17:30:23.182Z","buy","maker"
"0.08566000","31954.20000000","2024-05-26T17:30:23.182Z","buy","maker"
"0.08569000","405.30000000","2024-05-26T17:30:23.182Z","buy","maker"
"0.08571000","2732.30000000","2024-05-26T17:30:23.182Z","buy","maker"
"0.08578000","2730.10000000","2024-05-26T17:30:23.182Z","buy","maker"
"0.08578000","40.60000000","2024-05-26T17:30:23.182Z","buy","maker"
"0.08580000","2729.30000000","2024-05-26T17:30:23.182Z","buy","maker"
"0.08591000","1158.30000000","2024-05-26T17:30:23.182Z","buy","maker"
"0.08600000","140.00000000","2024-05-26T17:30:23.182Z","buy","maker"
"0.08600000","525.00000000","2024-05-26T17:30:23.182Z","buy","maker"
"0.08605000","15435.70000000","2024-05-26T17:30:23.182Z","buy","maker"
"0.08605000","580.20000000","2024-05-26T17:30:23.182Z","buy","maker"
"0.08609000","51.00000000","2024-05-26T17:30:23.182Z","buy","maker"
"0.08611000","232.20000000","2024-05-26T17:30:23.182Z","buy","maker"
"0.08612000","403.30000000","2024-05-26T17:30:23.182Z","buy","maker"
"0.08613000","384.10000000","2024-05-26T17:30:23.182Z","buy","maker"
"0.08618000","1811.40000000","2024-05-26T17:30:23.182Z","buy","maker"
"0.08620000","48811.00000000","2024-05-26T17:30:23.182Z","buy","maker"
"0.08620000","560.00000000","2024-05-26T17:30:23.182Z","buy","maker"
"0.08621000","40.40000000","2024-05-26T17:30:23.182Z","buy","maker"
"0.08623000","1810.50000000","2024-05-26T17:30:23.182Z","buy","maker"
"0.08624000","1810.10000000","2024-05-26T17:30:23.182Z","buy","maker"
"0.08631000","2297.90000000","2024-05-26T17:30:23.182Z","buy","maker"
"0.08633000","575.90000000","2024-05-26T17:30:23.182Z","buy","maker"
"0.08634000","25563.40000000","2024-05-26T17:30:23.182Z","buy","maker"
"0.08636000","157.90000000","2024-05-26T17:30:23.182Z","buy","maker"
"0.08640000","140.00000000","2024-05-26T17:30:23.182Z","buy","maker"
"0.08640000","840.00000000","2024-05-26T17:30:23.182Z","buy","maker"
"0.08641000","30832.40000000","2024-05-26T17:30:23.182Z","buy","maker"
"0.08646000","115.60000000","2024-05-26T17:30:23.182Z","buy","maker"
"0.08650000","3449.10000000","2024-05-26T17:30:23.182Z","buy","maker"
"0.08650000","7061.80000000","2024-05-26T17:30:23.182Z","buy","maker"
"0.08654000","40.80000000","2024-05-26T17:30:23.182Z","buy","maker"
"0.08656000","76878.40000000","2024-05-26T17:30:23.182Z","buy","maker"
"0.08656000","401.20000000","2024-05-26T17:30:23.182Z","buy","maker"
"0.08658000","41.60000000","2024-05-26T17:30:23.182Z","buy","maker"
"0.08658000","5000.00000000","2024-05-26T17:30:23.182Z","buy","maker"
"0.08664000","40.20000000","2024-05-26T17:30:23.182Z","buy","maker"
"0.08667000","521.00000000","2024-05-26T17:30:23.182Z","buy","maker"
"0.08672000","45994.30000000","2024-05-26T17:30:23.182Z","buy","maker"
"0.08673000","12781.70000000","2024-05-26T17:30:23.182Z","buy","maker"
"0.08677000","25.00000000","2024-05-26T17:30:23.182Z","buy","maker"
"0.08679000","30832.40000000","2024-05-26T17:30:23.182Z","buy","maker"
"0.08685000","9407.10000000","2024-05-26T17:30:23.182Z","buy","maker"
"0.08687000","10225.40000000","2024-05-26T17:30:23.182Z","buy","maker"
"0.08689000","30832.40000000","2024-05-26T17:30:23.182Z","buy","maker"
"0.08693000","23306.20000000","2024-05-26T17:30:23.182Z","buy","maker"
"0.08694000","5112.70000000","2024-05-26T17:30:23.182Z","buy","maker"
"0.08694000","1960.00000000","2024-05-26T17:30:23.182Z","buy","maker"
"0.08695000","20000.00000000","2024-05-26T17:30:23.182Z","buy","maker"
"0.08696000","1986.30000000","2024-05-26T17:30:23.182Z","buy","maker"
"0.08697000","2556.30000000","2024-05-26T17:30:23.182Z","buy","maker"
"0.08699000","1278.20000000","2024-05-26T17:30:23.182Z","buy","maker"
"0.08699000","15435.70000000","2024-05-26T17:30:23.182Z","buy","maker"
"0.08700000","2140.00000000","2024-05-26T17:30:23.182Z","buy","maker"
"0.08701000","4000.00000000","2024-05-26T17:30:23.182Z","buy","maker"
"0.08703000","4736.40000000","2024-05-26T17:30:23.182Z","buy","maker"
"0.08703000","15031.90000000","2024-05-26T17:30:23.182Z","buy","maker"
"0.08703000","1900.00000000","2024-05-26T17:30:23.182Z","buy","maker"
"0.08704000","400.00000000","2024-05-26T17:30:23.182Z","buy","maker"
"0.08705000","10000.00000000","2024-05-26T17:30:23.182Z","buy","maker"
"0.08706000","800.00000000","2024-05-26T17:30:23.182Z","buy","maker"
"0.08706000","2000.00000000","2024-05-26T17:30:23.182Z","buy","maker"
"0.08706000","4514.60000000","2024-05-26T17:30:23.182Z","buy","maker"
"0.08707000","1992.40000000","2024-05-26T17:30:23.182Z","buy","maker"
"0.08707000","1000.00000000","2024-05-26T17:30:23.182Z","buy","maker"
"0.08715000","2461.50000000","2024-05-26T17:30:23.182Z","buy","maker"
"0.08715000","10221.10000000","2024-05-26T17:29:58.761Z","buy","maker"
"0.08715000","1900.00000000","2024-05-26T17:29:58.751Z","buy","maker"
"0.08715000","10000.00000000","2024-05-26T17:29:58.746Z","sell","maker"
"0.08714000","10000.00000000","2024-05-26T17:29:58.746Z","sell","maker"
"0.08712000","2000.00000000","2024-05-26T17:29:58.746Z","sell","maker"
"0.08712000","1219.60000000","2024-05-26T17:29:58.746Z","sell","maker"
"0.08712000","15031.90000000","2024-05-26T17:29:58.746Z","sell","maker"
"0.08712000","4000.00000000","2024-05-26T17:29:58.746Z","sell","maker"
"0.08711000","400.00000000","2024-05-26T17:29:58.746Z","sell","maker"
"0.08723000","1042.20000000","2024-05-26T17:23:45.566Z","sell","maker"
"0.08723000","1900.00000000","2024-05-26T17:23:45.566Z","sell","maker"
"0.08722000","400.00000000","2024-05-26T17:23:45.566Z","sell","maker"
"0.08723000","9309.50000000","2024-05-26T17:23:19.787Z","buy","maker"
"0.08728000","2563.10000000","2024-05-26T17:21:53.360Z","sell","maker"
"0.08727000","839.10000000","2024-05-26T17:21:53.360Z","sell","maker"
"0.08730000","7442.80000000","2024-05-26T17:21:32.269Z","sell","maker"
"0.08730000","839.10000000","2024-05-26T17:21:32.269Z","sell","maker"
"0.08726000","1900.00000000","2024-05-26T17:21:00.505Z","buy","maker"
"0.08726000","342.50000000","2024-05-26T17:21:00.505Z","buy","maker"
"0.08751000","1300.00000000","2024-05-26T17:17:44.969Z","sell","maker"
"0.08750000","1900.00000000","2024-05-26T17:17:44.969Z","sell","maker"
"0.08736000","1610.90000000","2024-05-26T17:17:44.816Z","sell","maker"
"0.08735000","800.00000000","2024-05-26T17:17:44.816Z","sell","maker"
"0.08735000","2839.80000000","2024-05-26T17:17:44.816Z","sell","maker"
"0.08735000","2060.20000000","2024-05-26T17:17:44.815Z","sell","maker"
"0.08735000","5100.00000000","2024-05-26T17:17:44.814Z","sell","maker"
"0.08734000","492.20000000","2024-05-26T17:17:44.814Z","sell","maker"
"0.08734000","1507.80000000","2024-05-26T17:17:44.811Z","sell","maker"
"0.08733000","843.10000000","2024-05-26T17:17:44.811Z","sell","maker"
"0.08733000","1056.90000000","2024-05-26T17:17:44.811Z","sell","maker"
"0.08732000","1000.00000000","2024-05-26T17:17:44.811Z","sell","maker"
"0.08732000","900.00000000","2024-05-26T17:17:44.809Z","sell","maker"
"0.08728000","1900.00000000","2024-05-26T17:17:44.809Z","sell","maker"
"0.08733000","1662.20000000","2024-05-26T17:17:44.805Z","sell","maker"
"0.08733000","207.80000000","2024-05-26T17:17:44.804Z","sell","maker"
"0.08732000","1678.10000000","2024-05-26T17:17:44.804Z","sell","maker"
"0.08728000","1214.10000000","2024-05-26T17:17:44.804Z","sell","maker"
"0.08728000","1900.00000000","2024-05-26T17:17:44.804Z","sell","maker"
"0.08719000","4971.50000000","2024-05-26T17:16:42.624Z","buy","maker"
"0.08719000","400.00000000","2024-05-26T17:16:42.624Z","buy","maker"
"0.08719000","628.50000000","2024-05-26T17:16:42.624Z","buy","maker"
"0.08721000","357.70000000","2024-05-26T17:16:19.068Z","sell","maker"
"0.08711000","2043.10000000","2024-05-26T17:14:51.522Z","buy","maker"
"0.08711000","1900.00000000","2024-05-26T17:14:51.522Z","buy","maker"
"0.08712000","1256.90000000","2024-05-26T17:14:51.522Z","buy","maker"
"0.08712000","400.00000000","2024-05-26T17:14:51.522Z","buy","maker"
"0.08724000","60.50000000","2024-05-26T17:14:23.363Z","sell","maker"
"0.08729000","20.00000000","2024-05-26T17:12:24.278Z","sell","maker"
"0.08735000","2797.60000000","2024-05-26T17:11:16.130Z","sell","maker"
"0.08735000","1900.00000000","2024-05-26T17:11:16.130Z","sell","maker"
"0.08734000","1470.90000000","2024-05-26T17:11:16.130Z","sell","maker"
"0.08728000","208.40000000","2024-05-26T17:09:51.254Z","buy","maker"
"0.08728000","7094.50000000","2024-05-26T17:08:53.587Z","buy","maker"
"0.08728000","1900.00000000","2024-05-26T17:08:53.587Z","buy","maker"
"0.08729000","1042.90000000","2024-05-26T17:08:53.587Z","buy","maker"
"0.08734000","596.80000000","2024-05-26T17:07:16.156Z","sell","maker"
"0.08729000","4628.10000000","2024-05-26T17:06:01.532Z","buy","maker"
"0.08729000","1900.00000000","2024-05-26T17:06:01.532Z","buy","maker"
"0.08734000","56.70000000","2024-05-26T17:05:26.505Z","sell","maker"
"0.08734000","190.40000000","2024-05-26T17:04:28.638Z","buy","maker"
"0.08734000","41.70000000","2024-05-26T17:03:56.658Z","buy","maker"
"0.08747000","102.00000000","2024-05-26T17:03:16.394Z","sell","maker"
"0.08729000","0.40000000","2024-05-26T17:01:15.370Z","sell","maker"
"0.08729000","819.70000000","2024-05-26T16:59:17.429Z","buy","maker"
"0.08736000","407.10000000","2024-05-26T16:55:50.402Z","buy","maker"
"0.08736000","160.60000000","2024-05-26T16:55:50.314Z","buy","maker"
"0.08740000","537.70000000","2024-05-26T16:51:24.081Z","buy","maker"
"0.08741000","572.10000000","2024-05-26T16:51:24.081Z","buy","maker"
"0.08750000","29.60000000","2024-05-26T16:49:24.463Z","sell","maker"
"0.08749000","3050.90000000","2024-05-26T16:49:18.183Z","buy","maker"
"0.08753000","1879.30000000","2024-05-26T16:49:01.231Z","sell","maker"
"0.08743000","113.20000000","2024-05-26T16:47:55.229Z","sell","maker"
"0.08739000","2548.00000000","2024-05-26T16:45:08.097Z","buy","maker"
"0.08740000","2240.00000000","2024-05-26T16:45:08.097Z","buy","maker"
"0.08741000","1287.70000000","2024-05-26T16:45:08.097Z","buy","maker"
"0.08742000","2575.40000000","2024-05-26T16:45:08.097Z","buy","maker"
"0.08744000","15435.70000000","2024-05-26T16:45:08.097Z","buy","maker"
"0.08745000","4190.40000000","2024-05-26T16:45:08.097Z","buy","maker"
"0.08746000","2090.00000000","2024-05-26T16:45:08.097Z","buy","maker"
"0.08746000","3332.80000000","2024-05-26T16:45:08.097Z","buy","maker"
"0.08747000","4000.00000000","2024-05-26T16:45:08.097Z","buy","maker"
"0.08747000","10000.00000000","2024-05-26T16:45:08.097Z","buy","maker"
"0.08748000","1900.00000000","2024-05-26T16:45:08.097Z","buy","maker"
"0.08748000","400.00000000","2024-05-26T16:45:08.097Z","buy","maker"
"0.08754000","226.10000000","2024-05-26T16:44:43.572Z","sell","maker"
"0.08747000","1000.00000000","2024-05-26T16:44:22.136Z","buy","maker"
"0.08736000","544.00000000","2024-05-26T16:42:42.222Z","sell","maker"
"0.08734000","140.80000000","2024-05-26T16:42:03.027Z","sell","maker"
"0.08733000","116.10000000","2024-05-26T16:42:00.028Z","sell","maker"
"0.08732000","266.50000000","2024-05-26T16:41:55.087Z","sell","maker"
"0.08727000","295.70000000","2024-05-26T16:39:07.832Z","sell","maker"
"0.08726000","1357.80000000","2024-05-26T16:39:07.832Z","sell","maker"
"0.08726000","1000.00000000","2024-05-26T16:39:07.832Z","sell","maker"
"0.08725000","1900.00000000","2024-05-26T16:39:07.832Z","sell","maker"
"0.08724000","400.00000000","2024-05-26T16:39:07.832Z","sell","maker"
"0.08719000","616.60000000","2024-05-26T16:39:07.832Z","sell","maker"
"0.08705000","690.00000000","2024-05-26T16:38:02.698Z","sell","maker"
"0.08704000","900.70000000","2024-05-26T16:37:43.108Z","sell","maker"
"0.08690000","6209.30000000","2024-05-26T16:37:07.982Z","buy","maker"
"0.08691000","400.00000000","2024-05-26T16:37:07.982Z","buy","maker"
"0.08691000","1269.10000000","2024-05-26T16:37:07.982Z","buy","maker"
"0.08691000","1900.00000000","2024-05-26T16:37:07.982Z","buy","maker"
"0.08697000","1481.40000000","2024-05-26T16:34:52.258Z","sell","maker"
"0.08697000","5389.90000000","2024-05-26T16:34:52.258Z","sell","maker"
"0.08697000","1446.60000000","2024-05-26T16:34:52.258Z","sell","maker"
"0.08711000","267.30000000","2024-05-26T16:31:55.675Z","sell","maker"
"0.08689000","714.80000000","2024-05-26T16:28:24.938Z","buy","maker"
"0.08689000","824.20000000","2024-05-26T16:28:24.938Z","buy","maker"
"0.08689000","1900.00000000","2024-05-26T16:28:24.938Z","buy","maker"
"0.08686000","570.00000000","2024-05-26T16:26:59.560Z","sell","maker"
"0.08682000","30.70000000","2024-05-26T16:25:23.450Z","sell","maker"
"0.08692000","2954.40000000","2024-05-26T16:23:54.265Z","sell","maker"
"0.08692000","400.00000000","2024-05-26T16:23:54.265Z","sell","maker"
"0.08677000","826.40000000","2024-05-26T16:22:07.759Z","buy","maker"
"0.08680000","1890.00000000","2024-05-26T16:22:07.759Z","buy","maker"
"0.08680000","140.00000000","2024-05-26T16:22:07.759Z","buy","maker"
"0.08681000","3872.90000000","2024-05-26T16:22:07.759Z","buy","maker"
"0.08683000","12119.40000000","2024-05-26T16:22:07.759Z","buy","maker"
"0.08684000","10000.00000000","2024-05-26T16:22:07.759Z","buy","maker"
"0.08684000","23306.20000000","2024-05-26T16:22:07.759Z","buy","maker"
"0.08684000","316.50000000","2024-05-26T16:22:07.759Z","buy","maker"
"0.08686000","2240.00000000","2024-05-26T16:22:07.759Z","buy","maker"
"0.08687000","3029.90000000","2024-05-26T16:22:07.759Z","buy","maker"
"0.08687000","4339.10000000","2024-05-26T16:22:07.759Z","buy","maker"
"0.08687000","6059.70000000","2024-05-26T16:22:07.759Z","buy","maker"
"0.08688000","1514.90000000","2024-05-26T16:22:07.759Z","buy","maker"
"0.08690000","2000.00000000","2024-05-26T16:22:07.759Z","buy","maker"
"0.08690000","15435.70000000","2024-05-26T16:22:07.759Z","buy","maker"
"0.08691000","400.00000000","2024-05-26T16:22:07.759Z","buy","maker"
"0.08691000","1047.80000000","2024-05-26T16:22:07.759Z","buy","maker"
"0.08691000","1900.00000000","2024-05-26T16:22:07.759Z","buy","maker"
"0.08701000","585.50000000","2024-05-26T16:21:44.965Z","sell","maker"
"0.08700000","601.30000000","2024-05-26T16:21:44.965Z","sell","maker"
"0.08692000","642.20000000","2024-05-26T16:21:25.634Z","sell","maker"
"0.08687000","228.30000000","2024-05-26T16:20:53.454Z","buy","maker"
"0.08698000","84.80000000","2024-05-26T16:20:12.009Z","sell","maker"
"0.08691000","1180.30000000","2024-05-26T16:20:03.660Z","buy","maker"
"0.08723000","9681.30000000","2024-05-26T16:18:42.860Z","sell","maker"
"0.08723000","12659.50000000","2024-05-26T16:18:42.860Z","sell","maker"
"0.08722000","2590.00000000","2024-05-26T16:18:42.860Z","sell","maker"
"0.08721000","6329.70000000","2024-05-26T16:18:42.860Z","sell","maker"
"0.08719000","15435.70000000","2024-05-26T16:18:42.860Z","sell","maker"
"0.08718000","3164.90000000","2024-05-26T16:18:42.860Z","sell","maker"
"0.08717000","1582.40000000","2024-05-26T16:18:42.860Z","sell","maker"
"0.08716000","1890.00000000","2024-05-26T16:18:42.860Z","sell","maker"
"0.08715000","2789.40000000","2024-05-26T16:18:42.860Z","sell","maker"
"0.08710000","10000.00000000","2024-05-26T16:18:42.860Z","sell","maker"
"0.08706000","4000.00000000","2024-05-26T16:18:42.860Z","sell","maker"
"0.08705000","2000.00000000","2024-05-26T16:18:42.860Z","sell","maker"
"0.08705000","15031.90000000","2024-05-26T16:18:42.860Z","sell","maker"
"0.08705000","1900.00000000","2024-05-26T16:18:42.860Z","sell","maker"
"0.08704000","200.00000000","2024-05-26T16:18:42.860Z","sell","maker"
"0.08690000","50.50000000","2024-05-26T16:17:34.252Z","buy","maker"
"0.08694000","1237.90000000","2024-05-26T16:17:26.755Z","buy","maker"
"0.08725000","6342.70000000","2024-05-26T16:14:37.360Z","buy","maker"
"0.08725000","1900.00000000","2024-05-26T16:14:37.360Z","buy","maker"
"0.08726000","1494.30000000","2024-05-26T16:14:37.360Z","buy","maker"
"0.08731000","2419.10000000","2024-05-26T16:14:23.140Z","sell","maker"
"0.08731000","996.20000000","2024-05-26T16:14:23.140Z","sell","maker"
"0.08731000","1900.00000000","2024-05-26T16:14:23.140Z","sell","maker"
"0.08730000","400.00000000","2024-05-26T16:14:23.140Z","sell","maker"
"0.08742000","28951.30000000","2024-05-26T16:14:15.309Z","sell","maker"
"0.08740000","2600.00000000","2024-05-26T16:14:15.309Z","sell","maker"
"0.08737000","23306.20000000","2024-05-26T16:14:15.309Z","sell","maker"
"0.08732000","15435.70000000","2024-05-26T16:14:15.309Z","sell","maker"
"0.08731000","1159.30000000","2024-05-26T16:14:15.309Z","sell","maker"
"0.08731000","10000.00000000","2024-05-26T16:14:15.309Z","sell","maker"
"0.08730000","1992.40000000","2024-05-26T16:14:15.309Z","sell","maker"
"0.08729000","4000.00000000","2024-05-26T16:14:15.309Z","sell","maker"
"0.08722000","209.90000000","2024-05-26T16:12:20.573Z","sell","maker"
"0.08739000","801.00000000","2024-05-26T16:10:12.381Z","buy","maker"
"0.08739000","1180.20000000","2024-05-26T16:03:56.378Z","buy","maker"
"0.08745000","1180.20000000","2024-05-26T16:03:12.932Z","sell","maker"
"0.08756000","660.70000000","2024-05-26T16:02:15.071Z","sell","maker"
"0.08758000","1180.30000000","2024-05-26T16:01:45.604Z","sell","maker"
"0.08753000","282.90000000","2024-05-26T16:01:34.982Z","sell","maker"
"0.08734000","57.20000000","2024-05-26T16:00:53.717Z","buy","maker"
"0.08732000","577.20000000","2024-05-26T16:00:28.247Z","sell","maker"
"0.08720000","341.50000000","2024-05-26T15:57:59.015Z","buy","maker"
"0.08724000","3.10000000","2024-05-26T15:54:27.614Z","sell","maker"
"0.08695000","592.50000000","2024-05-26T15:53:26.175Z","buy","maker"
"0.08696000","1900.00000000","2024-05-26T15:53:26.175Z","buy","maker"
"0.08691000","1145.00000000","2024-05-26T15:51:46.530Z","buy","maker"
"0.08699000","1872.50000000","2024-05-26T15:51:29.452Z","buy","maker"
"0.08699000","1900.00000000","2024-05-26T15:51:29.449Z","buy","maker"
"0.08699000","1900.00000000","2024-05-26T15:51:29.443Z","buy","maker"
"0.08699000","4327.50000000","2024-05-26T15:51:29.416Z","buy","maker"
"0.08700000","399.20000000","2024-05-26T15:51:22.758Z","buy","maker"
"0.08712000","1797.30000000","2024-05-26T15:50:20.384Z","sell","maker"
"0.08711000","1900.00000000","2024-05-26T15:50:20.384Z","sell","maker"
"0.08711000","400.00000000","2024-05-26T15:50:20.384Z","sell","maker"
"0.08707000","40.00000000","2024-05-26T15:50:12.968Z","buy","maker"
"0.08715000","1190.00000000","2024-05-26T15:47:53.537Z","buy","maker"
"0.08716000","1900.00000000","2024-05-26T15:47:53.537Z","buy","maker"
"0.08716000","711.00000000","2024-05-26T15:47:53.516Z","buy","maker"
"0.08716000","1900.00000000","2024-05-26T15:47:53.516Z","buy","maker"
"0.08724000","5701.00000000","2024-05-26T15:47:45.693Z","sell","maker"
"0.08728000","30.70000000","2024-05-26T15:47:09.127Z","sell","maker"
"0.08733000","1.40000000","2024-05-26T15:47:06.762Z","buy","maker"
"0.08734000","3743.00000000","2024-05-26T15:47:03.397Z","buy","maker"
"0.08746000","4000.00000000","2024-05-26T15:46:40.073Z","buy","maker"
"0.08762000","4000.00000000","2024-05-26T15:46:15.617Z","buy","maker"
"0.08771000","4000.00000000","2024-05-26T15:45:47.881Z","buy","maker"
"0.08795000","20.00000000","2024-05-26T15:43:17.422Z","buy","maker"
"0.08795000","852.10000000","2024-05-26T15:41:44.101Z","buy","maker"
"0.08817000","168.40000000","2024-05-26T15:38:40.187Z","sell","maker"
"0.08815000","404.30000000","2024-05-26T15:38:06.062Z","sell","maker"
"0.08820000","40.00000000","2024-05-26T15:34:01.588Z","sell","maker"
"0.08818000","5684.40000000","2024-05-26T15:33:42.535Z","buy","maker"
"0.08808000","1502.60000000","2024-05-26T15:33:23.151Z","buy","maker"
"0.08813000","4000.00000000","2024-05-26T15:33:23.151Z","buy","maker"
"0.08813000","15031.90000000","2024-05-26T15:33:23.151Z","buy","maker"
"0.08813000","1900.00000000","2024-05-26T15:33:23.151Z","buy","maker"
"0.08813000","399.20000000","2024-05-26T15:33:03.884Z","sell","maker"
"0.08792000","3215.40000000","2024-05-26T15:27:11.265Z","sell","maker"
"0.08792000","3569.20000000","2024-05-26T15:27:11.246Z","sell","maker"
"0.08792000","1693.40000000","2024-05-26T15:27:11.234Z","sell","maker"
"0.08792000","1522.00000000","2024-05-26T15:27:11.234Z","sell","maker"
"0.08791000","2210.40000000","2024-05-26T15:26:16.359Z","sell","maker"
"0.08779000","7172.10000000","2024-05-26T15:24:55.365Z","buy","maker"
"0.08781000","5058.50000000","2024-05-26T15:24:55.365Z","buy","maker"
"0.08781000","2634.20000000","2024-05-26T15:24:55.365Z","buy","maker"
"0.08781000","1317.10000000","2024-05-26T15:24:55.365Z","buy","maker"
"0.08782000","711.00000000","2024-05-26T15:24:55.365Z","buy","maker"
"0.08783000","2043.10000000","2024-05-26T15:24:55.365Z","buy","maker"
"0.08783000","1600.00000000","2024-05-26T15:24:55.365Z","buy","maker"
"0.08784000","4000.00000000","2024-05-26T15:24:55.365Z","buy","maker"
"0.08784000","2240.00000000","2024-05-26T15:24:55.365Z","buy","maker"
"0.08785000","1900.00000000","2024-05-26T15:24:55.365Z","buy","maker"
"0.08794000","83.30000000","2024-05-26T15:24:29.103Z","sell","maker"
"0.08788000","7.20000000","2024-05-26T15:17:21.228Z","sell","maker"
"0.08780000","1422.90000000","2024-05-26T15:17:10.801Z","buy","maker"
"0.08781000","400.00000000","2024-05-26T15:17:10.801Z","buy","maker"
"0.08781000","1414.80000000","2024-05-26T15:17:10.801Z","buy","maker"
"0.08782000","1900.00000000","2024-05-26T15:17:10.801Z","buy","maker"
"0.08793000","208.40000000","2024-05-26T15:15:57.045Z","sell","maker"
"0.08795000","1032.90000000","2024-05-26T15:14:50.451Z","buy","maker"
"0.08805000","2463.90000000","2024-05-26T15:13:40.775Z","sell","maker"
"0.08805000","1900.00000000","2024-05-26T15:13:40.775Z","sell","maker"
"0.08804000","1155.10000000","2024-05-26T15:13:40.775Z","sell","maker"
"0.08794000","3002.60000000","2024-05-26T15:13:37.266Z","buy","maker"
"0.08795000","400.00000000","2024-05-26T15:13:37.266Z","buy","maker"
"0.08795000","1674.40000000","2024-05-26T15:13:37.266Z","buy","maker"
"0.08795000","1900.00000000","2024-05-26T15:13:37.266Z","buy","maker"
"0.08811000","337.10000000","2024-05-26T15:08:04.953Z","sell","maker"
"0.08810000","1765.60000000","2024-05-26T15:05:49.158Z","sell","maker"
"0.08809000","635.90000000","2024-05-26T15:05:49.158Z","sell","maker"
"0.08799000","1277.60000000","2024-05-26T15:05:06.601Z","buy","maker"
"0.08804000","1082.70000000","2024-05-26T15:04:59.760Z","sell","maker"
"0.08802000","2956.30000000","2024-05-26T15:04:50.850Z","sell","maker"
"0.08802000","1900.00000000","2024-05-26T15:04:50.850Z","sell","maker"
"0.08801000","1271.80000000","2024-05-26T15:04:50.850Z","sell","maker"
"0.08801000","400.00000000","2024-05-26T15:04:50.850Z","sell","maker"
"0.08802000","645.20000000","2024-05-26T15:03:28.568Z","buy","maker"
"0.08802000","160.30000000","2024-05-26T15:01:22.306Z","buy","maker"
"0.08810000","208.00000000","2024-05-26T15:00:52.030Z","sell","maker"
"0.08799000","30.70000000","2024-05-26T14:59:10.461Z","buy","maker"
"0.08803000","11.20000000","2024-05-26T14:58:54.170Z","sell","maker"
"0.08800000","540.20000000","2024-05-26T14:57:08.944Z","sell","maker"
"0.08777000","793.30000000","2024-05-26T14:52:41.802Z","buy","maker"
"0.08777000","129.20000000","2024-05-26T14:50:38.266Z","sell","maker"
"0.08790000","56.30000000","2024-05-26T14:48:26.529Z","sell","maker"
"0.08781000","70.10000000","2024-05-26T14:47:26.200Z","buy","maker"
"0.08781000","400.00000000","2024-05-26T14:47:26.200Z","buy","maker"
"0.08782000","1429.90000000","2024-05-26T14:47:26.200Z","buy","maker"
"0.08782000","3983.60000000","2024-05-26T14:47:25.241Z","sell","maker"
"0.08782000","880.50000000","2024-05-26T14:47:25.234Z","sell","maker"
"0.08781000","1124.90000000","2024-05-26T14:47:25.234Z","sell","maker"
"0.08771000","5269.00000000","2024-05-26T14:46:51.037Z","buy","maker"
"0.08771000","1900.00000000","2024-05-26T14:46:51.037Z","buy","maker"
"0.08779000","540.30000000","2024-05-26T14:46:33.411Z","sell","maker"
"0.08763000","100.40000000","2024-05-26T14:46:02.471Z","buy","maker"
"0.08766000","1015.50000000","2024-05-26T14:45:01.259Z","sell","maker"
"0.08766000","770.50000000","2024-05-26T14:45:01.259Z","sell","maker"
"0.08766000","1129.50000000","2024-05-26T14:45:00.624Z","sell","maker"
"0.08755000","1083.40000000","2024-05-26T14:42:09.322Z","sell","maker"
"0.08738000","1900.00000000","2024-05-26T14:40:33.581Z","sell","maker"
"0.08717000","1007.10000000","2024-05-26T14:37:40.684Z","buy","maker"
"0.08721000","8354.60000000","2024-05-26T14:37:14.551Z","buy","maker"
"0.08721000","1194.70000000","2024-05-26T14:37:14.551Z","buy","maker"
"0.08725000","472.10000000","2024-05-26T14:36:26.764Z","sell","maker"
"0.08725000","5107.50000000","2024-05-26T14:36:26.764Z","sell","maker"
"0.08724000","1589.40000000","2024-05-26T14:36:26.764Z","sell","maker"
"0.08714000","18.80000000","2024-05-26T14:35:47.872Z","buy","maker"
"0.08714000","800.00000000","2024-05-26T14:35:47.872Z","buy","maker"
"0.08717000","1.40000000","2024-05-26T14:30:50.164Z","sell","maker"
"0.08712000","200.70000000","2024-05-26T14:30:14.089Z","buy","maker"
"0.08718000","1504.00000000","2024-05-26T14:30:13.329Z","sell","maker"
"0.08718000","1213.80000000","2024-05-26T14:30:13.329Z","sell","maker"
"0.08721000","227.00000000","2024-05-26T14:27:59.903Z","sell","maker"
"0.08714000","90.80000000","2024-05-26T14:27:41.509Z","buy","maker"
"0.08715000","586.80000000","2024-05-26T14:27:41.509Z","buy","maker"
"0.08715000","1822.10000000","2024-05-26T14:27:41.509Z","buy","maker"
"0.08717000","1000.00000000","2024-05-26T14:27:41.509Z","buy","maker"
"0.08722000","4107.30000000","2024-05-26T14:27:41.509Z","buy","maker"
"0.08722000","5892.70000000","2024-05-26T14:27:15.621Z","buy","maker"
"0.08732000","1133.80000000","2024-05-26T14:25:53.252Z","sell","maker"
"0.08726000","11.50000000","2024-05-26T14:25:15.060Z","buy","maker"
"0.08734000","729.70000000","2024-05-26T14:17:10.209Z","buy","maker"
"0.08739000","680.10000000","2024-05-26T14:15:35.271Z","buy","maker"
"0.08744000","39.90000000","2024-05-26T14:15:05.463Z","sell","maker"
"0.08723000","14258.50000000","2024-05-26T14:12:22.005Z","buy","maker"
"0.08724000","23422.00000000","2024-05-26T14:12:22.005Z","buy","maker"
"0.08727000","15791.10000000","2024-05-26T14:12:22.005Z","buy","maker"
"0.08727000","2715.60000000","2024-05-26T14:12:22.005Z","buy","maker"
"0.08728000","10000.00000000","2024-05-26T14:12:22.005Z","buy","maker"
"0.08729000","1357.80000000","2024-05-26T14:12:22.005Z","buy","maker"
"0.08729000","15579.70000000","2024-05-26T14:12:22.005Z","buy","maker"
"0.08730000","2460.00000000","2024-05-26T14:12:22.005Z","buy","maker"
"0.08731000","2000.00000000","2024-05-26T14:12:22.005Z","buy","maker"
"0.08732000","400.00000000","2024-05-26T14:12:22.005Z","buy","maker"
"0.08732000","3141.60000000","2024-05-26T14:12:22.005Z","buy","maker"
"0.08732000","1900.00000000","2024-05-26T14:12:22.005Z","buy","maker"
"0.08733000","861.30000000","2024-05-26T14:12:22.005Z","buy","maker"
"0.08733000","400.00000000","2024-05-26T14:12:22.005Z","buy","maker"
"0.08737000","540.30000000","2024-05-26T14:12:22.005Z","buy","maker"
"0.08737000","131.50000000","2024-05-26T14:11:44.141Z","buy","maker"
"0.08748000","266.00000000","2024-05-26T14:09:31.071Z","sell","maker"
"0.08744000","58.80000000","2024-05-26T14:09:12.166Z","buy","maker"
"0.08735000","1194.50000000","2024-05-26T14:06:58.271Z","buy","maker"
"0.08744000","15031.90000000","2024-05-26T14:05:10.415Z","buy","maker"
"0.08767000","272.80000000","2024-05-26T14:01:27.303Z","sell","maker"
"0.08764000","850.80000000","2024-05-26T14:01:27.303Z","sell","maker"
"0.08763000","4000.00000000","2024-05-26T14:01:27.303Z","sell","maker"
"0.08761000","5301.30000000","2024-05-26T14:01:27.303Z","sell","maker"
"0.08761000","1900.00000000","2024-05-26T14:01:27.303Z","sell","maker"
"0.08751000","226.30000000","2024-05-26T13:59:55.898Z","sell","maker"
"0.08742000","1493.60000000","2024-05-26T13:59:33.501Z","sell","maker"
"0.08742000","1900.00000000","2024-05-26T13:59:33.494Z","sell","maker"
"0.08742000","3583.80000000","2024-05-26T13:59:33.489Z","sell","maker"
"0.08742000","1720.30000000","2024-05-26T13:59:33.479Z","sell","maker"
"0.08742000","1760.30000000","2024-05-26T13:59:33.468Z","sell","maker"
"0.08742000","1900.00000000","2024-05-26T13:59:27.720Z","sell","maker"
"0.08742000","2119.70000000","2024-05-26T13:59:27.452Z","sell","maker"
"0.08742000","1603.80000000","2024-05-26T13:59:27.441Z","sell","maker"
"0.08742000","1037.80000000","2024-05-26T13:59:27.437Z","sell","maker"
"0.08742000","1319.90000000","2024-05-26T13:59:27.151Z","sell","maker"
"0.08725000","73.70000000","2024-05-26T13:56:56.243Z","buy","maker"
"0.08722000","170.30000000","2024-05-26T13:50:04.669Z","sell","maker"
"0.08722000","56.80000000","2024-05-26T13:50:04.056Z","sell","maker"
"0.08707000","489.00000000","2024-05-26T13:48:05.665Z","buy","maker"
"0.08708000","647.20000000","2024-05-26T13:48:05.665Z","buy","maker"
"0.08709000","1900.00000000","2024-05-26T13:48:05.665Z","buy","maker"
"0.08720000","571.70000000","2024-05-26T13:48:00.943Z","sell","maker"
"0.08710000","3098.00000000","2024-05-26T13:46:02.506Z","sell","maker"
"0.08710000","2166.80000000","2024-05-26T13:46:02.502Z","sell","maker"
"0.08710000","3924.00000000","2024-05-26T13:46:02.494Z","sell","maker"
"0.08709000","680.90000000","2024-05-26T13:45:21.668Z","buy","maker"
"0.08716000","3918.80000000","2024-05-26T13:43:29.187Z","sell","maker"
"0.08716000","1900.00000000","2024-05-26T13:43:29.187Z","sell","maker"
"0.08692000","2143.60000000","2024-05-26T13:40:52.398Z","sell","maker"
"0.08692000","3943.10000000","2024-05-26T13:40:52.398Z","sell","maker"
"0.08692000","56.90000000","2024-05-26T13:40:47.747Z","sell","maker"
"0.08697000","22.00000000","2024-05-26T13:40:20.609Z","buy","maker"
"0.08700000","114.40000000","2024-05-26T13:39:39.934Z","buy","maker"
"0.08700000","399.20000000","2024-05-26T13:39:39.934Z","buy","maker"
"0.08704000","11488.40000000","2024-05-26T13:39:39.934Z","buy","maker"
"0.08707000","40.00000000","2024-05-26T13:39:11.202Z","buy","maker"
"0.08711000","823.30000000","2024-05-26T13:38:22.503Z","buy","maker"
"0.08712000","1176.70000000","2024-05-26T13:38:22.503Z","buy","maker"
"0.08719000","170.30000000","2024-05-26T13:38:13.452Z","sell","maker"
"0.08728000","391.30000000","2024-05-26T13:37:51.660Z","buy","maker"
"0.08728000","1900.00000000","2024-05-26T13:37:51.240Z","buy","maker"
"0.08731000","30.70000000","2024-05-26T13:37:18.608Z","sell","maker"
"0.08733000","18.80000000","2024-05-26T13:35:59.361Z","buy","maker"
"0.08742000","61.40000000","2024-05-26T13:34:47.599Z","sell","maker"
"0.08741000","153.00000000","2024-05-26T13:32:31.009Z","sell","maker"
"0.08742000","1384.30000000","2024-05-26T13:28:02.468Z","sell","maker"
"0.08746000","13319.00000000","2024-05-26T13:25:53.956Z","buy","maker"
"0.08747000","15031.90000000","2024-05-26T13:25:53.956Z","buy","maker"
"0.08747000","1900.00000000","2024-05-26T13:25:53.956Z","buy","maker"
"0.08750000","582.30000000","2024-05-26T13:24:40.172Z","buy","maker"
"0.08745000","284.20000000","2024-05-26T13:20:15.007Z","sell","maker"
"0.08745000","56.60000000","2024-05-26T13:20:13.878Z","sell","maker"
"0.08749000","1190.60000000","2024-05-26T13:19:39.898Z","sell","maker"
"0.08741000","410.20000000","2024-05-26T13:19:27.817Z","buy","maker"
"0.08741000","1900.00000000","2024-05-26T13:19:27.817Z","buy","maker"
"0.08745000","636.80000000","2024-05-26T13:17:50.690Z","sell","maker"
"0.08737000","6219.40000000","2024-05-26T13:17:44.522Z","buy","maker"
"0.08738000","713.20000000","2024-05-26T13:17:44.522Z","buy","maker"
"0.08739000","1900.00000000","2024-05-26T13:17:44.522Z","buy","maker"
"0.08746000","2450.30000000","2024-05-26T13:16:44.451Z","sell","maker"
"0.08746000","1900.00000000","2024-05-26T13:16:44.451Z","sell","maker"
"0.08746000","4000.00000000","2024-05-26T13:16:44.451Z","sell","maker"
"0.08742000","56.60000000","2024-05-26T13:15:44.091Z","sell","maker"
"0.08733000","656.60000000","2024-05-26T13:15:31.933Z","buy","maker"
"0.08733000","2410.00000000","2024-05-26T13:15:31.933Z","buy","maker"
"0.08734000","4000.00000000","2024-05-26T13:15:31.933Z","buy","maker"
"0.08734000","2000.00000000","2024-05-26T13:15:31.933Z","buy","maker"
"0.08734000","6292.20000000","2024-05-26T13:15:31.933Z","buy","maker"
"0.08734000","1371.50000000","2024-05-26T13:15:31.933Z","buy","maker"
"0.08735000","1369.70000000","2024-05-26T13:15:31.933Z","buy","maker"
"0.08736000","1900.00000000","2024-05-26T13:15:31.933Z","buy","maker"
"0.08741000","56.60000000","2024-05-26T13:12:13.241Z","sell","maker"
"0.08760000","50.00000000","2024-05-26T13:07:29.331Z","sell","maker"
"0.08766000","1140.00000000","2024-05-26T13:02:24.222Z","buy","maker"
"0.08768000","56.70000000","2024-05-26T12:53:37.142Z","buy","maker"
"0.08779000","60.40000000","2024-05-26T12:50:49.917Z","sell","maker"
"0.08778000","4000.00000000","2024-05-26T12:50:49.917Z","sell","maker"
"0.08778000","400.00000000","2024-05-26T12:50:49.917Z","sell","maker"
"0.08778000","4739.00000000","2024-05-26T12:50:49.917Z","sell","maker"
"0.08777000","1900.00000000","2024-05-26T12:50:49.917Z","sell","maker"
"0.08778000","1232.30000000","2024-05-26T12:50:47.896Z","sell","maker"
"0.08778000","254.70000000","2024-05-26T12:50:47.609Z","sell","maker"
"0.08778000","7492.70000000","2024-05-26T12:50:15.697Z","sell","maker"
"0.08777000","1245.20000000","2024-05-26T12:50:15.697Z","sell","maker"
"0.08777000","2000.00000000","2024-05-26T12:50:15.697Z","sell","maker"
"0.08777000","4000.00000000","2024-05-26T12:50:15.697Z","sell","maker"
"0.08776000","5917.40000000","2024-05-26T12:50:15.697Z","sell","maker"
"0.08776000","1900.00000000","2024-05-26T12:50:15.697Z","sell","maker"
"0.08765000","1685.00000000","2024-05-26T12:49:49.118Z","buy","maker"
"0.08766000","5699.90000000","2024-05-26T12:49:49.118Z","buy","maker"
"0.08766000","1402.40000000","2024-05-26T12:49:49.118Z","buy","maker"
"0.08767000","2748.50000000","2024-05-26T12:49:49.118Z","buy","maker"
"0.08767000","2000.00000000","2024-05-26T12:49:49.118Z","buy","maker"
"0.08767000","1860.00000000","2024-05-26T12:49:49.118Z","buy","maker"
"0.08768000","1494.30000000","2024-05-26T12:49:49.118Z","buy","maker"
"0.08769000","4000.00000000","2024-05-26T12:49:49.118Z","buy","maker"
"0.08769000","1900.00000000","2024-05-26T12:49:49.118Z","buy","maker"
"0.08778000","2.50000000","2024-05-26T12:42:16.748Z","sell","maker"
"0.08778000","4000.00000000","2024-05-26T12:42:16.748Z","sell","maker"
"0.08777000","1900.00000000","2024-05-26T12:42:16.748Z","sell","maker"
"0.08760000","360.30000000","2024-05-26T12:33:45.691Z","sell","maker"
"0.08759000","1900.00000000","2024-05-26T12:33:45.691Z","sell","maker"
"0.08758000","22.60000000","2024-05-26T12:33:15.415Z","sell","maker"
"0.08749000","6.20000000","2024-05-26T12:33:09.128Z","buy","maker"
"0.08754000","1003.80000000","2024-05-26T12:32:47.020Z","sell","maker"
"0.08754000","996.20000000","2024-05-26T12:32:47.020Z","sell","maker"
"0.08749000","10000.00000000","2024-05-26T12:32:47.020Z","sell","maker"
"0.08745000","1900.00000000","2024-05-26T12:32:47.016Z","sell","maker"
"0.08746000","2781.60000000","2024-05-26T12:25:48.580Z","sell","maker"
"0.08746000","10000.00000000","2024-05-26T12:25:48.580Z","sell","maker"
"0.08745000","5543.40000000","2024-05-26T12:25:48.580Z","sell","maker"
"0.08744000","1992.40000000","2024-05-26T12:25:48.580Z","sell","maker"
"0.08744000","1900.00000000","2024-05-26T12:25:48.580Z","sell","maker"
"0.08733000","1571.60000000","2024-05-26T12:25:07.345Z","buy","maker"
"0.08734000","200.00000000","2024-05-26T12:25:07.345Z","buy","maker"
"0.08734000","1900.00000000","2024-05-26T12:25:07.345Z","buy","maker"
"0.08734000","1416.60000000","2024-05-26T12:25:07.345Z","buy","maker"
"0.08736000","516.90000000","2024-05-26T12:25:07.345Z","buy","maker"
"0.08741000","6.00000000","2024-05-26T12:23:19.348Z","sell","maker"
"0.08737000","40.80000000","2024-05-26T12:20:24.126Z","buy","maker"
"0.08737000","41.60000000","2024-05-26T12:20:23.222Z","buy","maker"
"0.08744000","602.70000000","2024-05-26T12:20:20.645Z","sell","maker"
"0.08738000","12555.00000000","2024-05-26T12:16:22.192Z","buy","maker"
"0.08738000","1900.00000000","2024-05-26T12:16:22.192Z","buy","maker"
"0.08739000","996.20000000","2024-05-26T12:16:22.192Z","buy","maker"
"0.08744000","397.20000000","2024-05-26T12:15:38.140Z","buy","maker"
"0.08746000","378.20000000","2024-05-26T12:15:38.140Z","buy","maker"
"0.08761000","1087.60000000","2024-05-26T12:15:14.713Z","sell","maker"
"0.08762000","9473.10000000","2024-05-26T12:00:49.116Z","buy","maker"
"0.08762000","996.20000000","2024-05-26T12:00:49.116Z","buy","maker"
"0.08762000","1900.00000000","2024-05-26T12:00:49.116Z","buy","maker"
"0.08777000","1.30000000","2024-05-26T12:00:35.943Z","buy","maker"
"0.08783000","1900.00000000","2024-05-26T12:00:06.425Z","buy","maker"
"0.08783000","2490.00000000","2024-05-26T12:00:06.425Z","buy","maker"
"0.08793000","6692.60000000","2024-05-26T11:58:40.324Z","sell","maker"
"0.08793000","2922.20000000","2024-05-26T11:58:40.311Z","sell","maker"
"0.08793000","1001.80000000","2024-05-26T11:58:40.302Z","sell","maker"
"0.08791000","1035.90000000","2024-05-26T11:57:17.288Z","sell","maker"
"0.08790000","4350.70000000","2024-05-26T11:57:17.288Z","sell","maker"
"0.08790000","1992.40000000","2024-05-26T11:57:17.288Z","sell","maker"
"0.08780000","613.50000000","2024-05-26T11:51:58.642Z","buy","maker"
"0.08782000","494.50000000","2024-05-26T11:51:40.570Z","buy","maker"
"0.08781000","1803.80000000","2024-05-26T11:50:06.051Z","sell","maker"
"0.08781000","1438.90000000","2024-05-26T11:50:06.042Z","sell","maker"
"0.08781000","6757.30000000","2024-05-26T11:50:06.037Z","sell","maker"
"0.08778000","484.50000000","2024-05-26T11:48:51.715Z","sell","maker"
"0.08779000","3124.60000000","2024-05-26T11:41:59.398Z","buy","maker"