"price","volume","timestamp","type"
"0.06544","500","2024-05-26T20:27:58.890Z","bid"
"0.0651","800","2024-05-26T20:27:58.890Z","bid"
"0.065","30805","2024-05-26T20:27:58.890Z","bid"
"0.06476","50","2024-05-26T20:27:58.890Z","bid"
"0.06411","778.7","2024-05-26T20:27:58.890Z","bid"
"0.064","27330.2","2024-05-26T20:27:58.890Z","bid"
"0.06397","3389.5","2024-05-26T20:27:58.890Z","bid"
"0.0635","1300","2024-05-26T20:27:58.890Z","bid"
"0.06323","20047","2024-05-26T20:27:58.890Z","bid"
"0.063","3255.5","2024-05-26T20:27:58.890Z","bid"
"0.06256","798","2024-05-26T20:27:58.890Z","bid"
"0.0625","130","2024-05-26T20:27:58.890Z","bid"
"0.06221","100","2024-05-26T20:27:58.890Z","bid"
"0.062","1611.5","2024-05-26T20:27:58.890Z","bid"
"0.0618","18000","2024-05-26T20:27:58.890Z","bid"
"0.06152","2015.6","2024-05-26T20:27:58.890Z","bid"
"0.0612","6000","2024-05-26T20:27:58.890Z","bid"
"0.06115","1626.3","2024-05-26T20:27:58.890Z","bid"
"0.06111","81492.3","2024-05-26T20:27:58.890Z","bid"
"0.06105","817.8","2024-05-26T20:27:58.890Z","bid"
"0.061","5000","2024-05-26T20:27:58.890Z","bid"
"0.06","41802.7","2024-05-26T20:27:58.890Z","bid"
"0.05957","838.1","2024-05-26T20:27:58.890Z","bid"
"0.059","21483.6","2024-05-26T20:27:58.890Z","bid"
"0.0588","18000","2024-05-26T20:27:58.890Z","bid"
"0.05812","859","2024-05-26T20:27:58.890Z","bid"
"0.058","10114.8","2024-05-26T20:27:58.890Z","bid"
"0.0579","4000","2024-05-26T20:27:58.890Z","bid"
"0.0577","8617.8","2024-05-26T20:27:58.890Z","bid"
"0.05757","100","2024-05-26T20:27:58.890Z","bid"
"0.0575","100","2024-05-26T20:27:58.890Z","bid"
"0.057","800","2024-05-26T20:27:58.890Z","bid"
"0.05672","880.2","2024-05-26T20:27:58.890Z","bid"
"0.05637","91.8","2024-05-26T20:27:58.890Z","bid"
"0.05618","176.9","2024-05-26T20:27:58.890Z","bid"
"0.056","17637.7","2024-05-26T20:27:58.890Z","bid"
"0.05534","902.1","2024-05-26T20:27:58.890Z","bid"
"0.055","30476","2024-05-26T20:27:58.890Z","bid"
"0.0542","18000","2024-05-26T20:27:58.890Z","bid"
"0.054","3924.5","2024-05-26T20:27:58.890Z","bid"
"0.05374","463.5","2024-05-26T20:27:58.890Z","bid"
"0.053","1700","2024-05-26T20:27:58.890Z","bid"
"0.05269","947.5","2024-05-26T20:27:58.890Z","bid"
"0.0525","100","2024-05-26T20:27:58.890Z","bid"
"0.0524","5000","2024-05-26T20:27:58.890Z","bid"
"0.0523","37.9","2024-05-26T20:27:58.890Z","bid"
"0.05213","100","2024-05-26T20:27:58.890Z","bid"
"0.052","20000","2024-05-26T20:27:58.890Z","bid"
"0.05142","970.9","2024-05-26T20:27:58.890Z","bid"
"0.05132","112","2024-05-26T20:27:58.890Z","bid"
"0.051","5019.7","2024-05-26T20:27:58.890Z","bid"
"0.0502","363.4","2024-05-26T20:27:58.890Z","bid"
"0.05017","995.1","2024-05-26T20:27:58.890Z","bid"
"0.05","87206.1","2024-05-26T20:27:58.890Z","bid"
"0.0499","8175.9","2024-05-26T20:27:58.890Z","bid"
"0.04896","1019.7","2024-05-26T20:27:58.890Z","bid"
"0.04779","209.2","2024-05-26T20:27:58.890Z","bid"
"0.04777","6249.7","2024-05-26T20:27:58.890Z","bid"
"0.04762","26.3","2024-05-26T20:27:58.890Z","bid"
"0.0475","100","2024-05-26T20:27:58.890Z","bid"
"0.047","5002.2","2024-05-26T20:27:58.890Z","bid"
"0.0467","100","2024-05-26T20:27:58.890Z","bid"
"0.04662","1070.9","2024-05-26T20:27:58.890Z","bid"
"0.04549","1097.5","2024-05-26T20:27:58.890Z","bid"
"0.045","306.3","2024-05-26T20:27:58.890Z","bid"
"0.0447","3328.8","2024-05-26T20:27:58.890Z","bid"
"0.04438","1125","2024-05-26T20:27:58.890Z","bid"
"0.04416","4000","2024-05-26T20:27:58.890Z","bid"
"0.0439","11321.1","2024-05-26T20:27:58.890Z","bid"
"0.04331","1152.7","2024-05-26T20:27:58.890Z","bid"
"0.0432","56","2024-05-26T20:27:58.890Z","bid"
"0.0425","2490","2024-05-26T20:27:58.890Z","bid"
"0.04226","1181.4","2024-05-26T20:27:58.890Z","bid"
"0.0422","5000","2024-05-26T20:27:58.890Z","bid"
"0.042","200761.9","2024-05-26T20:27:58.890Z","bid"
"0.04126","100","2024-05-26T20:27:58.890Z","bid"
"0.04124","1210.6","2024-05-26T20:27:58.890Z","bid"
"0.04024","1240.7","2024-05-26T20:27:58.890Z","bid"
"0.04","187251.9","2024-05-26T20:27:58.890Z","bid"
"0.0394","69","2024-05-26T20:27:58.890Z","bid"
"0.03926","1271.7","2024-05-26T20:27:58.890Z","bid"
"0.03831","1303.2","2024-05-26T20:27:58.890Z","bid"
"0.03777","6582.6","2024-05-26T20:27:58.890Z","bid"
"0.0375","72","2024-05-26T20:27:58.890Z","bid"
"0.03738","1335.6","2024-05-26T20:27:58.890Z","bid"
"0.0366","74","2024-05-26T20:27:58.890Z","bid"
"0.03648","1368.6","2024-05-26T20:27:58.890Z","bid"
"0.036","22","2024-05-26T20:27:58.890Z","bid"
"0.03583","100","2024-05-26T20:27:58.890Z","bid"
"0.0356","1402.4","2024-05-26T20:27:58.890Z","bid"
"0.0351","708","2024-05-26T20:27:58.890Z","bid"
"0.035","6420","2024-05-26T20:27:58.890Z","bid"
"0.0348","71","2024-05-26T20:27:58.890Z","bid"
"0.03473","1437.5","2024-05-26T20:27:58.890Z","bid"
"0.0345","100000","2024-05-26T20:27:58.890Z","bid"
"0.034","14644","2024-05-26T20:27:58.890Z","bid"
"0.03398","19999.3","2024-05-26T20:27:58.890Z","bid"
"0.03389","1473.2","2024-05-26T20:27:58.890Z","bid"
"0.0335","1105.1","2024-05-26T20:27:58.890Z","bid"
"0.03334","296.9","2024-05-26T20:27:58.890Z","bid"
"0.03307","1509.7","2024-05-26T20:27:58.890Z","bid"
"0.033","1000","2024-05-26T20:27:58.890Z","bid"
"0.03227","1547.1","2024-05-26T20:27:58.890Z","bid"
"0.03149","1585.5","2024-05-26T20:27:58.890Z","bid"
"0.03073","1624.7","2024-05-26T20:27:58.890Z","bid"
"0.03039","100","2024-05-26T20:27:58.890Z","bid"
"0.03","86943","2024-05-26T20:27:58.890Z","bid"
"0.02998","1665.3","2024-05-26T20:27:58.890Z","bid"
"0.02926","1706.3","2024-05-26T20:27:58.890Z","bid"
"0.02855","1748.7","2024-05-26T20:27:58.890Z","bid"
"0.02786","1792","2024-05-26T20:27:58.890Z","bid"
"0.026","500","2024-05-26T20:27:58.890Z","bid"
"0.025","478","2024-05-26T20:27:58.890Z","bid"
"0.02496","100","2024-05-26T20:27:58.890Z","bid"
"0.02209","1800","2024-05-26T20:27:58.890Z","bid"
"0.02","1750","2024-05-26T20:27:58.890Z","bid"
"0.01954","444.3","2024-05-26T20:27:58.890Z","bid"
"0.01952","100","2024-05-26T20:27:58.890Z","bid"
"0.01001","7.9","2024-05-26T20:27:58.890Z","bid"
"0.01","19601.1","2024-05-26T20:27:58.890Z","bid"
"0.00999","31.9","2024-05-26T20:27:58.890Z","bid"
"0.005","10000","2024-05-26T20:27:58.890Z","bid"
"0.00399","2486.2","2024-05-26T20:27:58.890Z","bid"
"0.001","58337.6","2024-05-26T20:27:58.890Z","bid"
"0.0001","142003.5","2024-05-26T20:27:58.890Z","bid"
"0.00002","50000","2024-05-26T20:27:58.890Z","bid"
"0.00001","5903600.1","2024-05-26T20:27:58.890Z","bid"
"1.6","16760.1","2024-05-26T20:27:58.889Z","ask"
"1.66","378.9","2024-05-26T20:27:58.889Z","ask"
"1.67","26.3","2024-05-26T20:27:58.889Z","ask"
"1.7","6033.5","2024-05-26T20:27:58.889Z","ask"
"1.74","1436.7","2024-05-26T20:27:58.889Z","ask"
"1.745","19600.3","2024-05-26T20:27:58.889Z","ask"
"1.75","2900","2024-05-26T20:27:58.889Z","ask"
"1.8","419571.9","2024-05-26T20:27:58.889Z","ask"
"1.9","82234.2","2024-05-26T20:27:58.889Z","ask"
"1.95","1414.5","2024-05-26T20:27:58.889Z","ask"
"1.96","600","2024-05-26T20:27:58.889Z","ask"
"1.9777","520","2024-05-26T20:27:58.889Z","ask"
"1.98","23100.3","2024-05-26T20:27:58.889Z","ask"
"2","217013.5","2024-05-26T20:27:58.889Z","ask"
"2.04","300","2024-05-26T20:27:58.889Z","ask"
"2.04999","2500","2024-05-26T20:27:58.889Z","ask"
"2.11","10164.3","2024-05-26T20:27:58.889Z","ask"
"2.2","5301.3","2024-05-26T20:27:58.889Z","ask"
"2.22","5000.1","2024-05-26T20:27:58.889Z","ask"
"2.25","80584.5","2024-05-26T20:27:58.889Z","ask"
"2.29999","1000","2024-05-26T20:27:58.889Z","ask"
"2.3","300","2024-05-26T20:27:58.889Z","ask"
"2.36","699.2","2024-05-26T20:27:58.889Z","ask"
"2.4","234222.2","2024-05-26T20:27:58.889Z","ask"
"2.45","600","2024-05-26T20:27:58.889Z","ask"
"2.45107","184.4","2024-05-26T20:27:58.889Z","ask"
"2.459","600","2024-05-26T20:27:58.889Z","ask"
"2.47","12564.4","2024-05-26T20:27:58.889Z","ask"
"2.4777","462.3","2024-05-26T20:27:58.889Z","ask"
"2.48","5049.5","2024-05-26T20:27:58.889Z","ask"
"2.5","359296.9","2024-05-26T20:27:58.889Z","ask"
"2.6","466.6","2024-05-26T20:27:58.889Z","ask"
"2.7","846.4","2024-05-26T20:27:58.889Z","ask"
"2.75","1000","2024-05-26T20:27:58.889Z","ask"
"2.78","524.4","2024-05-26T20:27:58.889Z","ask"
"2.85","873.2","2024-05-26T20:27:58.889Z","ask"
"2.88","2234.9","2024-05-26T20:27:58.889Z","ask"
"2.89","598.8","2024-05-26T20:27:58.889Z","ask"
"2.9","91490","2024-05-26T20:27:58.889Z","ask"
"2.92","1925","2024-05-26T20:27:58.889Z","ask"
"2.98","2106.2","2024-05-26T20:27:58.889Z","ask"
"3","163087.5","2024-05-26T20:27:58.889Z","ask"
"3.2","6825.8","2024-05-26T20:27:58.889Z","ask"
"3.4","71259.9","2024-05-26T20:27:58.889Z","ask"
"3.4777","616.5","2024-05-26T20:27:58.889Z","ask"
"3.48","31882.3","2024-05-26T20:27:58.889Z","ask"
"3.5","5316","2024-05-26T20:27:58.889Z","ask"
"3.57","40074.4","2024-05-26T20:27:58.889Z","ask"
"3.71","159894.9","2024-05-26T20:27:58.889Z","ask"
"3.72","270","2024-05-26T20:27:58.889Z","ask"
"3.75","1764.1","2024-05-26T20:27:58.889Z","ask"
"3.9","72922.9","2024-05-26T20:27:58.889Z","ask"
"3.93439","138.3","2024-05-26T20:27:58.889Z","ask"
"4","57267.7","2024-05-26T20:27:58.889Z","ask"
"4.0333","2500","2024-05-26T20:27:58.889Z","ask"
"4.2","873.1","2024-05-26T20:27:58.889Z","ask"
"4.95","500","2024-05-26T20:27:58.889Z","ask"
"5","138524.8","2024-05-26T20:27:58.889Z","ask"
"5.33","300","2024-05-26T20:27:58.889Z","ask"
"5.75","562.3","2024-05-26T20:27:58.889Z","ask"
"5.89","1060","2024-05-26T20:27:58.889Z","ask"
"5.92","2895","2024-05-26T20:27:58.889Z","ask"
"6","45052.3","2024-05-26T20:27:58.889Z","ask"
"6.79","7857.7","2024-05-26T20:27:58.889Z","ask"
"6.95","500","2024-05-26T20:27:58.889Z","ask"
"7","1765","2024-05-26T20:27:58.889Z","ask"
"7.52","35142.7","2024-05-26T20:27:58.889Z","ask"
"7.73567","103.7","2024-05-26T20:27:58.889Z","ask"
"8","962.3","2024-05-26T20:27:58.889Z","ask"
"8.92","2895","2024-05-26T20:27:58.889Z","ask"
"9.29805","155.6","2024-05-26T20:27:58.889Z","ask"
"9.98","1577.9","2024-05-26T20:27:58.889Z","ask"
"9.99","4313.7","2024-05-26T20:27:58.889Z","ask"
"10","89419.5","2024-05-26T20:27:58.889Z","ask"
"10.5","9.5","2024-05-26T20:27:58.889Z","ask"
"11.8","290.2","2024-05-26T20:27:58.889Z","ask"
"12.5","16","2024-05-26T20:27:58.889Z","ask"
"12.698","10000","2024-05-26T20:27:58.889Z","ask"
"13.55","5555","2024-05-26T20:27:58.889Z","ask"
"13.98","1578","2024-05-26T20:27:58.889Z","ask"
"16","300","2024-05-26T20:27:58.889Z","ask"
"20","1346.7","2024-05-26T20:27:58.889Z","ask"
"20.1","250","2024-05-26T20:27:58.889Z","ask"
"21.987","13.7","2024-05-26T20:27:58.889Z","ask"
"22.22","22","2024-05-26T20:27:58.889Z","ask"
"30","400","2024-05-26T20:27:58.889Z","ask"
"32","300","2024-05-26T20:27:58.889Z","ask"
"33","3000","2024-05-26T20:27:58.889Z","ask"
"40.5","250","2024-05-26T20:27:58.889Z","ask"
"50","234.4","2024-05-26T20:27:58.889Z","ask"
"64","201.1","2024-05-26T20:27:58.889Z","ask"
"70","24851.6","2024-05-26T20:27:58.889Z","ask"
"100","45.8","2024-05-26T20:27:58.889Z","ask"
"130","29.6","2024-05-26T20:27:58.889Z","ask"
"400","500","2024-05-26T20:27:58.889Z","ask"
"1000","100","2024-05-26T20:27:58.889Z","ask"
"1500","1036.3","2024-05-26T20:27:58.889Z","ask"
"2466.5","2466","2024-05-26T20:27:58.889Z","ask"
"0.08659","21331.9","2024-05-26T20:27:58.889Z","bid"
"0.08655","10000","2024-05-26T20:27:58.889Z","bid"
"0.08652","8169.6","2024-05-26T20:27:58.889Z","bid"
"0.0865","2000.2","2024-05-26T20:27:58.889Z","bid"
"0.08648","1033.6","2024-05-26T20:27:58.889Z","bid"
"0.08647","20000","2024-05-26T20:27:58.889Z","bid"
"0.08646","2450","2024-05-26T20:27:58.889Z","bid"
"0.08645","15435.7","2024-05-26T20:27:58.889Z","bid"
"0.08643","1151.6","2024-05-26T20:27:58.889Z","bid"
"0.08641","25609.3","2024-05-26T20:27:58.889Z","bid"
"0.08637","14086.7","2024-05-26T20:27:58.889Z","bid"
"0.08636","30832.4","2024-05-26T20:27:58.889Z","bid"
"0.08627","9212.5","2024-05-26T20:27:58.889Z","bid"
"0.08624","30832.4","2024-05-26T20:27:58.889Z","bid"
"0.08619","45994.3","2024-05-26T20:27:58.889Z","bid"
"0.08612","11515.6","2024-05-26T20:27:58.889Z","bid"
"0.08611","76878.4","2024-05-26T20:27:58.889Z","bid"
"0.08599","41.6","2024-05-26T20:27:58.889Z","bid"
"0.08594","41.6","2024-05-26T20:27:58.889Z","bid"
"0.08585","30832.4","2024-05-26T20:27:58.889Z","bid"
"0.08582","231.1","2024-05-26T20:27:58.889Z","bid"
"0.08578","40.6","2024-05-26T20:27:58.889Z","bid"
"0.08573","130547.9","2024-05-26T20:27:58.889Z","bid"
"0.08572","23031.3","2024-05-26T20:27:58.889Z","bid"
"0.08569","15841","2024-05-26T20:27:58.889Z","bid"
"0.08556","22","2024-05-26T20:27:58.889Z","bid"
"0.08555","49633","2024-05-26T20:27:58.889Z","bid"
"0.08535","40.8","2024-05-26T20:27:58.889Z","bid"
"0.0853","51.5","2024-05-26T20:27:58.889Z","bid"
"0.08526","407.3","2024-05-26T20:27:58.889Z","bid"
"0.08511","28789.1","2024-05-26T20:27:58.889Z","bid"
"0.085","8987.3","2024-05-26T20:27:58.889Z","bid"
"0.08499","15435.7","2024-05-26T20:27:58.889Z","bid"
"0.08493","41","2024-05-26T20:27:58.889Z","bid"
"0.08492","1171.8","2024-05-26T20:27:58.889Z","bid"
"0.08484","300","2024-05-26T20:27:58.889Z","bid"
"0.08483","799.4","2024-05-26T20:27:58.889Z","bid"
"0.0848","23584.9","2024-05-26T20:27:58.889Z","bid"
"0.08472","1173.8","2024-05-26T20:27:58.889Z","bid"
"0.08471","118.1","2024-05-26T20:27:58.889Z","bid"
"0.08466","178.5","2024-05-26T20:27:58.889Z","bid"
"0.08463","42582.6","2024-05-26T20:27:58.889Z","bid"
"0.0846","560","2024-05-26T20:27:58.889Z","bid"
"0.08451","41.2","2024-05-26T20:27:58.889Z","bid"
"0.0845","52","2024-05-26T20:27:58.889Z","bid"
"0.08441","14487.2","2024-05-26T20:27:58.889Z","bid"
"0.0844","411.5","2024-05-26T20:27:58.889Z","bid"
"0.08431","326","2024-05-26T20:27:58.889Z","bid"
"0.08424","118.8","2024-05-26T20:27:58.889Z","bid"
"0.08421","27835.6","2024-05-26T20:27:58.889Z","bid"
"0.0842","34546.9","2024-05-26T20:27:58.889Z","bid"
"0.08414","22","2024-05-26T20:27:58.889Z","bid"
"0.08412","7651.3","2024-05-26T20:27:58.889Z","bid"
"0.08409","41.4","2024-05-26T20:27:58.889Z","bid"
"0.084","840","2024-05-26T20:27:58.889Z","bid"
"0.08397","413.6","2024-05-26T20:27:58.889Z","bid"
"0.08396","594.6","2024-05-26T20:27:58.889Z","bid"
"0.08394","1185.5","2024-05-26T20:27:58.889Z","bid"
"0.08377","153.5","2024-05-26T20:27:58.889Z","bid"
"0.08372","52.5","2024-05-26T20:27:58.889Z","bid"
"0.08371","49726.4","2024-05-26T20:27:58.889Z","bid"
"0.08367","41.6","2024-05-26T20:27:58.889Z","bid"
"0.08355","415.7","2024-05-26T20:27:58.889Z","bid"
"0.08354","396","2024-05-26T20:27:58.889Z","bid"
"0.0835","10728","2024-05-26T20:27:58.889Z","bid"
"0.08329","120.1","2024-05-26T20:27:58.889Z","bid"
"0.08326","41.8","2024-05-26T20:27:58.889Z","bid"
"0.08325","7651.3","2024-05-26T20:27:58.889Z","bid"
"0.08313","417.8","2024-05-26T20:27:58.889Z","bid"
"0.08302","967.1","2024-05-26T20:27:58.889Z","bid"
"0.083","11387.9","2024-05-26T20:27:58.889Z","bid"
"0.08297","1223.9","2024-05-26T20:27:58.889Z","bid"
"0.08296","121.7","2024-05-26T20:27:58.889Z","bid"
"0.08295","53","2024-05-26T20:27:58.889Z","bid"
"0.08294","8393.4","2024-05-26T20:27:58.889Z","bid"
"0.08284","42","2024-05-26T20:27:58.889Z","bid"
"0.08281","120.8","2024-05-26T20:27:58.889Z","bid"
"0.08274","74133.5","2024-05-26T20:27:58.889Z","bid"
"0.08273","22","2024-05-26T20:27:58.889Z","bid"
"0.08271","419.9","2024-05-26T20:27:58.889Z","bid"
"0.0825","2038","2024-05-26T20:27:58.889Z","bid"
"0.08243","42.2","2024-05-26T20:27:58.889Z","bid"
"0.0824","3017.2","2024-05-26T20:27:58.889Z","bid"
"0.08238","500","2024-05-26T20:27:58.889Z","bid"
"0.0823","607.4","2024-05-26T20:27:58.889Z","bid"
"0.08229","422","2024-05-26T20:27:58.889Z","bid"
"0.08227","402.1","2024-05-26T20:27:58.889Z","bid"
"0.08218","53.4","2024-05-26T20:27:58.889Z","bid"
"0.08202","42.4","2024-05-26T20:27:58.889Z","bid"
"0.08201","1213.4","2024-05-26T20:27:58.889Z","bid"
"0.082","5180.1","2024-05-26T20:27:58.889Z","bid"
"0.08199","1153.2","2024-05-26T20:27:58.889Z","bid"
"0.08193","609.3","2024-05-26T20:27:58.889Z","bid"
"0.08188","424.1","2024-05-26T20:27:58.889Z","bid"
"0.08162","42.6","2024-05-26T20:27:58.889Z","bid"
"0.08157","1224.1","2024-05-26T20:27:58.889Z","bid"
"0.0815","20000","2024-05-26T20:27:58.889Z","bid"
"0.08146","426.3","2024-05-26T20:27:58.889Z","bid"
"0.08142","53.9","2024-05-26T20:27:58.889Z","bid"
"0.08131","22","2024-05-26T20:27:58.889Z","bid"
"0.08125","35","2024-05-26T20:27:58.889Z","bid"
"0.08123","615.5","2024-05-26T20:27:58.889Z","bid"
"0.08121","42.9","2024-05-26T20:27:58.889Z","bid"
"0.08107","1227.5","2024-05-26T20:27:58.889Z","bid"
"0.08105","428.5","2024-05-26T20:27:58.889Z","bid"
"0.08102","408.3","2024-05-26T20:27:58.889Z","bid"
"0.081","110906","2024-05-26T20:27:58.889Z","bid"
"0.08099","370.4","2024-05-26T20:27:58.889Z","bid"
"0.08081","43.1","2024-05-26T20:27:58.889Z","bid"
"0.08075","3694.7","2024-05-26T20:27:58.889Z","bid"
"0.08069","619.5","2024-05-26T20:27:58.889Z","bid"
"0.08066","54.5","2024-05-26T20:27:58.889Z","bid"
"0.08064","430.7","2024-05-26T20:27:58.889Z","bid"
"0.0805","12322.9","2024-05-26T20:27:58.889Z","bid"
"0.08041","43.3","2024-05-26T20:27:58.889Z","bid"
"0.0804","225.8","2024-05-26T20:27:58.889Z","bid"
"0.08037","245.2","2024-05-26T20:27:58.889Z","bid"
"0.0803","5932.3","2024-05-26T20:27:58.889Z","bid"
"0.08024","432.8","2024-05-26T20:27:58.889Z","bid"
"0.0802","19000","2024-05-26T20:27:58.889Z","bid"
"0.08015","55","2024-05-26T20:27:58.889Z","bid"
"0.08014","86.9","2024-05-26T20:27:58.889Z","bid"
"0.08013","1241.9","2024-05-26T20:27:58.889Z","bid"
"0.0801","11745.6","2024-05-26T20:27:58.889Z","bid"
"0.08001","43.5","2024-05-26T20:27:58.889Z","bid"
"0.08","87497.3","2024-05-26T20:27:58.889Z","bid"
"0.07999","1393.2","2024-05-26T20:27:58.889Z","bid"
"0.07994","624.5","2024-05-26T20:27:58.889Z","bid"
"0.07991","55","2024-05-26T20:27:58.889Z","bid"
"0.0799","55.1","2024-05-26T20:27:58.889Z","bid"
"0.07983","435","2024-05-26T20:27:58.889Z","bid"
"0.0798","68.9","2024-05-26T20:27:58.889Z","bid"
"0.07979","414.6","2024-05-26T20:27:58.889Z","bid"
"0.07977","37608","2024-05-26T20:27:58.889Z","bid"
"0.07961","43.7","2024-05-26T20:27:58.889Z","bid"
"0.07955","500","2024-05-26T20:27:58.889Z","bid"
"0.0795","12578.6","2024-05-26T20:27:58.889Z","bid"
"0.07943","437.2","2024-05-26T20:27:58.889Z","bid"
"0.0794","190.3","2024-05-26T20:27:58.889Z","bid"
"0.07931","100","2024-05-26T20:27:58.889Z","bid"
"0.07926","376.4","2024-05-26T20:27:58.889Z","bid"
"0.07925","125.6","2024-05-26T20:27:58.889Z","bid"
"0.07922","43.9","2024-05-26T20:27:58.889Z","bid"
"0.07921","1256.3","2024-05-26T20:27:58.889Z","bid"
"0.07917","55.5","2024-05-26T20:27:58.889Z","bid"
"0.07915","252.6","2024-05-26T20:27:58.889Z","bid"
"0.07903","439.4","2024-05-26T20:27:58.889Z","bid"
"0.079","2250","2024-05-26T20:27:58.889Z","bid"
"0.0789","2534.8","2024-05-26T20:27:58.889Z","bid"
"0.07886","88.2","2024-05-26T20:27:58.889Z","bid"
"0.07882","44.2","2024-05-26T20:27:58.889Z","bid"
"0.07863","441.7","2024-05-26T20:27:58.889Z","bid"
"0.07858","289.3","2024-05-26T20:27:58.889Z","bid"
"0.07857","421","2024-05-26T20:27:58.889Z","bid"
"0.07844","56","2024-05-26T20:27:58.889Z","bid"
"0.07843","44.4","2024-05-26T20:27:58.889Z","bid"
"0.0784","1000","2024-05-26T20:27:58.889Z","bid"
"0.0783","1270.9","2024-05-26T20:27:58.889Z","bid"
"0.07827","1614.3","2024-05-26T20:27:58.889Z","bid"
"0.07823","443.9","2024-05-26T20:27:58.889Z","bid"
"0.07822","2556.7","2024-05-26T20:27:58.889Z","bid"
"0.07804","44.6","2024-05-26T20:27:58.889Z","bid"
"0.07801","640","2024-05-26T20:27:58.889Z","bid"
"0.078","54882","2024-05-26T20:27:58.889Z","bid"
"0.07799","3825.4","2024-05-26T20:27:58.889Z","bid"
"0.07788","63.8","2024-05-26T20:27:58.889Z","bid"
"0.07784","446.2","2024-05-26T20:27:58.889Z","bid"
"0.07773","69","2024-05-26T20:27:58.889Z","bid"
"0.0777","53909.2","2024-05-26T20:27:58.889Z","bid"
"0.07766","44.8","2024-05-26T20:27:58.889Z","bid"
"0.0775","110","2024-05-26T20:27:58.889Z","bid"
"0.07745","448.4","2024-05-26T20:27:58.889Z","bid"
"0.0774","1285.7","2024-05-26T20:27:58.889Z","bid"
"0.07738","427.5","2024-05-26T20:27:58.889Z","bid"
"0.07727","45.1","2024-05-26T20:27:58.889Z","bid"
"0.0772","403","2024-05-26T20:27:58.889Z","bid"
"0.07717","90.3","2024-05-26T20:27:58.889Z","bid"
"0.07706","450.7","2024-05-26T20:27:58.889Z","bid"
"0.077","7691.7","2024-05-26T20:27:58.889Z","bid"
"0.07699","389.6","2024-05-26T20:27:58.889Z","bid"
"0.07689","45.3","2024-05-26T20:27:58.889Z","bid"
"0.07679","16.5","2024-05-26T20:27:58.889Z","bid"
"0.07667","453","2024-05-26T20:27:58.889Z","bid"
"0.07655","6479.4","2024-05-26T20:27:58.889Z","bid"
"0.07651","45.5","2024-05-26T20:27:58.889Z","bid"
"0.0765","4000","2024-05-26T20:27:58.889Z","bid"
"0.07646","58.9","2024-05-26T20:27:58.889Z","bid"
"0.07641","652.1","2024-05-26T20:27:58.889Z","bid"
"0.07628","455.3","2024-05-26T20:27:58.889Z","bid"
"0.07625","60.1","2024-05-26T20:27:58.889Z","bid"
"0.0762","434.1","2024-05-26T20:27:58.889Z","bid"
"0.07613","45.7","2024-05-26T20:27:58.889Z","bid"
"0.07612","655.9","2024-05-26T20:27:58.889Z","bid"
"0.076","25338.5","2024-05-26T20:27:58.889Z","bid"
"0.07589","457.6","2024-05-26T20:27:58.889Z","bid"
"0.07575","46","2024-05-26T20:27:58.889Z","bid"
"0.0757","3960","2024-05-26T20:27:58.889Z","bid"
"0.07567","395","2024-05-26T20:27:58.889Z","bid"
"0.07551","459.9","2024-05-26T20:27:58.889Z","bid"
"0.0754","657.8","2024-05-26T20:27:58.889Z","bid"
"0.07537","46.2","2024-05-26T20:27:58.889Z","bid"
"0.0753","1.7","2024-05-26T20:27:58.889Z","bid"
"0.07513","462.2","2024-05-26T20:27:58.889Z","bid"
"0.07505","440.8","2024-05-26T20:27:58.889Z","bid"
"0.075","172623.2","2024-05-26T20:27:58.889Z","bid"
"0.07478","13372.5","2024-05-26T20:27:58.889Z","bid"
"0.07475","464.6","2024-05-26T20:27:58.889Z","bid"
"0.07464","1100","2024-05-26T20:27:58.889Z","bid"
"0.07463","46.6","2024-05-26T20:27:58.889Z","bid"
"0.07437","467","2024-05-26T20:27:58.889Z","bid"
"0.07432","13.3","2024-05-26T20:27:58.889Z","bid"
"0.0743","336.4","2024-05-26T20:27:58.889Z","bid"
"0.07427","672.2","2024-05-26T20:27:58.889Z","bid"
"0.07426","46.9","2024-05-26T20:27:58.889Z","bid"
"0.07425","16.9","2024-05-26T20:27:58.889Z","bid"
"0.07424","22","2024-05-26T20:27:58.889Z","bid"
"0.07401","2662.6","2024-05-26T20:27:58.889Z","bid"
"0.074","36497.5","2024-05-26T20:27:58.889Z","bid"
"0.07391","447.6","2024-05-26T20:27:58.889Z","bid"
"0.07389","47.1","2024-05-26T20:27:58.889Z","bid"
"0.07387","100","2024-05-26T20:27:58.889Z","bid"
"0.07363","471.7","2024-05-26T20:27:58.889Z","bid"
"0.07362","125","2024-05-26T20:27:58.889Z","bid"
"0.0736","18396.7","2024-05-26T20:27:58.889Z","bid"
"0.07352","47.4","2024-05-26T20:27:58.889Z","bid"
"0.07331","13639.1","2024-05-26T20:27:58.889Z","bid"
"0.07325","474.1","2024-05-26T20:27:58.889Z","bid"
"0.07316","47.6","2024-05-26T20:27:58.889Z","bid"
"0.073","4523.3","2024-05-26T20:27:58.889Z","bid"
"0.07289","476.5","2024-05-26T20:27:58.889Z","bid"
"0.07279","47.8","2024-05-26T20:27:58.889Z","bid"
"0.07278","454.5","2024-05-26T20:27:58.889Z","bid"
"0.07252","478.9","2024-05-26T20:27:58.889Z","bid"
"0.0725","12152","2024-05-26T20:27:58.889Z","bid"
"0.07249","3448.2","2024-05-26T20:27:58.889Z","bid"
"0.07248","688.8","2024-05-26T20:27:58.889Z","bid"
"0.07243","48.1","2024-05-26T20:27:58.889Z","bid"
"0.07227","816.1","2024-05-26T20:27:58.889Z","bid"
"0.0722","6925.2","2024-05-26T20:27:58.889Z","bid"
"0.07215","481.3","2024-05-26T20:27:58.889Z","bid"
"0.07207","48.3","2024-05-26T20:27:58.889Z","bid"
"0.07206","6910","2024-05-26T20:27:58.889Z","bid"
"0.072","15000","2024-05-26T20:27:58.889Z","bid"
"0.07199","13851.6","2024-05-26T20:27:58.889Z","bid"
"0.07179","483.8","2024-05-26T20:27:58.889Z","bid"
"0.07171","48.5","2024-05-26T20:27:58.889Z","bid"
"0.07168","461.5","2024-05-26T20:27:58.889Z","bid"
"0.07143","486.2","2024-05-26T20:27:58.889Z","bid"
"0.07136","48.8","2024-05-26T20:27:58.889Z","bid"
"0.0712","350","2024-05-26T20:27:58.889Z","bid"
"0.07107","488.7","2024-05-26T20:27:58.889Z","bid"
"0.071","14192.6","2024-05-26T20:27:58.889Z","bid"
"0.07099","1126.7","2024-05-26T20:27:58.889Z","bid"
"0.07072","705.9","2024-05-26T20:27:58.889Z","bid"
"0.07071","491.1","2024-05-26T20:27:58.889Z","bid"
"0.07065","49.3","2024-05-26T20:27:58.889Z","bid"
"0.07059","468.6","2024-05-26T20:27:58.889Z","bid"
"0.07035","493.7","2024-05-26T20:27:58.889Z","bid"
"0.0703","49.5","2024-05-26T20:27:58.889Z","bid"
"0.0702","800","2024-05-26T20:27:58.889Z","bid"
"0.07011","2852.6","2024-05-26T20:27:58.889Z","bid"
"0.07","99000.9","2024-05-26T20:27:58.889Z","bid"
"0.06995","49.8","2024-05-26T20:27:58.889Z","bid"
"0.06994","216.1","2024-05-26T20:27:58.889Z","bid"
"0.0699","1573.6","2024-05-26T20:27:58.889Z","bid"
"0.0697","33333","2024-05-26T20:27:58.889Z","bid"
"0.06961","50","2024-05-26T20:27:58.889Z","bid"
"0.06955","500","2024-05-26T20:27:58.889Z","bid"
"0.06952","475.9","2024-05-26T20:27:58.889Z","bid"
"0.06926","50.3","2024-05-26T20:27:58.889Z","bid"
"0.06901","723.4","2024-05-26T20:27:58.889Z","bid"
"0.069","4336.1","2024-05-26T20:27:58.889Z","bid"
"0.06892","50.5","2024-05-26T20:27:58.889Z","bid"
"0.06888","50","2024-05-26T20:27:58.889Z","bid"
"0.06871","50","2024-05-26T20:27:58.889Z","bid"
"0.06865","362.8","2024-05-26T20:27:58.889Z","bid"
"0.0686","3629.7","2024-05-26T20:27:58.889Z","bid"
"0.06857","50.8","2024-05-26T20:27:58.889Z","bid"
"0.06844","100","2024-05-26T20:27:58.889Z","bid"
"0.06823","51","2024-05-26T20:27:58.889Z","bid"
"0.068","75838.2","2024-05-26T20:27:58.889Z","bid"
"0.0679","51.3","2024-05-26T20:27:58.889Z","bid"
"0.06755","500","2024-05-26T20:27:58.889Z","bid"
"0.0675","124.1","2024-05-26T20:27:58.889Z","bid"
"0.06742","18000","2024-05-26T20:27:58.889Z","bid"
"0.06734","741.4","2024-05-26T20:27:58.889Z","bid"
"0.0671","4480","2024-05-26T20:27:58.889Z","bid"
"0.067","38962.2","2024-05-26T20:27:58.889Z","bid"
"0.0666","14932.4","2024-05-26T20:27:58.889Z","bid"
"0.0662","394","2024-05-26T20:27:58.889Z","bid"
"0.06605","3800","2024-05-26T20:27:58.889Z","bid"
"0.066","2000","2024-05-26T20:27:58.889Z","bid"
"0.06571","759.8","2024-05-26T20:27:58.889Z","bid"
"0.06555","750","2024-05-26T20:27:58.889Z","bid"
"0.21073","5229.3","2024-05-26T20:27:58.888Z","ask"
"0.21092","840","2024-05-26T20:27:58.888Z","ask"
"0.2114","5000","2024-05-26T20:27:58.888Z","ask"
"0.21142","4.4","2024-05-26T20:27:58.888Z","ask"
"0.212","3322.5","2024-05-26T20:27:58.888Z","ask"
"0.2123","24.8","2024-05-26T20:27:58.888Z","ask"
"0.21237","22","2024-05-26T20:27:58.888Z","ask"
"0.21353","844.4","2024-05-26T20:27:58.888Z","ask"
"0.21444","500","2024-05-26T20:27:58.888Z","ask"
"0.2145","494.3","2024-05-26T20:27:58.888Z","ask"
"0.215","78153.7","2024-05-26T20:27:58.888Z","ask"
"0.21567","4.4","2024-05-26T20:27:58.888Z","ask"
"0.216","641.3","2024-05-26T20:27:58.888Z","ask"
"0.21613","840","2024-05-26T20:27:58.888Z","ask"
"0.21782","4.3","2024-05-26T20:27:58.888Z","ask"
"0.21786","2380.4","2024-05-26T20:27:58.888Z","ask"
"0.21998","1213.4","2024-05-26T20:27:58.888Z","ask"
"0.22","64795","2024-05-26T20:27:58.888Z","ask"
"0.2222","1004.2","2024-05-26T20:27:58.888Z","ask"
"0.2242","26.7","2024-05-26T20:27:58.888Z","ask"
"0.22424","278.1","2024-05-26T20:27:58.888Z","ask"
"0.2244","50000","2024-05-26T20:27:58.888Z","ask"
"0.22443","4.2","2024-05-26T20:27:58.888Z","ask"
"0.225","444.4","2024-05-26T20:27:58.888Z","ask"
"0.22667","4.1","2024-05-26T20:27:58.888Z","ask"
"0.2275","1000","2024-05-26T20:27:58.888Z","ask"
"0.22894","4.1","2024-05-26T20:27:58.888Z","ask"
"0.2299","3301.1","2024-05-26T20:27:58.888Z","ask"
"0.22999","65.7","2024-05-26T20:27:58.888Z","ask"
"0.23","125115","2024-05-26T20:27:58.888Z","ask"
"0.23123","4.1","2024-05-26T20:27:58.888Z","ask"
"0.232","3971.6","2024-05-26T20:27:58.888Z","ask"
"0.2325","6728.4","2024-05-26T20:27:58.888Z","ask"
"0.23354","4","2024-05-26T20:27:58.888Z","ask"
"0.234","22","2024-05-26T20:27:58.888Z","ask"
"0.2343","3227.9","2024-05-26T20:27:58.888Z","ask"
"0.23587","4","2024-05-26T20:27:58.888Z","ask"
"0.23671","76","2024-05-26T20:27:58.888Z","ask"
"0.23733","174.1","2024-05-26T20:27:58.888Z","ask"
"0.238","20240.7","2024-05-26T20:27:58.888Z","ask"
"0.23823","3.9","2024-05-26T20:27:58.888Z","ask"
"0.2383","63.3","2024-05-26T20:27:58.888Z","ask"
"0.2389","43244.9","2024-05-26T20:27:58.888Z","ask"
"0.2399","450","2024-05-26T20:27:58.888Z","ask"
"0.23999","42","2024-05-26T20:27:58.888Z","ask"
"0.24","144362.3","2024-05-26T20:27:58.888Z","ask"
"0.24061","3.9","2024-05-26T20:27:58.888Z","ask"
"0.24206","2380.4","2024-05-26T20:27:58.888Z","ask"
"0.2422","2694.5","2024-05-26T20:27:58.888Z","ask"
"0.2428","683.5","2024-05-26T20:27:58.888Z","ask"
"0.24302","3.9","2024-05-26T20:27:58.888Z","ask"
"0.24444","250","2024-05-26T20:27:58.888Z","ask"
"0.24493","36218.1","2024-05-26T20:27:58.888Z","ask"
"0.245","297.5","2024-05-26T20:27:58.888Z","ask"
"0.24545","3.8","2024-05-26T20:27:58.888Z","ask"
"0.2455","9168.1","2024-05-26T20:27:58.888Z","ask"
"0.246","4500","2024-05-26T20:27:58.888Z","ask"
"0.247","6876.8","2024-05-26T20:27:58.888Z","ask"
"0.24791","3.8","2024-05-26T20:27:58.888Z","ask"
"0.2484","807.2","2024-05-26T20:27:58.888Z","ask"
"0.2499","3000","2024-05-26T20:27:58.888Z","ask"
"0.25","213978.3","2024-05-26T20:27:58.888Z","ask"
"0.25038","3.8","2024-05-26T20:27:58.888Z","ask"
"0.2515","2087.2","2024-05-26T20:27:58.888Z","ask"
"0.2516","2084.9","2024-05-26T20:27:58.888Z","ask"
"0.252","1536.8","2024-05-26T20:27:58.888Z","ask"
"0.25289","3.7","2024-05-26T20:27:58.888Z","ask"
"0.255","5000","2024-05-26T20:27:58.888Z","ask"
"0.25542","3.7","2024-05-26T20:27:58.888Z","ask"
"0.256","100","2024-05-26T20:27:58.888Z","ask"
"0.25797","3.6","2024-05-26T20:27:58.888Z","ask"
"0.26","17366.6","2024-05-26T20:27:58.888Z","ask"
"0.26055","3.6","2024-05-26T20:27:58.888Z","ask"
"0.26195","278","2024-05-26T20:27:58.888Z","ask"
"0.26316","3.6","2024-05-26T20:27:58.888Z","ask"
"0.26579","3.5","2024-05-26T20:27:58.888Z","ask"
"0.26839","150.7","2024-05-26T20:27:58.888Z","ask"
"0.26845","3.5","2024-05-26T20:27:58.888Z","ask"
"0.269","22","2024-05-26T20:27:58.888Z","ask"
"0.27","88721.7","2024-05-26T20:27:58.888Z","ask"
"0.27113","3.5","2024-05-26T20:27:58.888Z","ask"
"0.27384","3.4","2024-05-26T20:27:58.888Z","ask"
"0.275","27272.7","2024-05-26T20:27:58.888Z","ask"
"0.276","17689.8","2024-05-26T20:27:58.888Z","ask"
"0.27658","3.4","2024-05-26T20:27:58.888Z","ask"
"0.27797","50","2024-05-26T20:27:58.888Z","ask"
"0.27935","3.4","2024-05-26T20:27:58.888Z","ask"
"0.27999","43.1","2024-05-26T20:27:58.888Z","ask"
"0.28","78180.7","2024-05-26T20:27:58.888Z","ask"
"0.28062","2269.6","2024-05-26T20:27:58.888Z","ask"
"0.28214","3.3","2024-05-26T20:27:58.888Z","ask"
"0.284","1000","2024-05-26T20:27:58.888Z","ask"
"0.28444","350","2024-05-26T20:27:58.888Z","ask"
"0.28496","3.3","2024-05-26T20:27:58.888Z","ask"
"0.28497","421.1","2024-05-26T20:27:58.888Z","ask"
"0.285","100","2024-05-26T20:27:58.888Z","ask"
"0.28781","3.3","2024-05-26T20:27:58.888Z","ask"
"0.28999","2277.6","2024-05-26T20:27:58.888Z","ask"
"0.29","15770.4","2024-05-26T20:27:58.888Z","ask"
"0.29069","3.2","2024-05-26T20:27:58.888Z","ask"
"0.2915","138","2024-05-26T20:27:58.888Z","ask"
"0.2936","3.2","2024-05-26T20:27:58.888Z","ask"
"0.296","777","2024-05-26T20:27:58.888Z","ask"
"0.29653","3.2","2024-05-26T20:27:58.888Z","ask"
"0.297","5000","2024-05-26T20:27:58.888Z","ask"
"0.2988","1569.9","2024-05-26T20:27:58.888Z","ask"
"0.299","1600","2024-05-26T20:27:58.888Z","ask"
"0.2995","3.1","2024-05-26T20:27:58.888Z","ask"
"0.2998","400","2024-05-26T20:27:58.888Z","ask"
"0.3","122543.3","2024-05-26T20:27:58.888Z","ask"
"0.301","100","2024-05-26T20:27:58.888Z","ask"
"0.30249","3.1","2024-05-26T20:27:58.888Z","ask"
"0.305","830","2024-05-26T20:27:58.888Z","ask"
"0.30552","3.1","2024-05-26T20:27:58.888Z","ask"
"0.30857","3","2024-05-26T20:27:58.888Z","ask"
"0.31","98260.9","2024-05-26T20:27:58.888Z","ask"
"0.311","1000","2024-05-26T20:27:58.888Z","ask"
"0.31166","3","2024-05-26T20:27:58.888Z","ask"
"0.312","100","2024-05-26T20:27:58.888Z","ask"
"0.31477","3","2024-05-26T20:27:58.888Z","ask"
"0.315","7054.9","2024-05-26T20:27:58.888Z","ask"
"0.3155","2386.7","2024-05-26T20:27:58.888Z","ask"
"0.3172","3178.6","2024-05-26T20:27:58.888Z","ask"
"0.31792","3","2024-05-26T20:27:58.888Z","ask"
"0.32","8873.8","2024-05-26T20:27:58.888Z","ask"
"0.3211","2.9","2024-05-26T20:27:58.888Z","ask"
"0.323","12555.2","2024-05-26T20:27:58.888Z","ask"
"0.3232","3397","2024-05-26T20:27:58.888Z","ask"
"0.32888","7770.9","2024-05-26T20:27:58.888Z","ask"
"0.3292","1218.2","2024-05-26T20:27:58.888Z","ask"
"0.33","11892.4","2024-05-26T20:27:58.888Z","ask"
"0.333","37.7","2024-05-26T20:27:58.888Z","ask"
"0.33518","600","2024-05-26T20:27:58.888Z","ask"
"0.33666","66","2024-05-26T20:27:58.888Z","ask"
"0.34","5893","2024-05-26T20:27:58.888Z","ask"
"0.34444","400.6","2024-05-26T20:27:58.888Z","ask"
"0.34935","150.7","2024-05-26T20:27:58.888Z","ask"
"0.35","73373.9","2024-05-26T20:27:58.888Z","ask"
"0.3571","336.2","2024-05-26T20:27:58.888Z","ask"
"0.36","337014.9","2024-05-26T20:27:58.888Z","ask"
"0.364","263","2024-05-26T20:27:58.888Z","ask"
"0.3648","118.6","2024-05-26T20:27:58.888Z","ask"
"0.3649","836.1","2024-05-26T20:27:58.888Z","ask"
"0.369","3050.6","2024-05-26T20:27:58.888Z","ask"
"0.37","15631.4","2024-05-26T20:27:58.888Z","ask"
"0.37398","107","2024-05-26T20:27:58.888Z","ask"
"0.377","11293.5","2024-05-26T20:27:58.888Z","ask"
"0.38","56733","2024-05-26T20:27:58.888Z","ask"
"0.383","213.4","2024-05-26T20:27:58.888Z","ask"
"0.3844","1000","2024-05-26T20:27:58.888Z","ask"
"0.39","208598.9","2024-05-26T20:27:58.888Z","ask"
"0.39298","600","2024-05-26T20:27:58.888Z","ask"
"0.3936","50","2024-05-26T20:27:58.888Z","ask"
"0.394","800","2024-05-26T20:27:58.888Z","ask"
"0.3944","1947","2024-05-26T20:27:58.888Z","ask"
"0.395","1466.8","2024-05-26T20:27:58.888Z","ask"
"0.396","239.7","2024-05-26T20:27:58.888Z","ask"
"0.399","170361","2024-05-26T20:27:58.888Z","ask"
"0.4","45597.5","2024-05-26T20:27:58.888Z","ask"
"0.405","20000","2024-05-26T20:27:58.888Z","ask"
"0.41","32209.9","2024-05-26T20:27:58.888Z","ask"
"0.42","295764.3","2024-05-26T20:27:58.888Z","ask"
"0.42069","37138.8","2024-05-26T20:27:58.888Z","ask"
"0.43","4522","2024-05-26T20:27:58.888Z","ask"
"0.43069","28","2024-05-26T20:27:58.888Z","ask"
"0.432","12501.9","2024-05-26T20:27:58.888Z","ask"
"0.43906","94.1","2024-05-26T20:27:58.888Z","ask"
"0.44","4738.4","2024-05-26T20:27:58.888Z","ask"
"0.444","2252.2","2024-05-26T20:27:58.888Z","ask"
"0.4444","227.3","2024-05-26T20:27:58.888Z","ask"
"0.45","10392.1","2024-05-26T20:27:58.888Z","ask"
"0.454","100","2024-05-26T20:27:58.888Z","ask"
"0.45493","421","2024-05-26T20:27:58.888Z","ask"
"0.46","40762","2024-05-26T20:27:58.888Z","ask"
"0.463","888","2024-05-26T20:27:58.888Z","ask"
"0.464","1000","2024-05-26T20:27:58.888Z","ask"
"0.47","5719.2","2024-05-26T20:27:58.888Z","ask"
"0.47344","903.2","2024-05-26T20:27:58.888Z","ask"
"0.47946","150.7","2024-05-26T20:27:58.888Z","ask"
"0.48","1254.3","2024-05-26T20:27:58.888Z","ask"
"0.484","163402.3","2024-05-26T20:27:58.888Z","ask"
"0.48887","370.5","2024-05-26T20:27:58.888Z","ask"
"0.49","231237.4","2024-05-26T20:27:58.888Z","ask"
"0.499","302.5","2024-05-26T20:27:58.888Z","ask"
"0.5","668391.8","2024-05-26T20:27:58.888Z","ask"
"0.50777","1500","2024-05-26T20:27:58.888Z","ask"
"0.51","22","2024-05-26T20:27:58.888Z","ask"
"0.516","600","2024-05-26T20:27:58.888Z","ask"
"0.518","650","2024-05-26T20:27:58.888Z","ask"
"0.52","23782.3","2024-05-26T20:27:58.888Z","ask"
"0.53","7351.1","2024-05-26T20:27:58.888Z","ask"
"0.54","570855.3","2024-05-26T20:27:58.888Z","ask"
"0.5472","118.6","2024-05-26T20:27:58.888Z","ask"
"0.55","40118.7","2024-05-26T20:27:58.888Z","ask"
"0.5555","28","2024-05-26T20:27:58.888Z","ask"
"0.55555","290","2024-05-26T20:27:58.888Z","ask"
"0.56","22684.9","2024-05-26T20:27:58.888Z","ask"
"0.563","1466.9","2024-05-26T20:27:58.888Z","ask"
"0.5663","58699.6","2024-05-26T20:27:58.888Z","ask"
"0.56999","7289.9","2024-05-26T20:27:58.888Z","ask"
"0.57","25466","2024-05-26T20:27:58.888Z","ask"
"0.571","3202.2","2024-05-26T20:27:58.888Z","ask"
"0.575","611.8","2024-05-26T20:27:58.888Z","ask"
"0.57521","157.5","2024-05-26T20:27:58.888Z","ask"
"0.58","222","2024-05-26T20:27:58.888Z","ask"
"0.586","3425","2024-05-26T20:27:58.888Z","ask"
"0.59","9143.7","2024-05-26T20:27:58.888Z","ask"
"0.5912","78148.3","2024-05-26T20:27:58.888Z","ask"
"0.594","160.2","2024-05-26T20:27:58.888Z","ask"
"0.595","49680.6","2024-05-26T20:27:58.888Z","ask"
"0.5996","100","2024-05-26T20:27:58.888Z","ask"
"0.6","126825","2024-05-26T20:27:58.888Z","ask"
"0.612","600","2024-05-26T20:27:58.888Z","ask"
"0.62","801.7","2024-05-26T20:27:58.888Z","ask"
"0.63","1857.6","2024-05-26T20:27:58.888Z","ask"
"0.64","5147.1","2024-05-26T20:27:58.888Z","ask"
"0.65","17687.6","2024-05-26T20:27:58.888Z","ask"
"0.656","4500","2024-05-26T20:27:58.888Z","ask"
"0.66","4620.8","2024-05-26T20:27:58.888Z","ask"
"0.68","12326.6","2024-05-26T20:27:58.888Z","ask"
"0.69","13698.7","2024-05-26T20:27:58.888Z","ask"
"0.69053","150.7","2024-05-26T20:27:58.888Z","ask"
"0.691","2449.2","2024-05-26T20:27:58.888Z","ask"
"0.6922","500","2024-05-26T20:27:58.888Z","ask"
"0.695","848.1","2024-05-26T20:27:58.888Z","ask"
"0.7","78707.3","2024-05-26T20:27:58.888Z","ask"
"0.7142","336.1","2024-05-26T20:27:58.888Z","ask"
"0.72","3855.7","2024-05-26T20:27:58.888Z","ask"
"0.7296","118.6","2024-05-26T20:27:58.888Z","ask"
"0.73","3000","2024-05-26T20:27:58.888Z","ask"
"0.74","4000","2024-05-26T20:27:58.888Z","ask"
"0.743","50","2024-05-26T20:27:58.888Z","ask"
"0.75","34677.2","2024-05-26T20:27:58.888Z","ask"
"0.7513","46863.7","2024-05-26T20:27:58.888Z","ask"
"0.76129","12839","2024-05-26T20:27:58.888Z","ask"
"0.77","1354.1","2024-05-26T20:27:58.888Z","ask"
"0.77777","1200","2024-05-26T20:27:58.888Z","ask"
"0.786","1599","2024-05-26T20:27:58.888Z","ask"
"0.79","1867","2024-05-26T20:27:58.888Z","ask"
"0.8","34655.7","2024-05-26T20:27:58.888Z","ask"
"0.81","25095.5","2024-05-26T20:27:58.888Z","ask"
"0.81226","50.9","2024-05-26T20:27:58.888Z","ask"
"0.82","200","2024-05-26T20:27:58.888Z","ask"
"0.832","1649.7","2024-05-26T20:27:58.888Z","ask"
"0.839","10825.3","2024-05-26T20:27:58.888Z","ask"
"0.84","10084.9","2024-05-26T20:27:58.888Z","ask"
"0.844","1500","2024-05-26T20:27:58.888Z","ask"
"0.85","6484.7","2024-05-26T20:27:58.888Z","ask"
"0.86113","150.7","2024-05-26T20:27:58.888Z","ask"
"0.87","5109.2","2024-05-26T20:27:58.888Z","ask"
"0.88","6493","2024-05-26T20:27:58.888Z","ask"
"0.89","2057.8","2024-05-26T20:27:58.888Z","ask"
"0.9","90952.6","2024-05-26T20:27:58.888Z","ask"
"0.92","8812.1","2024-05-26T20:27:58.888Z","ask"
"0.92078","7824.4","2024-05-26T20:27:58.888Z","ask"
"0.93","1320.9","2024-05-26T20:27:58.888Z","ask"
"0.933","26558.8","2024-05-26T20:27:58.888Z","ask"
"0.94","8700","2024-05-26T20:27:58.888Z","ask"
"0.94141","170.9","2024-05-26T20:27:58.888Z","ask"
"0.94357","225.8","2024-05-26T20:27:58.888Z","ask"
"0.95","282224.5","2024-05-26T20:27:58.888Z","ask"
"0.955","6729.5","2024-05-26T20:27:58.888Z","ask"
"0.95777","558133.5","2024-05-26T20:27:58.888Z","ask"
"0.95975","2370","2024-05-26T20:27:58.888Z","ask"
"0.9635","2075.9","2024-05-26T20:27:58.888Z","ask"
"0.96777","500000","2024-05-26T20:27:58.888Z","ask"
"0.968","14268","2024-05-26T20:27:58.888Z","ask"
"0.97","9910.5","2024-05-26T20:27:58.888Z","ask"
"0.975","2002.2","2024-05-26T20:27:58.888Z","ask"
"0.977","6251","2024-05-26T20:27:58.888Z","ask"
"0.9777","867","2024-05-26T20:27:58.888Z","ask"
"0.9795","20.7","2024-05-26T20:27:58.888Z","ask"
"0.98","21832","2024-05-26T20:27:58.888Z","ask"
"0.99","7287.3","2024-05-26T20:27:58.888Z","ask"
"0.9912","190","2024-05-26T20:27:58.888Z","ask"
"0.999","125","2024-05-26T20:27:58.888Z","ask"
"1","918354.1","2024-05-26T20:27:58.888Z","ask"
"1.01","514","2024-05-26T20:27:58.888Z","ask"
"1.03","366.8","2024-05-26T20:27:58.888Z","ask"
"1.03172","150.7","2024-05-26T20:27:58.888Z","ask"
"1.05","500","2024-05-26T20:27:58.888Z","ask"
"1.1","14054.1","2024-05-26T20:27:58.888Z","ask"
"1.116","15072","2024-05-26T20:27:58.888Z","ask"
"1.15","1262.8","2024-05-26T20:27:58.888Z","ask"
"1.1594","451.6","2024-05-26T20:27:58.888Z","ask"
"1.15959","1025.6","2024-05-26T20:27:58.888Z","ask"
"1.19","102626.7","2024-05-26T20:27:58.888Z","ask"
"1.2","104741.2","2024-05-26T20:27:58.888Z","ask"
"1.25","37227.5","2024-05-26T20:27:58.888Z","ask"
"1.27749","150.7","2024-05-26T20:27:58.888Z","ask"
"1.298","393.3","2024-05-26T20:27:58.888Z","ask"
"1.3","5195.9","2024-05-26T20:27:58.888Z","ask"
"1.321","4500","2024-05-26T20:27:58.888Z","ask"
"1.33","1200.7","2024-05-26T20:27:58.888Z","ask"
"1.3322","10000","2024-05-26T20:27:58.888Z","ask"
"1.34","204.4","2024-05-26T20:27:58.888Z","ask"
"1.35","7458.9","2024-05-26T20:27:58.888Z","ask"
"1.35264","7009.6","2024-05-26T20:27:58.888Z","ask"
"1.36","400082.9","2024-05-26T20:27:58.888Z","ask"
"1.38213","56","2024-05-26T20:27:58.888Z","ask"
"1.4","115251.4","2024-05-26T20:27:58.888Z","ask"
"1.4123","932.3","2024-05-26T20:27:58.888Z","ask"
"1.41917","150.7","2024-05-26T20:27:58.888Z","ask"
"1.42","2560","2024-05-26T20:27:58.888Z","ask"
"1.45","118826.9","2024-05-26T20:27:58.888Z","ask"
"1.48","1263.4","2024-05-26T20:27:58.888Z","ask"
"1.5","206711.6","2024-05-26T20:27:58.888Z","ask"
"1.51","900","2024-05-26T20:27:58.888Z","ask"
"1.58","28765","2024-05-26T20:27:58.888Z","ask"
"1.58398","151.3","2024-05-26T20:27:58.888Z","ask"
"0.16757","273.7","2024-05-26T20:27:58.887Z","ask"
"0.16772","167.6","2024-05-26T20:27:58.887Z","ask"
"0.1678","1000","2024-05-26T20:27:58.887Z","ask"
"0.1679","140","2024-05-26T20:27:58.887Z","ask"
"0.16797","40","2024-05-26T20:27:58.887Z","ask"
"0.16816","26.5","2024-05-26T20:27:58.887Z","ask"
"0.16817","5.6","2024-05-26T20:27:58.887Z","ask"
"0.16831","140","2024-05-26T20:27:58.887Z","ask"
"0.1685","10000","2024-05-26T20:27:58.887Z","ask"
"0.16872","140","2024-05-26T20:27:58.887Z","ask"
"0.16882","560","2024-05-26T20:27:58.887Z","ask"
"0.16889","271.6","2024-05-26T20:27:58.887Z","ask"
"0.16902","121.7","2024-05-26T20:27:58.887Z","ask"
"0.16913","140","2024-05-26T20:27:58.887Z","ask"
"0.16926","840","2024-05-26T20:27:58.887Z","ask"
"0.16945","2380.5","2024-05-26T20:27:58.887Z","ask"
"0.16955","140","2024-05-26T20:27:58.887Z","ask"
"0.16974","26.3","2024-05-26T20:27:58.887Z","ask"
"0.16985","5.5","2024-05-26T20:27:58.887Z","ask"
"0.16996","140","2024-05-26T20:27:58.887Z","ask"
"0.17","129845.8","2024-05-26T20:27:58.887Z","ask"
"0.17022","165.1","2024-05-26T20:27:58.887Z","ask"
"0.17023","269.4","2024-05-26T20:27:58.887Z","ask"
"0.17037","140","2024-05-26T20:27:58.887Z","ask"
"0.1705","560","2024-05-26T20:27:58.887Z","ask"
"0.17078","140","2024-05-26T20:27:58.887Z","ask"
"0.171","152.2","2024-05-26T20:27:58.887Z","ask"
"0.17108","1640.5","2024-05-26T20:27:58.887Z","ask"
"0.17119","140","2024-05-26T20:27:58.887Z","ask"
"0.17134","26.1","2024-05-26T20:27:58.887Z","ask"
"0.1714","12500","2024-05-26T20:27:58.887Z","ask"
"0.17155","5.5","2024-05-26T20:27:58.887Z","ask"
"0.17157","267.3","2024-05-26T20:27:58.887Z","ask"
"0.1716","140","2024-05-26T20:27:58.887Z","ask"
"0.17167","100","2024-05-26T20:27:58.887Z","ask"
"0.17186","840","2024-05-26T20:27:58.887Z","ask"
"0.17202","140","2024-05-26T20:27:58.887Z","ask"
"0.17217","560","2024-05-26T20:27:58.887Z","ask"
"0.17243","140","2024-05-26T20:27:58.887Z","ask"
"0.17276","162.7","2024-05-26T20:27:58.887Z","ask"
"0.17284","140","2024-05-26T20:27:58.887Z","ask"
"0.17292","265.2","2024-05-26T20:27:58.887Z","ask"
"0.17294","25.8","2024-05-26T20:27:58.887Z","ask"
"0.17325","140","2024-05-26T20:27:58.887Z","ask"
"0.17327","5.4","2024-05-26T20:27:58.887Z","ask"
"0.17366","140","2024-05-26T20:27:58.887Z","ask"
"0.17385","560","2024-05-26T20:27:58.887Z","ask"
"0.17407","140","2024-05-26T20:27:58.887Z","ask"
"0.17428","263.2","2024-05-26T20:27:58.887Z","ask"
"0.17447","840","2024-05-26T20:27:58.887Z","ask"
"0.17448","140","2024-05-26T20:27:58.887Z","ask"
"0.17456","25.6","2024-05-26T20:27:58.887Z","ask"
"0.17474","117.7","2024-05-26T20:27:58.887Z","ask"
"0.1749","140","2024-05-26T20:27:58.887Z","ask"
"0.175","124766.7","2024-05-26T20:27:58.887Z","ask"
"0.17512","1000","2024-05-26T20:27:58.887Z","ask"
"0.17531","140","2024-05-26T20:27:58.887Z","ask"
"0.17534","160.3","2024-05-26T20:27:58.887Z","ask"
"0.17552","560","2024-05-26T20:27:58.887Z","ask"
"0.17565","261.1","2024-05-26T20:27:58.887Z","ask"
"0.17572","140","2024-05-26T20:27:58.887Z","ask"
"0.176","472","2024-05-26T20:27:58.887Z","ask"
"0.17607","81.4","2024-05-26T20:27:58.887Z","ask"
"0.17613","303.4","2024-05-26T20:27:58.887Z","ask"
"0.1762","25.3","2024-05-26T20:27:58.887Z","ask"
"0.17654","140","2024-05-26T20:27:58.887Z","ask"
"0.17675","5.3","2024-05-26T20:27:58.887Z","ask"
"0.17695","140","2024-05-26T20:27:58.887Z","ask"
"0.17703","259.1","2024-05-26T20:27:58.887Z","ask"
"0.17707","840","2024-05-26T20:27:58.887Z","ask"
"0.1771","100","2024-05-26T20:27:58.887Z","ask"
"0.17719","560","2024-05-26T20:27:58.887Z","ask"
"0.17735","100","2024-05-26T20:27:58.887Z","ask"
"0.17737","140","2024-05-26T20:27:58.887Z","ask"
"0.17778","140","2024-05-26T20:27:58.887Z","ask"
"0.17785","25.1","2024-05-26T20:27:58.887Z","ask"
"0.17796","158","2024-05-26T20:27:58.887Z","ask"
"0.17819","140","2024-05-26T20:27:58.887Z","ask"
"0.17842","257.1","2024-05-26T20:27:58.887Z","ask"
"0.17852","5.3","2024-05-26T20:27:58.887Z","ask"
"0.1786","140","2024-05-26T20:27:58.887Z","ask"
"0.17887","560","2024-05-26T20:27:58.887Z","ask"
"0.179","3202","2024-05-26T20:27:58.887Z","ask"
"0.17901","140","2024-05-26T20:27:58.887Z","ask"
"0.17925","100","2024-05-26T20:27:58.887Z","ask"
"0.17942","140","2024-05-26T20:27:58.887Z","ask"
"0.17952","24.9","2024-05-26T20:27:58.887Z","ask"
"0.17968","840","2024-05-26T20:27:58.887Z","ask"
"0.17983","140","2024-05-26T20:27:58.887Z","ask"
"0.17984","255","2024-05-26T20:27:58.887Z","ask"
"0.18","174603.8","2024-05-26T20:27:58.887Z","ask"
"0.18024","11650.9","2024-05-26T20:27:58.887Z","ask"
"0.18025","293.6","2024-05-26T20:27:58.887Z","ask"
"0.1803","5.2","2024-05-26T20:27:58.887Z","ask"
"0.18054","560","2024-05-26T20:27:58.887Z","ask"
"0.18062","155.6","2024-05-26T20:27:58.887Z","ask"
"0.18066","140","2024-05-26T20:27:58.887Z","ask"
"0.1807","1171.7","2024-05-26T20:27:58.887Z","ask"
"0.181","208743.8","2024-05-26T20:27:58.887Z","ask"
"0.18107","140","2024-05-26T20:27:58.887Z","ask"
"0.18121","24.6","2024-05-26T20:27:58.887Z","ask"
"0.18125","253","2024-05-26T20:27:58.887Z","ask"
"0.1814","165.8","2024-05-26T20:27:58.887Z","ask"
"0.18148","140","2024-05-26T20:27:58.887Z","ask"
"0.1818","54000","2024-05-26T20:27:58.887Z","ask"
"0.18185","475.6","2024-05-26T20:27:58.887Z","ask"
"0.18189","140","2024-05-26T20:27:58.887Z","ask"
"0.1821","1000","2024-05-26T20:27:58.887Z","ask"
"0.18211","5.2","2024-05-26T20:27:58.887Z","ask"
"0.18221","560","2024-05-26T20:27:58.887Z","ask"
"0.18228","840","2024-05-26T20:27:58.887Z","ask"
"0.1823","640","2024-05-26T20:27:58.887Z","ask"
"0.18232","1715","2024-05-26T20:27:58.887Z","ask"
"0.1824","857.4","2024-05-26T20:27:58.887Z","ask"
"0.18255","854.8","2024-05-26T20:27:58.887Z","ask"
"0.18268","251.1","2024-05-26T20:27:58.887Z","ask"
"0.18271","140","2024-05-26T20:27:58.887Z","ask"
"0.18273","853.1","2024-05-26T20:27:58.887Z","ask"
"0.18279","500","2024-05-26T20:27:58.887Z","ask"
"0.1829","24.4","2024-05-26T20:27:58.887Z","ask"
"0.18313","140","2024-05-26T20:27:58.887Z","ask"
"0.1833","569.7","2024-05-26T20:27:58.887Z","ask"
"0.18331","153.3","2024-05-26T20:27:58.887Z","ask"
"0.1834","1000","2024-05-26T20:27:58.887Z","ask"
"0.18354","140","2024-05-26T20:27:58.887Z","ask"
"0.18383","54.3","2024-05-26T20:27:58.887Z","ask"
"0.18389","560","2024-05-26T20:27:58.887Z","ask"
"0.18393","5.1","2024-05-26T20:27:58.887Z","ask"
"0.18395","140","2024-05-26T20:27:58.887Z","ask"
"0.184","23690.9","2024-05-26T20:27:58.887Z","ask"
"0.18412","249.1","2024-05-26T20:27:58.887Z","ask"
"0.18436","140","2024-05-26T20:27:58.887Z","ask"
"0.18462","24.2","2024-05-26T20:27:58.887Z","ask"
"0.18477","140","2024-05-26T20:27:58.887Z","ask"
"0.18488","840","2024-05-26T20:27:58.887Z","ask"
"0.185","118524.4","2024-05-26T20:27:58.887Z","ask"
"0.18518","140","2024-05-26T20:27:58.887Z","ask"
"0.18539","273.9","2024-05-26T20:27:58.887Z","ask"
"0.18556","560","2024-05-26T20:27:58.887Z","ask"
"0.18557","247.2","2024-05-26T20:27:58.887Z","ask"
"0.1856","140","2024-05-26T20:27:58.887Z","ask"
"0.18577","5.1","2024-05-26T20:27:58.887Z","ask"
"0.18601","140","2024-05-26T20:27:58.887Z","ask"
"0.18604","151.1","2024-05-26T20:27:58.887Z","ask"
"0.1863","135","2024-05-26T20:27:58.887Z","ask"
"0.18635","24","2024-05-26T20:27:58.887Z","ask"
"0.18642","140","2024-05-26T20:27:58.887Z","ask"
"0.18683","140","2024-05-26T20:27:58.887Z","ask"
"0.18685","185.2","2024-05-26T20:27:58.887Z","ask"
"0.18691","250","2024-05-26T20:27:58.887Z","ask"
"0.18703","245.2","2024-05-26T20:27:58.887Z","ask"
"0.18723","560","2024-05-26T20:27:58.887Z","ask"
"0.18724","140","2024-05-26T20:27:58.887Z","ask"
"0.18749","840","2024-05-26T20:27:58.887Z","ask"
"0.18758","246.3","2024-05-26T20:27:58.887Z","ask"
"0.18762","5","2024-05-26T20:27:58.887Z","ask"
"0.18765","140","2024-05-26T20:27:58.887Z","ask"
"0.18806","140","2024-05-26T20:27:58.887Z","ask"
"0.1881","23.7","2024-05-26T20:27:58.887Z","ask"
"0.18848","140","2024-05-26T20:27:58.887Z","ask"
"0.1885","243.3","2024-05-26T20:27:58.887Z","ask"
"0.18881","148.9","2024-05-26T20:27:58.887Z","ask"
"0.18889","140","2024-05-26T20:27:58.887Z","ask"
"0.18891","560","2024-05-26T20:27:58.887Z","ask"
"0.189","2000","2024-05-26T20:27:58.887Z","ask"
"0.1893","140","2024-05-26T20:27:58.887Z","ask"
"0.1895","5","2024-05-26T20:27:58.887Z","ask"
"0.18964","236.2","2024-05-26T20:27:58.887Z","ask"
"0.18971","140","2024-05-26T20:27:58.887Z","ask"
"0.18974","250","2024-05-26T20:27:58.887Z","ask"
"0.18986","23.5","2024-05-26T20:27:58.887Z","ask"
"0.18998","241.4","2024-05-26T20:27:58.887Z","ask"
"0.18999","53","2024-05-26T20:27:58.887Z","ask"
"0.19","128645.2","2024-05-26T20:27:58.887Z","ask"
"0.19009","840","2024-05-26T20:27:58.887Z","ask"
"0.19012","140","2024-05-26T20:27:58.887Z","ask"
"0.19053","140","2024-05-26T20:27:58.887Z","ask"
"0.19058","560","2024-05-26T20:27:58.887Z","ask"
"0.19095","140","2024-05-26T20:27:58.887Z","ask"
"0.191","261.7","2024-05-26T20:27:58.887Z","ask"
"0.19136","140","2024-05-26T20:27:58.887Z","ask"
"0.19139","4.9","2024-05-26T20:27:58.887Z","ask"
"0.19162","146.6","2024-05-26T20:27:58.887Z","ask"
"0.19164","23.3","2024-05-26T20:27:58.887Z","ask"
"0.19177","140","2024-05-26T20:27:58.887Z","ask"
"0.19218","140","2024-05-26T20:27:58.887Z","ask"
"0.19225","560","2024-05-26T20:27:58.887Z","ask"
"0.19259","140","2024-05-26T20:27:58.887Z","ask"
"0.1927","840","2024-05-26T20:27:58.887Z","ask"
"0.193","20470.4","2024-05-26T20:27:58.887Z","ask"
"0.19331","4.9","2024-05-26T20:27:58.887Z","ask"
"0.19341","140","2024-05-26T20:27:58.887Z","ask"
"0.19344","23.1","2024-05-26T20:27:58.887Z","ask"
"0.19365","2380.4","2024-05-26T20:27:58.887Z","ask"
"0.19383","140","2024-05-26T20:27:58.887Z","ask"
"0.19393","560","2024-05-26T20:27:58.887Z","ask"
"0.19424","140","2024-05-26T20:27:58.887Z","ask"
"0.1945","18336.2","2024-05-26T20:27:58.887Z","ask"
"0.19465","140","2024-05-26T20:27:58.887Z","ask"
"0.195","19969.2","2024-05-26T20:27:58.887Z","ask"
"0.19503","102.9","2024-05-26T20:27:58.887Z","ask"
"0.19506","140","2024-05-26T20:27:58.887Z","ask"
"0.19524","4.8","2024-05-26T20:27:58.887Z","ask"
"0.19526","22.9","2024-05-26T20:27:58.887Z","ask"
"0.1953","840","2024-05-26T20:27:58.887Z","ask"
"0.19547","140","2024-05-26T20:27:58.887Z","ask"
"0.1956","560","2024-05-26T20:27:58.887Z","ask"
"0.19588","140","2024-05-26T20:27:58.887Z","ask"
"0.19617","1023.7","2024-05-26T20:27:58.887Z","ask"
"0.1963","140","2024-05-26T20:27:58.887Z","ask"
"0.19671","236.9","2024-05-26T20:27:58.887Z","ask"
"0.19701","70.6","2024-05-26T20:27:58.887Z","ask"
"0.19709","22.6","2024-05-26T20:27:58.887Z","ask"
"0.19712","140","2024-05-26T20:27:58.887Z","ask"
"0.19719","4.8","2024-05-26T20:27:58.887Z","ask"
"0.19728","560","2024-05-26T20:27:58.887Z","ask"
"0.19753","140","2024-05-26T20:27:58.887Z","ask"
"0.19777","25257.3","2024-05-26T20:27:58.887Z","ask"
"0.1979","840","2024-05-26T20:27:58.887Z","ask"
"0.19794","140","2024-05-26T20:27:58.887Z","ask"
"0.198","220.6","2024-05-26T20:27:58.887Z","ask"
"0.19835","140","2024-05-26T20:27:58.887Z","ask"
"0.19876","140","2024-05-26T20:27:58.887Z","ask"
"0.19894","22.4","2024-05-26T20:27:58.887Z","ask"
"0.19895","560","2024-05-26T20:27:58.887Z","ask"
"0.199","153004.1","2024-05-26T20:27:58.887Z","ask"
"0.19917","4.7","2024-05-26T20:27:58.887Z","ask"
"0.19918","140","2024-05-26T20:27:58.887Z","ask"
"0.19959","140","2024-05-26T20:27:58.887Z","ask"
"0.1998","900","2024-05-26T20:27:58.887Z","ask"
"0.1999","864.6","2024-05-26T20:27:58.887Z","ask"
"0.2","159993.2","2024-05-26T20:27:58.887Z","ask"
"0.20041","140","2024-05-26T20:27:58.887Z","ask"
"0.20051","840","2024-05-26T20:27:58.887Z","ask"
"0.20062","560","2024-05-26T20:27:58.887Z","ask"
"0.2008","22.2","2024-05-26T20:27:58.887Z","ask"
"0.20082","140","2024-05-26T20:27:58.887Z","ask"
"0.20116","4.7","2024-05-26T20:27:58.887Z","ask"
"0.20123","140","2024-05-26T20:27:58.887Z","ask"
"0.20164","140","2024-05-26T20:27:58.887Z","ask"
"0.20206","140","2024-05-26T20:27:58.887Z","ask"
"0.2022","5233.4","2024-05-26T20:27:58.887Z","ask"
"0.2023","560","2024-05-26T20:27:58.887Z","ask"
"0.20247","140","2024-05-26T20:27:58.887Z","ask"
"0.20268","22","2024-05-26T20:27:58.887Z","ask"
"0.20288","140","2024-05-26T20:27:58.887Z","ask"
"0.20311","840","2024-05-26T20:27:58.887Z","ask"
"0.20317","4.6","2024-05-26T20:27:58.887Z","ask"
"0.20329","140","2024-05-26T20:27:58.887Z","ask"
"0.2037","140","2024-05-26T20:27:58.887Z","ask"
"0.20397","560","2024-05-26T20:27:58.887Z","ask"
"0.20411","140","2024-05-26T20:27:58.887Z","ask"
"0.20453","140","2024-05-26T20:27:58.887Z","ask"
"0.20458","22","2024-05-26T20:27:58.887Z","ask"
"0.20494","140","2024-05-26T20:27:58.887Z","ask"
"0.205","3500","2024-05-26T20:27:58.887Z","ask"
"0.2052","4.6","2024-05-26T20:27:58.887Z","ask"
"0.20535","140","2024-05-26T20:27:58.887Z","ask"
"0.20564","560","2024-05-26T20:27:58.887Z","ask"
"0.20572","840","2024-05-26T20:27:58.887Z","ask"
"0.20576","140","2024-05-26T20:27:58.887Z","ask"
"0.20617","140","2024-05-26T20:27:58.887Z","ask"
"0.20625","695.7","2024-05-26T20:27:58.887Z","ask"
"0.20651","22","2024-05-26T20:27:58.887Z","ask"
"0.20658","140","2024-05-26T20:27:58.887Z","ask"
"0.20725","4.5","2024-05-26T20:27:58.887Z","ask"
"0.20732","560","2024-05-26T20:27:58.887Z","ask"
"0.2083","72.5","2024-05-26T20:27:58.887Z","ask"
"0.20832","840","2024-05-26T20:27:58.887Z","ask"
"0.20844","22","2024-05-26T20:27:58.887Z","ask"
"0.20899","560","2024-05-26T20:27:58.887Z","ask"
"0.20933","4.5","2024-05-26T20:27:58.887Z","ask"
"0.20956","1728.2","2024-05-26T20:27:58.887Z","ask"
"0.21","59815.5","2024-05-26T20:27:58.887Z","ask"
"0.21039","22","2024-05-26T20:27:58.887Z","ask"
"0.1344","14.8","2024-05-26T20:27:58.886Z","ask"
"0.13451","341","2024-05-26T20:27:58.886Z","ask"
"0.13457","140","2024-05-26T20:27:58.886Z","ask"
"0.13484","5203.9","2024-05-26T20:27:58.886Z","ask"
"0.13498","140","2024-05-26T20:27:58.886Z","ask"
"0.135","1171.4","2024-05-26T20:27:58.886Z","ask"
"0.13533","273.9","2024-05-26T20:27:58.886Z","ask"
"0.13535","560","2024-05-26T20:27:58.886Z","ask"
"0.13539","140","2024-05-26T20:27:58.886Z","ask"
"0.13541","840","2024-05-26T20:27:58.886Z","ask"
"0.13557","338.3","2024-05-26T20:27:58.886Z","ask"
"0.13561","147.9","2024-05-26T20:27:58.886Z","ask"
"0.1358","140","2024-05-26T20:27:58.886Z","ask"
"0.13588","306.8","2024-05-26T20:27:58.886Z","ask"
"0.136","3737.4","2024-05-26T20:27:58.886Z","ask"
"0.13616","111","2024-05-26T20:27:58.886Z","ask"
"0.13621","140","2024-05-26T20:27:58.886Z","ask"
"0.13624","4129","2024-05-26T20:27:58.886Z","ask"
"0.13632","72.7","2024-05-26T20:27:58.886Z","ask"
"0.13636","206.2","2024-05-26T20:27:58.886Z","ask"
"0.13662","192.1","2024-05-26T20:27:58.886Z","ask"
"0.13664","335.7","2024-05-26T20:27:58.886Z","ask"
"0.13692","150.1","2024-05-26T20:27:58.886Z","ask"
"0.13703","560","2024-05-26T20:27:58.886Z","ask"
"0.13704","140","2024-05-26T20:27:58.886Z","ask"
"0.13745","140","2024-05-26T20:27:58.886Z","ask"
"0.13749","1869.9","2024-05-26T20:27:58.886Z","ask"
"0.13772","333","2024-05-26T20:27:58.886Z","ask"
"0.13786","140","2024-05-26T20:27:58.886Z","ask"
"0.138","302.1","2024-05-26T20:27:58.886Z","ask"
"0.13801","840","2024-05-26T20:27:58.886Z","ask"
"0.13814","111","2024-05-26T20:27:58.886Z","ask"
"0.13819","373.2","2024-05-26T20:27:58.886Z","ask"
"0.13827","140","2024-05-26T20:27:58.886Z","ask"
"0.1384","203.1","2024-05-26T20:27:58.886Z","ask"
"0.13842","71.6","2024-05-26T20:27:58.886Z","ask"
"0.13868","140","2024-05-26T20:27:58.886Z","ask"
"0.1387","560","2024-05-26T20:27:58.886Z","ask"
"0.1388","330.4","2024-05-26T20:27:58.886Z","ask"
"0.13884","337.3","2024-05-26T20:27:58.886Z","ask"
"0.13908","100","2024-05-26T20:27:58.886Z","ask"
"0.13909","140","2024-05-26T20:27:58.886Z","ask"
"0.13919","1785.4","2024-05-26T20:27:58.886Z","ask"
"0.1393","7365.6","2024-05-26T20:27:58.886Z","ask"
"0.13951","140","2024-05-26T20:27:58.886Z","ask"
"0.1398","160","2024-05-26T20:27:58.886Z","ask"
"0.13981","11049","2024-05-26T20:27:58.886Z","ask"
"0.13989","327.9","2024-05-26T20:27:58.886Z","ask"
"0.1399","3000.5","2024-05-26T20:27:58.886Z","ask"
"0.13992","140","2024-05-26T20:27:58.886Z","ask"
"0.13995","146.9","2024-05-26T20:27:58.886Z","ask"
"0.14","25716.1","2024-05-26T20:27:58.886Z","ask"
"0.14013","125.7","2024-05-26T20:27:58.886Z","ask"
"0.14033","140","2024-05-26T20:27:58.886Z","ask"
"0.14037","560","2024-05-26T20:27:58.886Z","ask"
"0.14045","200.2","2024-05-26T20:27:58.886Z","ask"
"0.14056","70.5","2024-05-26T20:27:58.886Z","ask"
"0.14062","840","2024-05-26T20:27:58.886Z","ask"
"0.14074","140","2024-05-26T20:27:58.886Z","ask"
"0.14088","14.7","2024-05-26T20:27:58.886Z","ask"
"0.14093","20.5","2024-05-26T20:27:58.886Z","ask"
"0.14096","6669.6","2024-05-26T20:27:58.886Z","ask"
"0.141","325.3","2024-05-26T20:27:58.886Z","ask"
"0.14115","140","2024-05-26T20:27:58.886Z","ask"
"0.14135","35.1","2024-05-26T20:27:58.886Z","ask"
"0.14156","140","2024-05-26T20:27:58.886Z","ask"
"0.14162","364.1","2024-05-26T20:27:58.886Z","ask"
"0.14174","35","2024-05-26T20:27:58.886Z","ask"
"0.14197","140","2024-05-26T20:27:58.886Z","ask"
"0.142","1194.6","2024-05-26T20:27:58.886Z","ask"
"0.14205","560","2024-05-26T20:27:58.886Z","ask"
"0.14211","433.8","2024-05-26T20:27:58.886Z","ask"
"0.14239","140","2024-05-26T20:27:58.886Z","ask"
"0.14245","144.2","2024-05-26T20:27:58.886Z","ask"
"0.14255","197.2","2024-05-26T20:27:58.886Z","ask"
"0.14272","69.4","2024-05-26T20:27:58.886Z","ask"
"0.1428","140","2024-05-26T20:27:58.886Z","ask"
"0.14321","140","2024-05-26T20:27:58.886Z","ask"
"0.14322","1160.2","2024-05-26T20:27:58.886Z","ask"
"0.14324","8.1","2024-05-26T20:27:58.886Z","ask"
"0.1434","1554","2024-05-26T20:27:58.886Z","ask"
"0.14354","22","2024-05-26T20:27:58.886Z","ask"
"0.14362","140","2024-05-26T20:27:58.886Z","ask"
"0.14372","560","2024-05-26T20:27:58.886Z","ask"
"0.14403","140","2024-05-26T20:27:58.886Z","ask"
"0.1441","111","2024-05-26T20:27:58.886Z","ask"
"0.14435","317.7","2024-05-26T20:27:58.886Z","ask"
"0.14444","140","2024-05-26T20:27:58.886Z","ask"
"0.14452","100","2024-05-26T20:27:58.886Z","ask"
"0.14467","194.3","2024-05-26T20:27:58.886Z","ask"
"0.14482","126884.2","2024-05-26T20:27:58.886Z","ask"
"0.14486","140","2024-05-26T20:27:58.886Z","ask"
"0.14492","68.4","2024-05-26T20:27:58.886Z","ask"
"0.14503","697","2024-05-26T20:27:58.886Z","ask"
"0.14512","1114.6","2024-05-26T20:27:58.886Z","ask"
"0.14513","355.3","2024-05-26T20:27:58.886Z","ask"
"0.14518","14.2","2024-05-26T20:27:58.886Z","ask"
"0.14527","140","2024-05-26T20:27:58.886Z","ask"
"0.14539","560","2024-05-26T20:27:58.886Z","ask"
"0.14544","14.2","2024-05-26T20:27:58.886Z","ask"
"0.14546","14.2","2024-05-26T20:27:58.886Z","ask"
"0.14549","315.3","2024-05-26T20:27:58.886Z","ask"
"0.14555","14.9","2024-05-26T20:27:58.886Z","ask"
"0.14565","14.2","2024-05-26T20:27:58.886Z","ask"
"0.14568","140","2024-05-26T20:27:58.886Z","ask"
"0.14582","840","2024-05-26T20:27:58.886Z","ask"
"0.14608","111","2024-05-26T20:27:58.886Z","ask"
"0.14609","140","2024-05-26T20:27:58.886Z","ask"
"0.1463","1037.7","2024-05-26T20:27:58.886Z","ask"
"0.1465","140","2024-05-26T20:27:58.886Z","ask"
"0.14664","312.8","2024-05-26T20:27:58.886Z","ask"
"0.14683","191.5","2024-05-26T20:27:58.886Z","ask"
"0.14687","14.1","2024-05-26T20:27:58.886Z","ask"
"0.14691","140","2024-05-26T20:27:58.886Z","ask"
"0.147","7639.9","2024-05-26T20:27:58.886Z","ask"
"0.14707","560","2024-05-26T20:27:58.886Z","ask"
"0.14716","67.3","2024-05-26T20:27:58.886Z","ask"
"0.14732","140","2024-05-26T20:27:58.886Z","ask"
"0.14737","170.7","2024-05-26T20:27:58.886Z","ask"
"0.14755","30.3","2024-05-26T20:27:58.886Z","ask"
"0.14774","140","2024-05-26T20:27:58.886Z","ask"
"0.1478","1671","2024-05-26T20:27:58.886Z","ask"
"0.14807","111","2024-05-26T20:27:58.886Z","ask"
"0.14815","140","2024-05-26T20:27:58.886Z","ask"
"0.1483","115","2024-05-26T20:27:58.886Z","ask"
"0.14843","840","2024-05-26T20:27:58.886Z","ask"
"0.14856","140","2024-05-26T20:27:58.886Z","ask"
"0.14874","906.7","2024-05-26T20:27:58.886Z","ask"
"0.14894","30","2024-05-26T20:27:58.886Z","ask"
"0.14896","307.9","2024-05-26T20:27:58.886Z","ask"
"0.14897","140","2024-05-26T20:27:58.886Z","ask"
"0.149","10333.3","2024-05-26T20:27:58.886Z","ask"
"0.14901","188.7","2024-05-26T20:27:58.886Z","ask"
"0.14938","140","2024-05-26T20:27:58.886Z","ask"
"0.14943","66.3","2024-05-26T20:27:58.886Z","ask"
"0.14955","1759.8","2024-05-26T20:27:58.886Z","ask"
"0.14979","140","2024-05-26T20:27:58.886Z","ask"
"0.14995","100","2024-05-26T20:27:58.886Z","ask"
"0.14999","53.7","2024-05-26T20:27:58.886Z","ask"
"0.15","56321.1","2024-05-26T20:27:58.886Z","ask"
"0.15005","111","2024-05-26T20:27:58.886Z","ask"
"0.15013","305.5","2024-05-26T20:27:58.886Z","ask"
"0.1502","140","2024-05-26T20:27:58.886Z","ask"
"0.15033","29.7","2024-05-26T20:27:58.886Z","ask"
"0.15041","560","2024-05-26T20:27:58.886Z","ask"
"0.15062","140","2024-05-26T20:27:58.886Z","ask"
"0.15086","150","2024-05-26T20:27:58.886Z","ask"
"0.15094","13.7","2024-05-26T20:27:58.886Z","ask"
"0.15103","980","2024-05-26T20:27:58.886Z","ask"
"0.1512","369.2","2024-05-26T20:27:58.886Z","ask"
"0.15121","913","2024-05-26T20:27:58.886Z","ask"
"0.15123","185.9","2024-05-26T20:27:58.886Z","ask"
"0.15132","303.1","2024-05-26T20:27:58.886Z","ask"
"0.15144","140","2024-05-26T20:27:58.886Z","ask"
"0.15173","65.3","2024-05-26T20:27:58.886Z","ask"
"0.15174","29.4","2024-05-26T20:27:58.886Z","ask"
"0.15185","140","2024-05-26T20:27:58.886Z","ask"
"0.15197","118.8","2024-05-26T20:27:58.886Z","ask"
"0.152","3029","2024-05-26T20:27:58.886Z","ask"
"0.15204","111","2024-05-26T20:27:58.886Z","ask"
"0.15209","560","2024-05-26T20:27:58.886Z","ask"
"0.15226","140","2024-05-26T20:27:58.886Z","ask"
"0.15242","338.3","2024-05-26T20:27:58.886Z","ask"
"0.15251","300.7","2024-05-26T20:27:58.886Z","ask"
"0.15267","140","2024-05-26T20:27:58.886Z","ask"
"0.153","174.3","2024-05-26T20:27:58.886Z","ask"
"0.15309","140","2024-05-26T20:27:58.886Z","ask"
"0.15314","326.4","2024-05-26T20:27:58.886Z","ask"
"0.15317","29.2","2024-05-26T20:27:58.886Z","ask"
"0.15331","13.5","2024-05-26T20:27:58.886Z","ask"
"0.15348","183.2","2024-05-26T20:27:58.886Z","ask"
"0.1535","140","2024-05-26T20:27:58.886Z","ask"
"0.15364","840","2024-05-26T20:27:58.886Z","ask"
"0.1537","705","2024-05-26T20:27:58.886Z","ask"
"0.15371","298.4","2024-05-26T20:27:58.886Z","ask"
"0.15376","560","2024-05-26T20:27:58.886Z","ask"
"0.15391","140","2024-05-26T20:27:58.886Z","ask"
"0.15402","111","2024-05-26T20:27:58.886Z","ask"
"0.15408","64.3","2024-05-26T20:27:58.886Z","ask"
"0.15432","140","2024-05-26T20:27:58.886Z","ask"
"0.15473","140","2024-05-26T20:27:58.886Z","ask"
"0.1548","273.9","2024-05-26T20:27:58.886Z","ask"
"0.15492","296.1","2024-05-26T20:27:58.886Z","ask"
"0.15514","140","2024-05-26T20:27:58.886Z","ask"
"0.15538","100","2024-05-26T20:27:58.886Z","ask"
"0.15544","560","2024-05-26T20:27:58.886Z","ask"
"0.15555","140","2024-05-26T20:27:58.886Z","ask"
"0.15561","324.8","2024-05-26T20:27:58.886Z","ask"
"0.15577","180.5","2024-05-26T20:27:58.886Z","ask"
"0.15597","140","2024-05-26T20:27:58.886Z","ask"
"0.15606","28.6","2024-05-26T20:27:58.886Z","ask"
"0.15615","293.7","2024-05-26T20:27:58.886Z","ask"
"0.15621","330.1","2024-05-26T20:27:58.886Z","ask"
"0.15624","840","2024-05-26T20:27:58.886Z","ask"
"0.15627","13.1","2024-05-26T20:27:58.886Z","ask"
"0.15638","140","2024-05-26T20:27:58.886Z","ask"
"0.15645","63.3","2024-05-26T20:27:58.886Z","ask"
"0.15679","140","2024-05-26T20:27:58.886Z","ask"
"0.1568","211.5","2024-05-26T20:27:58.886Z","ask"
"0.157","5115.4","2024-05-26T20:27:58.886Z","ask"
"0.15711","560","2024-05-26T20:27:58.886Z","ask"
"0.1572","140","2024-05-26T20:27:58.886Z","ask"
"0.15737","291.4","2024-05-26T20:27:58.886Z","ask"
"0.15752","28.3","2024-05-26T20:27:58.886Z","ask"
"0.15761","140","2024-05-26T20:27:58.886Z","ask"
"0.15802","140","2024-05-26T20:27:58.886Z","ask"
"0.15808","177.8","2024-05-26T20:27:58.886Z","ask"
"0.15844","140","2024-05-26T20:27:58.886Z","ask"
"0.15861","289.2","2024-05-26T20:27:58.886Z","ask"
"0.15878","560","2024-05-26T20:27:58.886Z","ask"
"0.15884","840","2024-05-26T20:27:58.886Z","ask"
"0.15885","140","2024-05-26T20:27:58.886Z","ask"
"0.15886","62.4","2024-05-26T20:27:58.886Z","ask"
"0.159","28.1","2024-05-26T20:27:58.886Z","ask"
"0.1592","1583","2024-05-26T20:27:58.886Z","ask"
"0.15926","140","2024-05-26T20:27:58.886Z","ask"
"0.15967","140","2024-05-26T20:27:58.886Z","ask"
"0.15986","286.9","2024-05-26T20:27:58.886Z","ask"
"0.16","11980.9","2024-05-26T20:27:58.886Z","ask"
"0.16008","140","2024-05-26T20:27:58.886Z","ask"
"0.16043","175.2","2024-05-26T20:27:58.886Z","ask"
"0.16046","560","2024-05-26T20:27:58.886Z","ask"
"0.16049","167.8","2024-05-26T20:27:58.886Z","ask"
"0.16081","100","2024-05-26T20:27:58.886Z","ask"
"0.16084","372.3","2024-05-26T20:27:58.886Z","ask"
"0.1609","140","2024-05-26T20:27:58.886Z","ask"
"0.16112","284.7","2024-05-26T20:27:58.886Z","ask"
"0.16132","201.4","2024-05-26T20:27:58.886Z","ask"
"0.16136","1334.9","2024-05-26T20:27:58.886Z","ask"
"0.16145","840","2024-05-26T20:27:58.886Z","ask"
"0.1616","12500","2024-05-26T20:27:58.886Z","ask"
"0.16161","5.8","2024-05-26T20:27:58.886Z","ask"
"0.16164","1432.3","2024-05-26T20:27:58.886Z","ask"
"0.16165","2663.1","2024-05-26T20:27:58.886Z","ask"
"0.16173","140","2024-05-26T20:27:58.886Z","ask"
"0.16193","700.4","2024-05-26T20:27:58.886Z","ask"
"0.162","10172.9","2024-05-26T20:27:58.886Z","ask"
"0.1621","163","2024-05-26T20:27:58.886Z","ask"
"0.16213","560","2024-05-26T20:27:58.886Z","ask"
"0.16214","140","2024-05-26T20:27:58.886Z","ask"
"0.16239","282.4","2024-05-26T20:27:58.886Z","ask"
"0.1624","14439.6","2024-05-26T20:27:58.886Z","ask"
"0.16255","140","2024-05-26T20:27:58.886Z","ask"
"0.16283","172.6","2024-05-26T20:27:58.886Z","ask"
"0.16296","140","2024-05-26T20:27:58.886Z","ask"
"0.16323","5.8","2024-05-26T20:27:58.886Z","ask"
"0.16337","140","2024-05-26T20:27:58.886Z","ask"
"0.16351","27.3","2024-05-26T20:27:58.886Z","ask"
"0.16367","280.2","2024-05-26T20:27:58.886Z","ask"
"0.16378","140","2024-05-26T20:27:58.886Z","ask"
"0.1638","620.5","2024-05-26T20:27:58.886Z","ask"
"0.16405","840","2024-05-26T20:27:58.886Z","ask"
"0.1642","140","2024-05-26T20:27:58.886Z","ask"
"0.16461","140","2024-05-26T20:27:58.886Z","ask"
"0.1648","152.1","2024-05-26T20:27:58.886Z","ask"
"0.16486","2105.9","2024-05-26T20:27:58.886Z","ask"
"0.16496","278","2024-05-26T20:27:58.886Z","ask"
"0.165","334.9","2024-05-26T20:27:58.886Z","ask"
"0.16502","140","2024-05-26T20:27:58.886Z","ask"
"0.16505","27","2024-05-26T20:27:58.886Z","ask"
"0.16525","170.1","2024-05-26T20:27:58.886Z","ask"
"0.16543","140","2024-05-26T20:27:58.886Z","ask"
"0.16548","582","2024-05-26T20:27:58.886Z","ask"
"0.16584","140","2024-05-26T20:27:58.886Z","ask"
"0.16624","100","2024-05-26T20:27:58.886Z","ask"
"0.16625","140","2024-05-26T20:27:58.886Z","ask"
"0.16626","275.9","2024-05-26T20:27:58.886Z","ask"
"0.16633","59.6","2024-05-26T20:27:58.886Z","ask"
"0.16651","5.6","2024-05-26T20:27:58.886Z","ask"
"0.1666","26.8","2024-05-26T20:27:58.886Z","ask"
"0.16666","840","2024-05-26T20:27:58.886Z","ask"
"0.16667","140","2024-05-26T20:27:58.886Z","ask"
"0.16705","1628.2","2024-05-26T20:27:58.886Z","ask"
"0.16708","140","2024-05-26T20:27:58.886Z","ask"
"0.16715","560","2024-05-26T20:27:58.886Z","ask"
"0.16745","12014.9","2024-05-26T20:27:58.886Z","ask"
"0.16749","140","2024-05-26T20:27:58.886Z","ask"
"0.10617","140","2024-05-26T20:27:58.885Z","ask"
"0.10627","331.1","2024-05-26T20:27:58.885Z","ask"
"0.1063","431.5","2024-05-26T20:27:58.885Z","ask"
"0.1064","2052","2024-05-26T20:27:58.885Z","ask"
"0.10647","100","2024-05-26T20:27:58.885Z","ask"
"0.10649","41.9","2024-05-26T20:27:58.885Z","ask"
"0.10655","33.1","2024-05-26T20:27:58.885Z","ask"
"0.10658","140","2024-05-26T20:27:58.885Z","ask"
"0.10676","840","2024-05-26T20:27:58.885Z","ask"
"0.10681","329.4","2024-05-26T20:27:58.885Z","ask"
"0.1069","560","2024-05-26T20:27:58.885Z","ask"
"0.107","2140","2024-05-26T20:27:58.885Z","ask"
"0.10708","32.9","2024-05-26T20:27:58.885Z","ask"
"0.10713","428.2","2024-05-26T20:27:58.885Z","ask"
"0.10735","327.7","2024-05-26T20:27:58.885Z","ask"
"0.10741","140","2024-05-26T20:27:58.885Z","ask"
"0.10749","41.6","2024-05-26T20:27:58.885Z","ask"
"0.10757","314.7","2024-05-26T20:27:58.885Z","ask"
"0.10762","32.8","2024-05-26T20:27:58.885Z","ask"
"0.10765","261.2","2024-05-26T20:27:58.885Z","ask"
"0.10778","274","2024-05-26T20:27:58.885Z","ask"
"0.10782","140","2024-05-26T20:27:58.885Z","ask"
"0.1079","326","2024-05-26T20:27:58.885Z","ask"
"0.10797","424.8","2024-05-26T20:27:58.885Z","ask"
"0.108","204","2024-05-26T20:27:58.885Z","ask"
"0.10814","1013.2","2024-05-26T20:27:58.885Z","ask"
"0.10815","32.6","2024-05-26T20:27:58.885Z","ask"
"0.10823","24643","2024-05-26T20:27:58.885Z","ask"
"0.10844","324.4","2024-05-26T20:27:58.885Z","ask"
"0.1085","41.2","2024-05-26T20:27:58.885Z","ask"
"0.10857","560","2024-05-26T20:27:58.885Z","ask"
"0.10864","140","2024-05-26T20:27:58.885Z","ask"
"0.10869","32.4","2024-05-26T20:27:58.885Z","ask"
"0.10883","421.5","2024-05-26T20:27:58.885Z","ask"
"0.10899","322.8","2024-05-26T20:27:58.885Z","ask"
"0.10903","1554.1","2024-05-26T20:27:58.885Z","ask"
"0.10905","140","2024-05-26T20:27:58.885Z","ask"
"0.10923","309.9","2024-05-26T20:27:58.885Z","ask"
"0.10924","32.3","2024-05-26T20:27:58.885Z","ask"
"0.10925","257.3","2024-05-26T20:27:58.885Z","ask"
"0.10937","840","2024-05-26T20:27:58.885Z","ask"
"0.10946","140","2024-05-26T20:27:58.885Z","ask"
"0.10951","40.8","2024-05-26T20:27:58.885Z","ask"
"0.10955","321.1","2024-05-26T20:27:58.885Z","ask"
"0.10968","418.2","2024-05-26T20:27:58.885Z","ask"
"0.10978","32.1","2024-05-26T20:27:58.885Z","ask"
"0.10986","78936.3","2024-05-26T20:27:58.885Z","ask"
"0.10988","140","2024-05-26T20:27:58.885Z","ask"
"0.11","21613","2024-05-26T20:27:58.885Z","ask"
"0.1101","319.5","2024-05-26T20:27:58.885Z","ask"
"0.11025","560","2024-05-26T20:27:58.885Z","ask"
"0.11029","140","2024-05-26T20:27:58.885Z","ask"
"0.11033","31.9","2024-05-26T20:27:58.885Z","ask"
"0.11053","40.4","2024-05-26T20:27:58.885Z","ask"
"0.11054","414.9","2024-05-26T20:27:58.885Z","ask"
"0.11066","317.9","2024-05-26T20:27:58.885Z","ask"
"0.1107","140","2024-05-26T20:27:58.885Z","ask"
"0.11083","465.3","2024-05-26T20:27:58.885Z","ask"
"0.11088","285.3","2024-05-26T20:27:58.885Z","ask"
"0.11091","305.2","2024-05-26T20:27:58.885Z","ask"
"0.11101","22","2024-05-26T20:27:58.885Z","ask"
"0.11111","140","2024-05-26T20:27:58.885Z","ask"
"0.11122","316.3","2024-05-26T20:27:58.885Z","ask"
"0.11133","12684.9","2024-05-26T20:27:58.885Z","ask"
"0.11142","411.7","2024-05-26T20:27:58.885Z","ask"
"0.11144","31.6","2024-05-26T20:27:58.885Z","ask"
"0.11149","184.4","2024-05-26T20:27:58.885Z","ask"
"0.11152","140","2024-05-26T20:27:58.885Z","ask"
"0.11157","40","2024-05-26T20:27:58.885Z","ask"
"0.11179","314.7","2024-05-26T20:27:58.885Z","ask"
"0.11191","100","2024-05-26T20:27:58.885Z","ask"
"0.11192","560","2024-05-26T20:27:58.885Z","ask"
"0.11193","140","2024-05-26T20:27:58.885Z","ask"
"0.11197","840","2024-05-26T20:27:58.885Z","ask"
"0.11198","31.5","2024-05-26T20:27:58.885Z","ask"
"0.1123","408.4","2024-05-26T20:27:58.885Z","ask"
"0.11234","140","2024-05-26T20:27:58.885Z","ask"
"0.11235","313.1","2024-05-26T20:27:58.885Z","ask"
"0.11246","20.3","2024-05-26T20:27:58.885Z","ask"
"0.11253","249.8","2024-05-26T20:27:58.885Z","ask"
"0.11262","39.7","2024-05-26T20:27:58.885Z","ask"
"0.11276","140","2024-05-26T20:27:58.885Z","ask"
"0.1129","4000","2024-05-26T20:27:58.885Z","ask"
"0.11292","311.5","2024-05-26T20:27:58.885Z","ask"
"0.11306","50","2024-05-26T20:27:58.885Z","ask"
"0.11317","140","2024-05-26T20:27:58.885Z","ask"
"0.11318","405.2","2024-05-26T20:27:58.885Z","ask"
"0.11349","310","2024-05-26T20:27:58.885Z","ask"
"0.11357","454","2024-05-26T20:27:58.885Z","ask"
"0.11358","140","2024-05-26T20:27:58.885Z","ask"
"0.1136","560","2024-05-26T20:27:58.885Z","ask"
"0.11366","39.3","2024-05-26T20:27:58.885Z","ask"
"0.11399","140","2024-05-26T20:27:58.885Z","ask"
"0.11407","710.5","2024-05-26T20:27:58.885Z","ask"
"0.1142","246.2","2024-05-26T20:27:58.885Z","ask"
"0.11432","111","2024-05-26T20:27:58.885Z","ask"
"0.1144","140","2024-05-26T20:27:58.885Z","ask"
"0.11458","840","2024-05-26T20:27:58.885Z","ask"
"0.11464","306.9","2024-05-26T20:27:58.885Z","ask"
"0.11466","26.4","2024-05-26T20:27:58.885Z","ask"
"0.11473","38.9","2024-05-26T20:27:58.885Z","ask"
"0.11481","140","2024-05-26T20:27:58.885Z","ask"
"0.11497","398.9","2024-05-26T20:27:58.885Z","ask"
"0.11523","445.3","2024-05-26T20:27:58.885Z","ask"
"0.11527","560","2024-05-26T20:27:58.885Z","ask"
"0.11542","43.6","2024-05-26T20:27:58.885Z","ask"
"0.11564","140","2024-05-26T20:27:58.885Z","ask"
"0.1158","38.6","2024-05-26T20:27:58.885Z","ask"
"0.11581","303.8","2024-05-26T20:27:58.885Z","ask"
"0.11588","395.8","2024-05-26T20:27:58.885Z","ask"
"0.1159","242.6","2024-05-26T20:27:58.885Z","ask"
"0.11605","140","2024-05-26T20:27:58.885Z","ask"
"0.11631","111","2024-05-26T20:27:58.885Z","ask"
"0.11639","443","2024-05-26T20:27:58.885Z","ask"
"0.1164","302.2","2024-05-26T20:27:58.885Z","ask"
"0.11646","140","2024-05-26T20:27:58.885Z","ask"
"0.11679","392.7","2024-05-26T20:27:58.885Z","ask"
"0.11687","140","2024-05-26T20:27:58.885Z","ask"
"0.11688","38.2","2024-05-26T20:27:58.885Z","ask"
"0.11694","560","2024-05-26T20:27:58.885Z","ask"
"0.11698","300.7","2024-05-26T20:27:58.885Z","ask"
"0.11718","840","2024-05-26T20:27:58.885Z","ask"
"0.11728","140","2024-05-26T20:27:58.885Z","ask"
"0.11734","100","2024-05-26T20:27:58.885Z","ask"
"0.11763","239","2024-05-26T20:27:58.885Z","ask"
"0.11769","140","2024-05-26T20:27:58.885Z","ask"
"0.11771","389.6","2024-05-26T20:27:58.885Z","ask"
"0.1179","19774.9","2024-05-26T20:27:58.885Z","ask"
"0.11798","37.9","2024-05-26T20:27:58.885Z","ask"
"0.11811","140","2024-05-26T20:27:58.885Z","ask"
"0.11829","111","2024-05-26T20:27:58.885Z","ask"
"0.11852","140","2024-05-26T20:27:58.885Z","ask"
"0.11862","560","2024-05-26T20:27:58.885Z","ask"
"0.11864","386.6","2024-05-26T20:27:58.885Z","ask"
"0.11877","83.5","2024-05-26T20:27:58.885Z","ask"
"0.11879","10719.4","2024-05-26T20:27:58.885Z","ask"
"0.1189","9355.5","2024-05-26T20:27:58.885Z","ask"
"0.11893","140","2024-05-26T20:27:58.885Z","ask"
"0.119","500","2024-05-26T20:27:58.885Z","ask"
"0.11908","37.5","2024-05-26T20:27:58.885Z","ask"
"0.11929","432.3","2024-05-26T20:27:58.885Z","ask"
"0.11934","140","2024-05-26T20:27:58.885Z","ask"
"0.11938","235.5","2024-05-26T20:27:58.885Z","ask"
"0.11957","383.6","2024-05-26T20:27:58.885Z","ask"
"0.11975","140","2024-05-26T20:27:58.885Z","ask"
"0.11978","840","2024-05-26T20:27:58.885Z","ask"
"0.11989","639603.4","2024-05-26T20:27:58.885Z","ask"
"0.12","33203.3","2024-05-26T20:27:58.885Z","ask"
"0.12016","140","2024-05-26T20:27:58.885Z","ask"
"0.1202","37.2","2024-05-26T20:27:58.885Z","ask"
"0.12028","111","2024-05-26T20:27:58.885Z","ask"
"0.12029","560","2024-05-26T20:27:58.885Z","ask"
"0.12052","380.6","2024-05-26T20:27:58.885Z","ask"
"0.12058","140","2024-05-26T20:27:58.885Z","ask"
"0.12061","82.2","2024-05-26T20:27:58.885Z","ask"
"0.12099","140","2024-05-26T20:27:58.885Z","ask"
"0.12116","232","2024-05-26T20:27:58.885Z","ask"
"0.12131","36.8","2024-05-26T20:27:58.885Z","ask"
"0.1214","140","2024-05-26T20:27:58.885Z","ask"
"0.12146","377.6","2024-05-26T20:27:58.885Z","ask"
"0.1215","4000","2024-05-26T20:27:58.885Z","ask"
"0.12181","140","2024-05-26T20:27:58.885Z","ask"
"0.12196","560","2024-05-26T20:27:58.885Z","ask"
"0.12222","140","2024-05-26T20:27:58.885Z","ask"
"0.12224","421.8","2024-05-26T20:27:58.885Z","ask"
"0.12226","111","2024-05-26T20:27:58.885Z","ask"
"0.12239","840","2024-05-26T20:27:58.885Z","ask"
"0.1224","147.7","2024-05-26T20:27:58.885Z","ask"
"0.12242","374.7","2024-05-26T20:27:58.885Z","ask"
"0.12245","36.5","2024-05-26T20:27:58.885Z","ask"
"0.12247","80.9","2024-05-26T20:27:58.885Z","ask"
"0.12263","140","2024-05-26T20:27:58.885Z","ask"
"0.12278","100","2024-05-26T20:27:58.885Z","ask"
"0.12296","228.6","2024-05-26T20:27:58.885Z","ask"
"0.12304","140","2024-05-26T20:27:58.885Z","ask"
"0.12338","371.7","2024-05-26T20:27:58.885Z","ask"
"0.12345","25189","2024-05-26T20:27:58.885Z","ask"
"0.12346","140","2024-05-26T20:27:58.885Z","ask"
"0.1236","36.1","2024-05-26T20:27:58.885Z","ask"
"0.12364","560","2024-05-26T20:27:58.885Z","ask"
"0.12387","140","2024-05-26T20:27:58.885Z","ask"
"0.124","6161.8","2024-05-26T20:27:58.885Z","ask"
"0.12425","111","2024-05-26T20:27:58.885Z","ask"
"0.12428","140","2024-05-26T20:27:58.885Z","ask"
"0.12436","448.5","2024-05-26T20:27:58.885Z","ask"
"0.12469","140","2024-05-26T20:27:58.885Z","ask"
"0.12475","35.8","2024-05-26T20:27:58.885Z","ask"
"0.12479","225.3","2024-05-26T20:27:58.885Z","ask"
"0.1248","1000","2024-05-26T20:27:58.885Z","ask"
"0.1249","96.5","2024-05-26T20:27:58.885Z","ask"
"0.12499","840","2024-05-26T20:27:58.885Z","ask"
"0.125","1958.7","2024-05-26T20:27:58.885Z","ask"
"0.1251","140","2024-05-26T20:27:58.885Z","ask"
"0.12528","411.6","2024-05-26T20:27:58.885Z","ask"
"0.12531","560","2024-05-26T20:27:58.885Z","ask"
"0.12533","366","2024-05-26T20:27:58.885Z","ask"
"0.1255","777","2024-05-26T20:27:58.885Z","ask"
"0.12551","140","2024-05-26T20:27:58.885Z","ask"
"0.12592","35.5","2024-05-26T20:27:58.885Z","ask"
"0.12593","140","2024-05-26T20:27:58.885Z","ask"
"0.126","163.3","2024-05-26T20:27:58.885Z","ask"
"0.12623","111","2024-05-26T20:27:58.885Z","ask"
"0.12627","78.5","2024-05-26T20:27:58.885Z","ask"
"0.12633","363.1","2024-05-26T20:27:58.885Z","ask"
"0.12634","140","2024-05-26T20:27:58.885Z","ask"
"0.12665","222","2024-05-26T20:27:58.885Z","ask"
"0.1267","126.8","2024-05-26T20:27:58.885Z","ask"
"0.12675","140","2024-05-26T20:27:58.885Z","ask"
"0.12698","560","2024-05-26T20:27:58.885Z","ask"
"0.12709","595.2","2024-05-26T20:27:58.885Z","ask"
"0.1271","35.1","2024-05-26T20:27:58.885Z","ask"
"0.12716","140","2024-05-26T20:27:58.885Z","ask"
"0.12733","360.2","2024-05-26T20:27:58.885Z","ask"
"0.12757","140","2024-05-26T20:27:58.885Z","ask"
"0.1276","840","2024-05-26T20:27:58.885Z","ask"
"0.12778","203.8","2024-05-26T20:27:58.885Z","ask"
"0.12795","7.4","2024-05-26T20:27:58.885Z","ask"
"0.12798","140","2024-05-26T20:27:58.885Z","ask"
"0.12821","100","2024-05-26T20:27:58.885Z","ask"
"0.12822","204.1","2024-05-26T20:27:58.885Z","ask"
"0.12828","34.8","2024-05-26T20:27:58.885Z","ask"
"0.12832","357.4","2024-05-26T20:27:58.885Z","ask"
"0.12839","541.7","2024-05-26T20:27:58.885Z","ask"
"0.12844","54.3","2024-05-26T20:27:58.885Z","ask"
"0.12852","49.4","2024-05-26T20:27:58.885Z","ask"
"0.12853","218.7","2024-05-26T20:27:58.885Z","ask"
"0.12866","560","2024-05-26T20:27:58.885Z","ask"
"0.1288","1700","2024-05-26T20:27:58.885Z","ask"
"0.12881","140","2024-05-26T20:27:58.885Z","ask"
"0.12885","7.4","2024-05-26T20:27:58.885Z","ask"
"0.12922","140","2024-05-26T20:27:58.885Z","ask"
"0.12934","354.6","2024-05-26T20:27:58.885Z","ask"
"0.12942","1337.8","2024-05-26T20:27:58.885Z","ask"
"0.12959","321.7","2024-05-26T20:27:58.885Z","ask"
"0.12963","140","2024-05-26T20:27:58.885Z","ask"
"0.1299","92.7","2024-05-26T20:27:58.885Z","ask"
"0.13","78500.5","2024-05-26T20:27:58.885Z","ask"
"0.13004","155.8","2024-05-26T20:27:58.885Z","ask"
"0.1302","4210.7","2024-05-26T20:27:58.885Z","ask"
"0.13033","560","2024-05-26T20:27:58.885Z","ask"
"0.13035","351.9","2024-05-26T20:27:58.885Z","ask"
"0.13045","355.5","2024-05-26T20:27:58.885Z","ask"
"0.1307","23.1","2024-05-26T20:27:58.885Z","ask"
"0.13086","140","2024-05-26T20:27:58.885Z","ask"
"0.131","50","2024-05-26T20:27:58.885Z","ask"
"0.13127","140","2024-05-26T20:27:58.885Z","ask"
"0.13138","349.1","2024-05-26T20:27:58.885Z","ask"
"0.13158","391.9","2024-05-26T20:27:58.885Z","ask"
"0.13166","316.7","2024-05-26T20:27:58.885Z","ask"
"0.13169","140","2024-05-26T20:27:58.885Z","ask"
"0.132","870","2024-05-26T20:27:58.885Z","ask"
"0.13201","560","2024-05-26T20:27:58.885Z","ask"
"0.1321","140","2024-05-26T20:27:58.885Z","ask"
"0.13219","111","2024-05-26T20:27:58.885Z","ask"
"0.13221","75","2024-05-26T20:27:58.885Z","ask"
"0.13239","212.3","2024-05-26T20:27:58.885Z","ask"
"0.13241","346.4","2024-05-26T20:27:58.885Z","ask"
"0.13251","140","2024-05-26T20:27:58.885Z","ask"
"0.1328","840","2024-05-26T20:27:58.885Z","ask"
"0.13292","140","2024-05-26T20:27:58.885Z","ask"
"0.133","2434.4","2024-05-26T20:27:58.885Z","ask"
"0.13307","1003.3","2024-05-26T20:27:58.885Z","ask"
"0.13333","140","2024-05-26T20:27:58.885Z","ask"
"0.13346","343.7","2024-05-26T20:27:58.885Z","ask"
"0.13365","100","2024-05-26T20:27:58.885Z","ask"
"0.13368","560","2024-05-26T20:27:58.885Z","ask"
"0.13374","140","2024-05-26T20:27:58.885Z","ask"
"0.13375","311.7","2024-05-26T20:27:58.885Z","ask"
"0.13383","14.8","2024-05-26T20:27:58.885Z","ask"
"0.13416","140","2024-05-26T20:27:58.885Z","ask"
"0.13417","111","2024-05-26T20:27:58.885Z","ask"
"0.13418","7.4","2024-05-26T20:27:58.885Z","ask"
"0.13425","73.8","2024-05-26T20:27:58.885Z","ask"
"0.13437","209.2","2024-05-26T20:27:58.885Z","ask"
"0.08902","395.2","2024-05-26T20:27:58.884Z","ask"
"0.08906","51253.1","2024-05-26T20:27:58.884Z","ask"
"0.08908","39.6","2024-05-26T20:27:58.884Z","ask"
"0.08923","50.1","2024-05-26T20:27:58.884Z","ask"
"0.0893","140","2024-05-26T20:27:58.884Z","ask"
"0.08943","512.9","2024-05-26T20:27:58.884Z","ask"
"0.08948","393.2","2024-05-26T20:27:58.884Z","ask"
"0.0895","378.2","2024-05-26T20:27:58.884Z","ask"
"0.08952","39.4","2024-05-26T20:27:58.884Z","ask"
"0.08963","1131.8","2024-05-26T20:27:58.884Z","ask"
"0.08964","7651.3","2024-05-26T20:27:58.884Z","ask"
"0.08967","18357.8","2024-05-26T20:27:58.884Z","ask"
"0.08971","140","2024-05-26T20:27:58.884Z","ask"
"0.0898","22","2024-05-26T20:27:58.884Z","ask"
"0.08991","57.2","2024-05-26T20:27:58.884Z","ask"
"0.08994","414.1","2024-05-26T20:27:58.884Z","ask"
"0.08997","39.2","2024-05-26T20:27:58.884Z","ask"
"0.09","773.3","2024-05-26T20:27:58.884Z","ask"
"0.09006","49.6","2024-05-26T20:27:58.884Z","ask"
"0.0901","58.2","2024-05-26T20:27:58.884Z","ask"
"0.09012","140","2024-05-26T20:27:58.884Z","ask"
"0.09014","508.8","2024-05-26T20:27:58.884Z","ask"
"0.09015","311.8","2024-05-26T20:27:58.884Z","ask"
"0.09017","660","2024-05-26T20:27:58.884Z","ask"
"0.09039","389.2","2024-05-26T20:27:58.884Z","ask"
"0.09042","39","2024-05-26T20:27:58.884Z","ask"
"0.09053","140","2024-05-26T20:27:58.884Z","ask"
"0.09068","1118.7","2024-05-26T20:27:58.884Z","ask"
"0.09085","387.2","2024-05-26T20:27:58.884Z","ask"
"0.09086","504.8","2024-05-26T20:27:58.884Z","ask"
"0.09087","38.8","2024-05-26T20:27:58.884Z","ask"
"0.09089","606.9","2024-05-26T20:27:58.884Z","ask"
"0.09091","49.2","2024-05-26T20:27:58.884Z","ask"
"0.09095","140","2024-05-26T20:27:58.884Z","ask"
"0.09108","566.2","2024-05-26T20:27:58.884Z","ask"
"0.09121","22","2024-05-26T20:27:58.884Z","ask"
"0.09131","385.3","2024-05-26T20:27:58.884Z","ask"
"0.09133","38.6","2024-05-26T20:27:58.884Z","ask"
"0.09136","140","2024-05-26T20:27:58.884Z","ask"
"0.09149","307.3","2024-05-26T20:27:58.884Z","ask"
"0.09157","500.9","2024-05-26T20:27:58.884Z","ask"
"0.09167","57.2","2024-05-26T20:27:58.884Z","ask"
"0.09173","1105.9","2024-05-26T20:27:58.884Z","ask"
"0.09176","48.7","2024-05-26T20:27:58.884Z","ask"
"0.09177","523.4","2024-05-26T20:27:58.884Z","ask"
"0.09178","38.4","2024-05-26T20:27:58.884Z","ask"
"0.09184","618.2","2024-05-26T20:27:58.884Z","ask"
"0.09216","111.1","2024-05-26T20:27:58.884Z","ask"
"0.09218","140","2024-05-26T20:27:58.884Z","ask"
"0.09224","419.6","2024-05-26T20:27:58.884Z","ask"
"0.09229","863.8","2024-05-26T20:27:58.884Z","ask"
"0.09246","11325","2024-05-26T20:27:58.884Z","ask"
"0.09259","140","2024-05-26T20:27:58.884Z","ask"
"0.09261","48.2","2024-05-26T20:27:58.884Z","ask"
"0.09263","22","2024-05-26T20:27:58.884Z","ask"
"0.09269","38","2024-05-26T20:27:58.884Z","ask"
"0.0927","379.5","2024-05-26T20:27:58.884Z","ask"
"0.0928","1093.2","2024-05-26T20:27:58.884Z","ask"
"0.09285","302.8","2024-05-26T20:27:58.884Z","ask"
"0.09297","345254.9","2024-05-26T20:27:58.884Z","ask"
"0.093","4656","2024-05-26T20:27:58.884Z","ask"
"0.09302","493.1","2024-05-26T20:27:58.884Z","ask"
"0.09316","37.8","2024-05-26T20:27:58.884Z","ask"
"0.09318","377.6","2024-05-26T20:27:58.884Z","ask"
"0.09332","2.4","2024-05-26T20:27:58.884Z","ask"
"0.09335","552.4","2024-05-26T20:27:58.884Z","ask"
"0.09338","537.3","2024-05-26T20:27:58.884Z","ask"
"0.09342","140","2024-05-26T20:27:58.884Z","ask"
"0.09343","57.1","2024-05-26T20:27:58.884Z","ask"
"0.09346","458.9","2024-05-26T20:27:58.884Z","ask"
"0.09348","47.8","2024-05-26T20:27:58.884Z","ask"
"0.0935","75","2024-05-26T20:27:58.884Z","ask"
"0.09351","560","2024-05-26T20:27:58.884Z","ask"
"0.09363","37.7","2024-05-26T20:27:58.884Z","ask"
"0.09364","375.7","2024-05-26T20:27:58.884Z","ask"
"0.09369","1919.4","2024-05-26T20:27:58.884Z","ask"
"0.09372","361.2","2024-05-26T20:27:58.884Z","ask"
"0.09374","840","2024-05-26T20:27:58.884Z","ask"
"0.09375","489.3","2024-05-26T20:27:58.884Z","ask"
"0.09383","140","2024-05-26T20:27:58.884Z","ask"
"0.09388","1080.6","2024-05-26T20:27:58.884Z","ask"
"0.09398","56.8","2024-05-26T20:27:58.884Z","ask"
"0.09404","22","2024-05-26T20:27:58.884Z","ask"
"0.09407","4424.5","2024-05-26T20:27:58.884Z","ask"
"0.09409","37.5","2024-05-26T20:27:58.884Z","ask"
"0.09412","373.8","2024-05-26T20:27:58.884Z","ask"
"0.09419","883","2024-05-26T20:27:58.884Z","ask"
"0.09423","298.3","2024-05-26T20:27:58.884Z","ask"
"0.09424","140","2024-05-26T20:27:58.884Z","ask"
"0.09435","47.4","2024-05-26T20:27:58.884Z","ask"
"0.09449","485.4","2024-05-26T20:27:58.884Z","ask"
"0.0945","7061.8","2024-05-26T20:27:58.884Z","ask"
"0.09456","37.3","2024-05-26T20:27:58.884Z","ask"
"0.0946","371.9","2024-05-26T20:27:58.884Z","ask"
"0.09465","140","2024-05-26T20:27:58.884Z","ask"
"0.09479","25","2024-05-26T20:27:58.884Z","ask"
"0.09498","1068.1","2024-05-26T20:27:58.884Z","ask"
"0.095","10000","2024-05-26T20:27:58.884Z","ask"
"0.09501","2874.9","2024-05-26T20:27:58.884Z","ask"
"0.09503","37.1","2024-05-26T20:27:58.884Z","ask"
"0.09506","140","2024-05-26T20:27:58.884Z","ask"
"0.09508","370","2024-05-26T20:27:58.884Z","ask"
"0.09516","355.7","2024-05-26T20:27:58.884Z","ask"
"0.09519","560","2024-05-26T20:27:58.884Z","ask"
"0.09523","481.6","2024-05-26T20:27:58.884Z","ask"
"0.09524","46.9","2024-05-26T20:27:58.884Z","ask"
"0.09535","55","2024-05-26T20:27:58.884Z","ask"
"0.09547","140","2024-05-26T20:27:58.884Z","ask"
"0.09548","27083.8","2024-05-26T20:27:58.884Z","ask"
"0.0955","136.9","2024-05-26T20:27:58.884Z","ask"
"0.09556","368.2","2024-05-26T20:27:58.884Z","ask"
"0.0956","100","2024-05-26T20:27:58.884Z","ask"
"0.09565","293.9","2024-05-26T20:27:58.884Z","ask"
"0.09566","539.1","2024-05-26T20:27:58.884Z","ask"
"0.09588","140","2024-05-26T20:27:58.884Z","ask"
"0.09598","36.7","2024-05-26T20:27:58.884Z","ask"
"0.09599","477.9","2024-05-26T20:27:58.884Z","ask"
"0.09604","366.3","2024-05-26T20:27:58.884Z","ask"
"0.09609","1055.7","2024-05-26T20:27:58.884Z","ask"
"0.09612","46.5","2024-05-26T20:27:58.884Z","ask"
"0.0963","140","2024-05-26T20:27:58.884Z","ask"
"0.09635","840","2024-05-26T20:27:58.884Z","ask"
"0.09646","36.5","2024-05-26T20:27:58.884Z","ask"
"0.09653","364.4","2024-05-26T20:27:58.884Z","ask"
"0.09662","65.2","2024-05-26T20:27:58.884Z","ask"
"0.09663","350.4","2024-05-26T20:27:58.884Z","ask"
"0.09671","140","2024-05-26T20:27:58.884Z","ask"
"0.09674","474.1","2024-05-26T20:27:58.884Z","ask"
"0.09685","42.6","2024-05-26T20:27:58.884Z","ask"
"0.09686","560","2024-05-26T20:27:58.884Z","ask"
"0.09694","36.4","2024-05-26T20:27:58.884Z","ask"
"0.097","14498.5","2024-05-26T20:27:58.884Z","ask"
"0.09703","408.6","2024-05-26T20:27:58.884Z","ask"
"0.09707","289.6","2024-05-26T20:27:58.884Z","ask"
"0.09712","140","2024-05-26T20:27:58.884Z","ask"
"0.09718","55","2024-05-26T20:27:58.884Z","ask"
"0.0972","1043.6","2024-05-26T20:27:58.884Z","ask"
"0.09743","36.2","2024-05-26T20:27:58.884Z","ask"
"0.09745","1783.4","2024-05-26T20:27:58.884Z","ask"
"0.0975","470.4","2024-05-26T20:27:58.884Z","ask"
"0.09751","360.8","2024-05-26T20:27:58.884Z","ask"
"0.09753","140","2024-05-26T20:27:58.884Z","ask"
"0.09788","316.4","2024-05-26T20:27:58.884Z","ask"
"0.09789","266053","2024-05-26T20:27:58.884Z","ask"
"0.09791","36","2024-05-26T20:27:58.884Z","ask"
"0.09794","239","2024-05-26T20:27:58.884Z","ask"
"0.098","1000","2024-05-26T20:27:58.884Z","ask"
"0.09801","358.9","2024-05-26T20:27:58.884Z","ask"
"0.09804","526","2024-05-26T20:27:58.884Z","ask"
"0.09812","345","2024-05-26T20:27:58.884Z","ask"
"0.09827","466.7","2024-05-26T20:27:58.884Z","ask"
"0.09832","30.7","2024-05-26T20:27:58.884Z","ask"
"0.09835","1171.5","2024-05-26T20:27:58.884Z","ask"
"0.0984","35.8","2024-05-26T20:27:58.884Z","ask"
"0.0985","50000","2024-05-26T20:27:58.884Z","ask"
"0.09851","642.5","2024-05-26T20:27:58.884Z","ask"
"0.09853","560","2024-05-26T20:27:58.884Z","ask"
"0.09876","140","2024-05-26T20:27:58.884Z","ask"
"0.09885","45.2","2024-05-26T20:27:58.884Z","ask"
"0.09889","35.6","2024-05-26T20:27:58.884Z","ask"
"0.09895","840","2024-05-26T20:27:58.884Z","ask"
"0.099","1355.3","2024-05-26T20:27:58.884Z","ask"
"0.09904","463.1","2024-05-26T20:27:58.884Z","ask"
"0.09906","50.8","2024-05-26T20:27:58.884Z","ask"
"0.09914","81.1","2024-05-26T20:27:58.884Z","ask"
"0.09918","140","2024-05-26T20:27:58.884Z","ask"
"0.09938","35.5","2024-05-26T20:27:58.884Z","ask"
"0.09949","1019.7","2024-05-26T20:27:58.884Z","ask"
"0.0995","300","2024-05-26T20:27:58.884Z","ask"
"0.09951","353.5","2024-05-26T20:27:58.884Z","ask"
"0.09958","51.2","2024-05-26T20:27:58.884Z","ask"
"0.09959","140","2024-05-26T20:27:58.884Z","ask"
"0.09964","339.8","2024-05-26T20:27:58.884Z","ask"
"0.09975","408.8","2024-05-26T20:27:58.884Z","ask"
"0.09978","44.8","2024-05-26T20:27:58.884Z","ask"
"0.09979","70.5","2024-05-26T20:27:58.884Z","ask"
"0.09982","53.3","2024-05-26T20:27:58.884Z","ask"
"0.09983","459.5","2024-05-26T20:27:58.884Z","ask"
"0.09988","35.3","2024-05-26T20:27:58.884Z","ask"
"0.09991","55","2024-05-26T20:27:58.884Z","ask"
"0.09997","281.2","2024-05-26T20:27:58.884Z","ask"
"0.1","798829","2024-05-26T20:27:58.884Z","ask"
"0.10002","351.7","2024-05-26T20:27:58.884Z","ask"
"0.10007","73500","2024-05-26T20:27:58.884Z","ask"
"0.10021","560","2024-05-26T20:27:58.884Z","ask"
"0.10037","35.1","2024-05-26T20:27:58.884Z","ask"
"0.10041","448.5","2024-05-26T20:27:58.884Z","ask"
"0.10047","513.2","2024-05-26T20:27:58.884Z","ask"
"0.10048","15624","2024-05-26T20:27:58.884Z","ask"
"0.10052","350","2024-05-26T20:27:58.884Z","ask"
"0.10056","51.2","2024-05-26T20:27:58.884Z","ask"
"0.10061","455.9","2024-05-26T20:27:58.884Z","ask"
"0.10065","1007.9","2024-05-26T20:27:58.884Z","ask"
"0.10071","44.4","2024-05-26T20:27:58.884Z","ask"
"0.10075","1.9","2024-05-26T20:27:58.884Z","ask"
"0.10082","140","2024-05-26T20:27:58.884Z","ask"
"0.10088","34.9","2024-05-26T20:27:58.884Z","ask"
"0.10103","348.2","2024-05-26T20:27:58.884Z","ask"
"0.10104","100","2024-05-26T20:27:58.884Z","ask"
"0.10117","334.6","2024-05-26T20:27:58.884Z","ask"
"0.10123","140","2024-05-26T20:27:58.884Z","ask"
"0.10129","441.3","2024-05-26T20:27:58.884Z","ask"
"0.10134","62.5","2024-05-26T20:27:58.884Z","ask"
"0.10138","34.8","2024-05-26T20:27:58.884Z","ask"
"0.1014","452.3","2024-05-26T20:27:58.884Z","ask"
"0.10147","277.1","2024-05-26T20:27:58.884Z","ask"
"0.10155","346.4","2024-05-26T20:27:58.884Z","ask"
"0.10156","840","2024-05-26T20:27:58.884Z","ask"
"0.10165","184","2024-05-26T20:27:58.884Z","ask"
"0.10182","996.3","2024-05-26T20:27:58.884Z","ask"
"0.10187","541.8","2024-05-26T20:27:58.884Z","ask"
"0.10188","594.6","2024-05-26T20:27:58.884Z","ask"
"0.102","4914.3","2024-05-26T20:27:58.884Z","ask"
"0.10205","344.7","2024-05-26T20:27:58.884Z","ask"
"0.10206","140","2024-05-26T20:27:58.884Z","ask"
"0.1022","448.8","2024-05-26T20:27:58.884Z","ask"
"0.1024","34.4","2024-05-26T20:27:58.884Z","ask"
"0.10247","140","2024-05-26T20:27:58.884Z","ask"
"0.10253","51.2","2024-05-26T20:27:58.884Z","ask"
"0.10257","343","2024-05-26T20:27:58.884Z","ask"
"0.10261","43.5","2024-05-26T20:27:58.884Z","ask"
"0.10274","329.5","2024-05-26T20:27:58.884Z","ask"
"0.10288","140","2024-05-26T20:27:58.884Z","ask"
"0.10291","34.3","2024-05-26T20:27:58.884Z","ask"
"0.10296","500.8","2024-05-26T20:27:58.884Z","ask"
"0.10298","273","2024-05-26T20:27:58.884Z","ask"
"0.10301","1430.2","2024-05-26T20:27:58.884Z","ask"
"0.1031","341.2","2024-05-26T20:27:58.884Z","ask"
"0.10329","140","2024-05-26T20:27:58.884Z","ask"
"0.10342","34.1","2024-05-26T20:27:58.884Z","ask"
"0.10355","560","2024-05-26T20:27:58.884Z","ask"
"0.10356","43.1","2024-05-26T20:27:58.884Z","ask"
"0.10361","339.5","2024-05-26T20:27:58.884Z","ask"
"0.1037","140","2024-05-26T20:27:58.884Z","ask"
"0.10382","441.8","2024-05-26T20:27:58.884Z","ask"
"0.10394","33.9","2024-05-26T20:27:58.884Z","ask"
"0.104","232.2","2024-05-26T20:27:58.884Z","ask"
"0.10411","140","2024-05-26T20:27:58.884Z","ask"
"0.10414","337.8","2024-05-26T20:27:58.884Z","ask"
"0.10416","840","2024-05-26T20:27:58.884Z","ask"
"0.10421","973.5","2024-05-26T20:27:58.884Z","ask"
"0.10432","324.5","2024-05-26T20:27:58.884Z","ask"
"0.10446","33.7","2024-05-26T20:27:58.884Z","ask"
"0.10451","320.1","2024-05-26T20:27:58.884Z","ask"
"0.10452","213.9","2024-05-26T20:27:58.884Z","ask"
"0.10453","182.7","2024-05-26T20:27:58.884Z","ask"
"0.10464","438.3","2024-05-26T20:27:58.884Z","ask"
"0.10467","336.1","2024-05-26T20:27:58.884Z","ask"
"0.10472","245.6","2024-05-26T20:27:58.884Z","ask"
"0.10494","140","2024-05-26T20:27:58.884Z","ask"
"0.10497","33.6","2024-05-26T20:27:58.884Z","ask"
"0.105","473.8","2024-05-26T20:27:58.884Z","ask"
"0.1052","334.4","2024-05-26T20:27:58.884Z","ask"
"0.10523","560","2024-05-26T20:27:58.884Z","ask"
"0.10535","140","2024-05-26T20:27:58.884Z","ask"
"0.10542","962.3","2024-05-26T20:27:58.884Z","ask"
"0.10546","434.9","2024-05-26T20:27:58.884Z","ask"
"0.1055","75.7","2024-05-26T20:27:58.884Z","ask"
"0.10553","488.7","2024-05-26T20:27:58.884Z","ask"
"0.10573","332.7","2024-05-26T20:27:58.884Z","ask"
"0.10576","140","2024-05-26T20:27:58.884Z","ask"
"0.10593","513.7","2024-05-26T20:27:58.884Z","ask"
"0.10599","892.4","2024-05-26T20:27:58.884Z","ask"
"0.10603","33.2","2024-05-26T20:27:58.884Z","ask"
"0.10607","265","2024-05-26T20:27:58.884Z","ask"
"0.08667","20931.9","2024-05-26T20:27:58.883Z","ask"
"0.08669","6918.4","2024-05-26T20:27:58.883Z","ask"
"0.0867","33306.2","2024-05-26T20:27:58.883Z","ask"
"0.08671","17440.2","2024-05-26T20:27:58.883Z","ask"
"0.08674","5125.3","2024-05-26T20:27:58.883Z","ask"
"0.08677","9383.7","2024-05-26T20:27:58.883Z","ask"
"0.08679","30832.4","2024-05-26T20:27:58.883Z","ask"
"0.0868","20000","2024-05-26T20:27:58.883Z","ask"
"0.08681","13667.5","2024-05-26T20:27:58.883Z","ask"
"0.08685","17084.4","2024-05-26T20:27:58.883Z","ask"
"0.08688","958.8","2024-05-26T20:27:58.883Z","ask"
"0.08689","30832.4","2024-05-26T20:27:58.883Z","ask"
"0.08692","9475.3","2024-05-26T20:27:58.883Z","ask"
"0.08693","45994.3","2024-05-26T20:27:58.883Z","ask"
"0.08703","76878.4","2024-05-26T20:27:58.883Z","ask"
"0.08717","34168.7","2024-05-26T20:27:58.883Z","ask"
"0.08724","403.3","2024-05-26T20:27:58.883Z","ask"
"0.08725","2309.2","2024-05-26T20:27:58.883Z","ask"
"0.08733","40.4","2024-05-26T20:27:58.883Z","ask"
"0.08735","30832.4","2024-05-26T20:27:58.883Z","ask"
"0.08736","525","2024-05-26T20:27:58.883Z","ask"
"0.08752","321.2","2024-05-26T20:27:58.883Z","ask"
"0.08758","1209.3","2024-05-26T20:27:58.883Z","ask"
"0.08765","140","2024-05-26T20:27:58.883Z","ask"
"0.08769","401.2","2024-05-26T20:27:58.883Z","ask"
"0.08776","40.2","2024-05-26T20:27:58.883Z","ask"
"0.08787","42710.9","2024-05-26T20:27:58.883Z","ask"
"0.08802","15435.7","2024-05-26T20:27:58.883Z","ask"
"0.08804","521","2024-05-26T20:27:58.883Z","ask"
"0.08807","140","2024-05-26T20:27:58.883Z","ask"
"0.08813","399.2","2024-05-26T20:27:58.883Z","ask"
"0.08814","384.1","2024-05-26T20:27:58.883Z","ask"
"0.0882","40","2024-05-26T20:27:58.883Z","ask"
"0.08838","22","2024-05-26T20:27:58.883Z","ask"
"0.0884","50.5","2024-05-26T20:27:58.883Z","ask"
"0.08847","96641.5","2024-05-26T20:27:58.883Z","ask"
"0.08848","140","2024-05-26T20:27:58.883Z","ask"
"0.08858","397.2","2024-05-26T20:27:58.883Z","ask"
"0.0886","6234.3","2024-05-26T20:27:58.883Z","ask"
"0.08861","15435.7","2024-05-26T20:27:58.883Z","ask"
"0.08863","39.8","2024-05-26T20:27:58.883Z","ask"
"0.08874","516.9","2024-05-26T20:27:58.883Z","ask"
"0.08877","7651.3","2024-05-26T20:27:58.883Z","ask"
"0.08883","316.5","2024-05-26T20:27:58.883Z","ask"
"0.08888","580.2","2024-05-26T20:27:58.883Z","ask"
"0.08889","140","2024-05-26T20:27:58.883Z","ask"
"0.08901","20000","2024-05-26T20:27:58.883Z","ask"