"price","volume","timestamp","type"
"2.1774","1200","2024-05-25T19:43:34.449Z","ask"
"2.1806","114.88","2024-05-25T19:43:34.449Z","ask"
"2.1807","439.98","2024-05-25T19:43:34.449Z","ask"
"2.1823","189.07","2024-05-25T19:43:34.449Z","ask"
"2.1824","476.85","2024-05-25T19:43:34.449Z","ask"
"2.1833","206.27","2024-05-25T19:43:34.449Z","ask"
"2.1851","63.63","2024-05-25T19:43:34.449Z","ask"
"2.1861","61.14","2024-05-25T19:43:34.449Z","ask"
"2.1862","500","2024-05-25T19:43:34.449Z","ask"
"2.1868","74.3","2024-05-25T19:43:34.449Z","ask"
"2.1869","1175.02","2024-05-25T19:43:34.449Z","ask"
"2.187","26000","2024-05-25T19:43:34.449Z","ask"
"2.1873","148.46","2024-05-25T19:43:34.449Z","ask"
"2.1916","2874.14","2024-05-25T19:43:34.449Z","ask"
"2.1917","318.13","2024-05-25T19:43:34.449Z","ask"
"2.1919","2","2024-05-25T19:43:34.449Z","ask"
"2.1964","26000","2024-05-25T19:43:34.449Z","ask"
"2.2043","530.23","2024-05-25T19:43:34.449Z","ask"
"2.2067","1019.6","2024-05-25T19:43:34.449Z","ask"
"2.2121","2","2024-05-25T19:43:34.449Z","ask"
"2.2124","39000","2024-05-25T19:43:34.449Z","ask"
"2.2274","1408.22","2024-05-25T19:43:34.449Z","ask"
"2.2323","2","2024-05-25T19:43:34.449Z","ask"
"2.236","1060.45","2024-05-25T19:43:34.449Z","ask"
"2.2525","2","2024-05-25T19:43:34.449Z","ask"
"2.2527","14.97","2024-05-25T19:43:34.449Z","ask"
"2.2535","1330.55","2024-05-25T19:43:34.449Z","ask"
"2.2727","2","2024-05-25T19:43:34.449Z","ask"
"2.2823","0.05","2024-05-25T19:43:34.449Z","ask"
"2.3093","14.6","2024-05-25T19:43:34.449Z","ask"
"2.3307","2.71","2024-05-25T19:43:34.449Z","ask"
"2.3439","412.05","2024-05-25T19:43:34.449Z","ask"
"2.3674","14.25","2024-05-25T19:43:34.449Z","ask"
"2.379","7.98","2024-05-25T19:43:34.449Z","ask"
"2.3823","192.21","2024-05-25T19:43:34.449Z","ask"
"2.3937","0.87","2024-05-25T19:43:34.449Z","ask"
"2.4268","13.9","2024-05-25T19:43:34.449Z","ask"
"2.4431","511.36","2024-05-25T19:43:34.449Z","ask"
"2.4614","30.08","2024-05-25T19:43:34.449Z","ask"
"2.485","2121.59","2024-05-25T19:43:34.449Z","ask"
"2.4878","13.56","2024-05-25T19:43:34.449Z","ask"
"2.4995","0.06","2024-05-25T19:43:34.449Z","ask"
"2.5","191.46","2024-05-25T19:43:34.449Z","ask"
"2.518","11.3","2024-05-25T19:43:34.449Z","ask"
"2.52","404.16","2024-05-25T19:43:34.449Z","ask"
"2.5272","24.86","2024-05-25T19:43:34.449Z","ask"
"2.5292","5.51","2024-05-25T19:43:34.449Z","ask"
"2.55","50","2024-05-25T19:43:34.449Z","ask"
"2.5503","13.22","2024-05-25T19:43:34.449Z","ask"
"2.6","674.7","2024-05-25T19:43:34.449Z","ask"
"2.602","10","2024-05-25T19:43:34.449Z","ask"
"2.6144","12.9","2024-05-25T19:43:34.449Z","ask"
"2.6275","11.08","2024-05-25T19:43:34.449Z","ask"
"2.6524","80.8","2024-05-25T19:43:34.449Z","ask"
"2.6801","12.58","2024-05-25T19:43:34.449Z","ask"
"2.6875","9.3","2024-05-25T19:43:34.449Z","ask"
"2.69","51.28","2024-05-25T19:43:34.449Z","ask"
"2.6989","1.12","2024-05-25T19:43:34.449Z","ask"
"2.7","5603.39","2024-05-25T19:43:34.449Z","ask"
"2.727","5","2024-05-25T19:43:34.449Z","ask"
"2.73","2","2024-05-25T19:43:34.449Z","ask"
"2.7474","12.27","2024-05-25T19:43:34.449Z","ask"
"2.78","500","2024-05-25T19:43:34.449Z","ask"
"2.8","25.61","2024-05-25T19:43:34.449Z","ask"
"2.8161","48.34","2024-05-25T19:43:34.449Z","ask"
"2.8165","11.97","2024-05-25T19:43:34.449Z","ask"
"2.8498","19.1","2024-05-25T19:43:34.449Z","ask"
"2.88","548.91","2024-05-25T19:43:34.449Z","ask"
"2.9","7.5","2024-05-25T19:43:34.449Z","ask"
"3","8","2024-05-25T19:43:34.449Z","ask"
"3.2","400","2024-05-25T19:43:34.449Z","ask"
"3.25","1140","2024-05-25T19:43:34.449Z","ask"
"3.4","13.29","2024-05-25T19:43:34.449Z","ask"
"3.4097","6.76","2024-05-25T19:43:34.449Z","ask"
"3.5","11.34","2024-05-25T19:43:34.449Z","ask"
"3.66","3.54","2024-05-25T19:43:34.449Z","ask"
"3.8","26.39","2024-05-25T19:43:34.449Z","ask"
"3.95","1.51","2024-05-25T19:43:34.449Z","ask"
"4","27.89","2024-05-25T19:43:34.449Z","ask"
"4.1","24.39","2024-05-25T19:43:34.449Z","ask"
"4.6031","5.01","2024-05-25T19:43:34.449Z","ask"
"4.7","21.33","2024-05-25T19:43:34.449Z","ask"
"5","60","2024-05-25T19:43:34.449Z","ask"
"5.6","24.91","2024-05-25T19:43:34.449Z","ask"
"5.9","0.95","2024-05-25T19:43:34.449Z","ask"
"6","10","2024-05-25T19:43:34.449Z","ask"
"6.06","1187.61","2024-05-25T19:43:34.449Z","ask"
"6.2142","3.71","2024-05-25T19:43:34.449Z","ask"
"6.3","15.92","2024-05-25T19:43:34.449Z","ask"
"6.6","15.19","2024-05-25T19:43:34.449Z","ask"
"7","7.55","2024-05-25T19:43:34.449Z","ask"
"7.4","13.55","2024-05-25T19:43:34.449Z","ask"
"7.5","12","2024-05-25T19:43:34.449Z","ask"
"8.2","52.09","2024-05-25T19:43:34.449Z","ask"
"8.4","11.94","2024-05-25T19:43:34.449Z","ask"
"9.6","13.79","2024-05-25T19:43:34.449Z","ask"
"10","155.63","2024-05-25T19:43:34.449Z","ask"
"11","690","2024-05-25T19:43:34.449Z","ask"
"15","19.89","2024-05-25T19:43:34.449Z","ask"
"19.2902","1425.58","2024-05-25T19:43:34.449Z","ask"
"20","16.89","2024-05-25T19:43:34.449Z","ask"
"24","50","2024-05-25T19:43:34.449Z","ask"
"25","454.61","2024-05-25T19:43:34.449Z","ask"
"28.5","25.01","2024-05-25T19:43:34.449Z","ask"
"30","23.49","2024-05-25T19:43:34.449Z","ask"
"35","12","2024-05-25T19:43:34.449Z","ask"
"39.8765","2.59","2024-05-25T19:43:34.449Z","ask"
"50","1.41","2024-05-25T19:43:34.449Z","ask"
"69.75","1500","2024-05-25T19:43:34.449Z","ask"
"100","10.59","2024-05-25T19:43:34.449Z","ask"
"225","104.99","2024-05-25T19:43:34.449Z","ask"
"310","11540.19","2024-05-25T19:43:34.449Z","ask"
"450","2.79","2024-05-25T19:43:34.449Z","ask"
"500","25","2024-05-25T19:43:34.449Z","ask"
"1000","20","2024-05-25T19:43:34.449Z","ask"
"3300","0.34","2024-05-25T19:43:34.449Z","ask"
"2.1735","91.86","2024-05-25T19:43:34.449Z","bid"
"2.1734","1200","2024-05-25T19:43:34.449Z","bid"
"2.1726","206.27","2024-05-25T19:43:34.449Z","bid"
"2.1723","439.98","2024-05-25T19:43:34.449Z","bid"
"2.1694","68.47","2024-05-25T19:43:34.449Z","bid"
"2.1693","477.04","2024-05-25T19:43:34.449Z","bid"
"2.1688","2038.53","2024-05-25T19:43:34.449Z","bid"
"2.1687","1351.37","2024-05-25T19:43:34.449Z","bid"
"2.168","60.99","2024-05-25T19:43:34.449Z","bid"
"2.1676","2535.66","2024-05-25T19:43:34.449Z","bid"
"2.1672","500","2024-05-25T19:43:34.449Z","bid"
"2.1671","243.44","2024-05-25T19:43:34.449Z","bid"
"2.167","77.17","2024-05-25T19:43:34.449Z","bid"
"2.1668","344.99","2024-05-25T19:43:34.450Z","bid"
"2.1667","26000","2024-05-25T19:43:34.450Z","bid"
"2.1663","461.6","2024-05-25T19:43:34.450Z","bid"
"2.1657","2535.66","2024-05-25T19:43:34.450Z","bid"
"2.1629","4987.96","2024-05-25T19:43:34.450Z","bid"
"2.1627","8434.7","2024-05-25T19:43:34.450Z","bid"
"2.1626","716.7","2024-05-25T19:43:34.450Z","bid"
"2.1608","304.94","2024-05-25T19:43:34.450Z","bid"
"2.1573","550.94","2024-05-25T19:43:34.450Z","bid"
"2.1567","0.46","2024-05-25T19:43:34.450Z","bid"
"2.1564","2876.59","2024-05-25T19:43:34.450Z","bid"
"2.1563","91.89","2024-05-25T19:43:34.450Z","bid"
"2.1555","26000","2024-05-25T19:43:34.450Z","bid"
"2.1542","3422.25","2024-05-25T19:43:34.450Z","bid"
"2.1534","1711.55","2024-05-25T19:43:34.450Z","bid"
"2.1526","2.44","2024-05-25T19:43:34.450Z","bid"
"2.1515","2","2024-05-25T19:43:34.450Z","bid"
"2.1503","1046.3","2024-05-25T19:43:34.450Z","bid"
"2.1483","5.58","2024-05-25T19:43:34.450Z","bid"
"2.1481","508.23","2024-05-25T19:43:34.450Z","bid"
"2.1457","1478.11","2024-05-25T19:43:34.450Z","bid"
"2.1441","25.22","2024-05-25T19:43:34.450Z","bid"
"2.1438","25.23","2024-05-25T19:43:34.450Z","bid"
"2.143","25.23","2024-05-25T19:43:34.450Z","bid"
"2.1426","0.46","2024-05-25T19:43:34.450Z","bid"
"2.1425","1711.55","2024-05-25T19:43:34.450Z","bid"
"2.1404","13000","2024-05-25T19:43:34.450Z","bid"
"2.1382","52","2024-05-25T19:43:34.450Z","bid"
"2.1378","26000","2024-05-25T19:43:34.450Z","bid"
"2.1359","234","2024-05-25T19:43:34.450Z","bid"
"2.133","46.5","2024-05-25T19:43:34.450Z","bid"
"2.1313","2","2024-05-25T19:43:34.450Z","bid"
"2.1285","1.35","2024-05-25T19:43:34.450Z","bid"
"2.1284","6.12","2024-05-25T19:43:34.450Z","bid"
"2.128","38.12","2024-05-25T19:43:34.450Z","bid"
"2.1276","38.13","2024-05-25T19:43:34.450Z","bid"
"2.1273","15.35","2024-05-25T19:43:34.450Z","bid"
"2.1264","38.15","2024-05-25T19:43:34.450Z","bid"
"2.1234","550.64","2024-05-25T19:43:34.450Z","bid"
"2.1196","58.93","2024-05-25T19:43:34.450Z","bid"
"2.1195","0.93","2024-05-25T19:43:34.450Z","bid"
"2.1193","1016.45","2024-05-25T19:43:34.450Z","bid"
"2.1131","1264.97","2024-05-25T19:43:34.450Z","bid"
"2.1111","2","2024-05-25T19:43:34.450Z","bid"
"2.1086","842.76","2024-05-25T19:43:34.450Z","bid"
"2.0909","2","2024-05-25T19:43:34.450Z","bid"
"2.087","842.76","2024-05-25T19:43:34.450Z","bid"
"2.0863","9.58","2024-05-25T19:43:34.450Z","bid"
"2.077","2","2024-05-25T19:43:34.450Z","bid"
"2.0752","15.73","2024-05-25T19:43:34.450Z","bid"
"2.0745","4.79","2024-05-25T19:43:34.450Z","bid"
"2.0707","2","2024-05-25T19:43:34.450Z","bid"
"2.056","0.96","2024-05-25T19:43:34.450Z","bid"
"2.0443","64.6","2024-05-25T19:43:34.450Z","bid"
"2.03","1.46","2024-05-25T19:43:34.450Z","bid"
"2.0243","16.13","2024-05-25T19:43:34.450Z","bid"
"2.0099","100.49","2024-05-25T19:43:34.450Z","bid"
"2","191.88","2024-05-25T19:43:34.450Z","bid"
"1.9747","16.53","2024-05-25T19:43:34.450Z","bid"
"1.9427","91.03","2024-05-25T19:43:34.450Z","bid"
"1.9263","16.95","2024-05-25T19:43:34.450Z","bid"
"1.92","23.43","2024-05-25T19:43:34.450Z","bid"
"1.9147","0.66","2024-05-25T19:43:34.450Z","bid"
"1.9","209.7","2024-05-25T19:43:34.450Z","bid"
"1.8791","17.38","2024-05-25T19:43:34.450Z","bid"
"1.833","17.81","2024-05-25T19:43:34.450Z","bid"
"1.8001","0.55","2024-05-25T19:43:34.450Z","bid"
"1.8","0.55","2024-05-25T19:43:34.450Z","bid"
"1.79","5.55","2024-05-25T19:43:34.450Z","bid"
"1.7881","18.26","2024-05-25T19:43:34.450Z","bid"
"1.7779","30.23","2024-05-25T19:43:34.450Z","bid"
"1.7443","18.72","2024-05-25T19:43:34.450Z","bid"
"1.73","8","2024-05-25T19:43:34.450Z","bid"
"1.7277","57.87","2024-05-25T19:43:34.450Z","bid"
"1.7015","19.19","2024-05-25T19:43:34.450Z","bid"
"1.7014","1","2024-05-25T19:43:34.450Z","bid"
"1.7","117.72","2024-05-25T19:43:34.450Z","bid"
"1.68","10","2024-05-25T19:43:34.450Z","bid"
"1.6598","19.67","2024-05-25T19:43:34.450Z","bid"
"1.65","10","2024-05-25T19:43:34.450Z","bid"
"1.64","160.97","2024-05-25T19:43:34.450Z","bid"
"1.62","61.51","2024-05-25T19:43:34.450Z","bid"
"1.6191","20.17","2024-05-25T19:43:34.450Z","bid"
"1.6","49.95","2024-05-25T19:43:34.450Z","bid"
"1.5794","20.67","2024-05-25T19:43:34.450Z","bid"
"1.5407","21.19","2024-05-25T19:43:34.450Z","bid"
"1.54","64.93","2024-05-25T19:43:34.450Z","bid"
"1.5202","131.55","2024-05-25T19:43:34.450Z","bid"
"1.51","50","2024-05-25T19:43:34.450Z","bid"
"1.5029","21.73","2024-05-25T19:43:34.450Z","bid"
"1.5","173.55","2024-05-25T19:43:34.450Z","bid"
"1.4952","100","2024-05-25T19:43:34.450Z","bid"
"1.4661","22.27","2024-05-25T19:43:34.450Z","bid"
"1.4302","22.83","2024-05-25T19:43:34.450Z","bid"
"1.43","13","2024-05-25T19:43:34.450Z","bid"
"1.3951","23.41","2024-05-25T19:43:34.450Z","bid"
"1.3609","23.99","2024-05-25T19:43:34.450Z","bid"
"1.3276","24.6","2024-05-25T19:43:34.450Z","bid"
"1.295","25.22","2024-05-25T19:43:34.450Z","bid"
"1.27","250","2024-05-25T19:43:34.450Z","bid"
"1.2633","25.85","2024-05-25T19:43:34.450Z","bid"
"1.2323","26.5","2024-05-25T19:43:34.450Z","bid"
"1.228","1.02","2024-05-25T19:43:34.450Z","bid"
"1.2021","27.16","2024-05-25T19:43:34.450Z","bid"
"1.1726","27.85","2024-05-25T19:43:34.450Z","bid"
"1.1439","28.55","2024-05-25T19:43:34.450Z","bid"
"1.1159","29.26","2024-05-25T19:43:34.450Z","bid"
"1.0885","30","2024-05-25T19:43:34.450Z","bid"
"1.0618","30.75","2024-05-25T19:43:34.450Z","bid"
"1.0358","31.53","2024-05-25T19:43:34.450Z","bid"
"1.0104","32.32","2024-05-25T19:43:34.450Z","bid"
"1","103","2024-05-25T19:43:34.450Z","bid"
"0.9856","33.13","2024-05-25T19:43:34.450Z","bid"
"0.9615","33.96","2024-05-25T19:43:34.450Z","bid"
"0.9379","34.82","2024-05-25T19:43:34.450Z","bid"
"0.9149","35.69","2024-05-25T19:43:34.450Z","bid"
"0.8925","36.59","2024-05-25T19:43:34.450Z","bid"
"0.8706","37.51","2024-05-25T19:43:34.450Z","bid"
"0.8493","38.45","2024-05-25T19:43:34.450Z","bid"
"0.8285","39.42","2024-05-25T19:43:34.450Z","bid"
"0.8081","40.41","2024-05-25T19:43:34.450Z","bid"
"0.7883","41.43","2024-05-25T19:43:34.450Z","bid"
"0.769","42.47","2024-05-25T19:43:34.450Z","bid"
"0.7502","43.53","2024-05-25T19:43:34.450Z","bid"
"0.7318","44.63","2024-05-25T19:43:34.450Z","bid"
"0.7138","45.75","2024-05-25T19:43:34.450Z","bid"
"0.6963","46.9","2024-05-25T19:43:34.450Z","bid"
"0.6793","48.08","2024-05-25T19:43:34.450Z","bid"
"0.6626","49.29","2024-05-25T19:43:34.450Z","bid"
"0.6464","50.52","2024-05-25T19:43:34.450Z","bid"
"0.6305","51.8","2024-05-25T19:43:34.450Z","bid"
"0.6151","53.09","2024-05-25T19:43:34.450Z","bid"
"0.6","54.43","2024-05-25T19:43:34.450Z","bid"
"0.5853","55.8","2024-05-25T19:43:34.450Z","bid"
"0.5709","57.2","2024-05-25T19:43:34.450Z","bid"
"0.5569","58.64","2024-05-25T19:43:34.450Z","bid"
"0.55","518.04","2024-05-25T19:43:34.450Z","bid"
"0.5433","60.11","2024-05-25T19:43:34.450Z","bid"
"0.53","61.62","2024-05-25T19:43:34.450Z","bid"
"0.517","63.17","2024-05-25T19:43:34.450Z","bid"
"0.5043","64.76","2024-05-25T19:43:34.450Z","bid"
"0.492","66.38","2024-05-25T19:43:34.450Z","bid"
"0.01","1000","2024-05-25T19:43:34.450Z","bid"
"0.0025","0.99","2024-05-25T19:43:34.450Z","bid"