"price","volume","time","side","orderType"
"2.17850000","0.45000000","2024-05-25T19:43:21.649Z","buy",
"2.17860000","9.06000000","2024-05-25T19:31:04.877Z","buy",
"2.17860000","45.94000000","2024-05-25T19:30:30.200Z","buy",
"2.17980000","860.67000000","2024-05-25T19:27:17.627Z","buy",
"2.18180000","45.92000000","2024-05-25T19:19:15.278Z","sell",
"2.17860000","64.46000000","2024-05-25T19:17:33.622Z","sell",
"2.17350000","11.15000000","2024-05-25T19:09:37.246Z","sell",
"2.17860000","28.34000000","2024-05-25T18:59:15.118Z","sell",
"2.17280000","120.75000000","2024-05-25T18:55:11.921Z","sell",
"2.17280000","172.99000000","2024-05-25T18:53:17.018Z","sell",
"2.17420000","19.89000000","2024-05-25T18:52:39.722Z","sell",
"2.17170000","2.00000000","2024-05-25T18:52:39.722Z","sell",
"2.16240000","460.15000000","2024-05-25T18:12:36.943Z","buy",
"2.16750000","480.14000000","2024-05-25T17:52:39.206Z","sell",
"2.17000000","1901.98000000","2024-05-25T17:50:58.511Z","buy",
"2.16900000","482.48000000","2024-05-25T17:50:58.431Z","sell",
"2.16890000","115.54000000","2024-05-25T17:50:58.431Z","sell",
"2.16520000","1200.00000000","2024-05-25T17:50:58.431Z","sell",
"2.16700000","460.15000000","2024-05-25T17:50:27.885Z","buy",
"2.16500000","25.66000000","2024-05-25T17:45:02.792Z","sell",
"2.16500000","3.69000000","2024-05-25T17:40:12.994Z","buy",
"2.15940000","21.84000000","2024-05-25T17:36:58.793Z","buy",
"2.16730000","783.41000000","2024-05-25T17:35:28.263Z","sell",
"2.16720000","279.27000000","2024-05-25T17:35:28.263Z","sell",
"2.16240000","0.45000000","2024-05-25T17:33:47.835Z","buy",
"2.16160000","91.60000000","2024-05-25T17:27:42.298Z","sell",
"2.15880000","0.10000000","2024-05-25T17:26:41.359Z","sell",
"2.15880000","91.91000000","2024-05-25T17:26:27.839Z","sell",
"2.15360000","100.16000000","2024-05-25T17:21:48.642Z","sell",
"2.15360000","27.80000000","2024-05-25T17:21:47.659Z","sell",
"2.15350000","0.05000000","2024-05-25T17:21:11.384Z","sell",
"2.15350000","0.32000000","2024-05-25T17:20:29.909Z","sell",
"2.15300000","338.39000000","2024-05-25T17:18:18.864Z","sell",
"2.15300000","345.10000000","2024-05-25T17:18:15.857Z","sell",
"2.15300000","345.10000000","2024-05-25T17:18:13.142Z","sell",
"2.15300000","345.10000000","2024-05-25T17:18:09.364Z","sell",
"2.15300000","345.10000000","2024-05-25T17:18:06.369Z","sell",
"2.15630000","39.95000000","2024-05-25T17:12:51.094Z","sell",
"2.15840000","528.63000000","2024-05-25T17:10:55.313Z","sell",
"2.15460000","0.46000000","2024-05-25T17:08:40.154Z","sell",
"2.15330000","295.51000000","2024-05-25T17:08:31.796Z","sell",
"2.15270000","180.17000000","2024-05-25T17:08:09.592Z","sell",
"2.15270000","180.17000000","2024-05-25T17:08:06.290Z","sell",
"2.15270000","180.18000000","2024-05-25T17:08:03.606Z","sell",
"2.15270000","180.18000000","2024-05-25T17:08:00.298Z","sell",
"2.14970000","56.45000000","2024-05-25T17:07:39.637Z","buy",
"2.15000000","25.00000000","2024-05-25T17:07:39.637Z","buy",
"2.15150000","2.00000000","2024-05-25T17:07:39.637Z","buy",
"2.15280000","0.05000000","2024-05-25T17:07:39.637Z","buy",
"2.15330000","1.68000000","2024-05-25T17:07:28.330Z","sell",
"2.15360000","2.00000000","2024-05-25T17:07:17.495Z","sell",
"2.15380000","1.71000000","2024-05-25T17:07:04.118Z","sell",
"2.15440000","27.51000000","2024-05-25T17:05:57.292Z","sell",
"2.16200000","485.91000000","2024-05-25T17:00:55.110Z","buy",
"2.16580000","49.86000000","2024-05-25T16:58:06.522Z","sell",
"2.17260000","44.84000000","2024-05-25T16:52:39.845Z","buy",
"2.17260000","1.00000000","2024-05-25T16:52:00.638Z","buy",
"2.17910000","1239.40000000","2024-05-25T16:45:24.630Z","sell",
"2.17900000","6.09000000","2024-05-25T16:45:24.630Z","sell",
"2.17940000","102.82000000","2024-05-25T16:43:30.833Z","buy",
"2.18660000","0.42000000","2024-05-25T16:40:42.080Z","buy",
"2.18670000","0.49000000","2024-05-25T16:40:42.080Z","buy",
"2.18430000","0.32000000","2024-05-25T16:38:29.665Z","buy",
"2.18440000","5.62000000","2024-05-25T16:38:29.665Z","buy",
"2.17350000","299.80000000","2024-05-25T16:34:06.827Z","sell",
"2.17340000","4.29000000","2024-05-25T16:34:06.827Z","sell",
"2.16900000","4.28000000","2024-05-25T16:32:42.091Z","buy",
"2.15320000","508.09000000","2024-05-25T16:25:01.491Z","sell",
"2.15290000","247.26000000","2024-05-25T16:24:10.963Z","sell",
"2.15200000","205.89000000","2024-05-25T16:24:07.963Z","sell",
"2.15330000","0.16000000","2024-05-25T16:23:31.532Z","buy",
"2.15780000","2.44000000","2024-05-25T16:22:00.546Z","buy",
"2.15790000","15.77000000","2024-05-25T16:20:14.234Z","sell",
"2.15890000","44.14000000","2024-05-25T16:06:18.866Z","sell",
"2.16000000","1.45000000","2024-05-25T16:02:27.755Z","sell",
"2.15990000","5.43000000","2024-05-25T16:02:27.755Z","sell",
"2.15600000","7.84000000","2024-05-25T15:44:34.484Z","buy",
"2.15610000","5.47000000","2024-05-25T15:44:34.484Z","buy",
"2.16060000","24.55000000","2024-05-25T15:37:22.837Z","sell",
"2.16050000","1.18000000","2024-05-25T15:37:22.837Z","sell",
"2.15600000","0.89000000","2024-05-25T15:36:25.497Z","buy",
"2.15600000","0.23000000","2024-05-25T15:36:10.534Z","buy",
"2.16200000","280.20000000","2024-05-25T15:32:02.334Z","sell",
"2.16160000","499.71000000","2024-05-25T15:32:02.334Z","sell",
"2.16110000","1200.00000000","2024-05-25T15:32:02.334Z","sell",
"2.16000000","1200.00000000","2024-05-25T15:32:02.334Z","sell",
"2.15940000","115.84000000","2024-05-25T15:32:02.334Z","sell",
"2.15930000","6.99000000","2024-05-25T15:32:02.334Z","sell",
"2.15860000","0.05000000","2024-05-25T15:24:40.527Z","sell",
"2.17030000","28.49000000","2024-05-25T15:13:02.404Z","buy",
"2.17040000","0.61000000","2024-05-25T15:13:02.404Z","buy",
"2.17060000","92.90000000","2024-05-25T15:09:50.277Z","sell",
"2.16310000","0.10000000","2024-05-25T15:04:38.566Z","buy",
"2.16320000","1.03000000","2024-05-25T15:04:38.566Z","buy",
"2.16950000","189.59000000","2024-05-25T14:58:32.187Z","buy",
"2.16960000","5.41000000","2024-05-25T14:58:32.187Z","buy",
"2.16890000","2.45000000","2024-05-25T14:53:34.910Z","sell",
"2.15640000","45.91000000","2024-05-25T14:48:55.032Z","sell",
"2.15870000","81.21000000","2024-05-25T14:40:31.261Z","sell",
"2.15860000","115.98000000","2024-05-25T14:40:31.261Z","sell",
"2.16450000","1051.54000000","2024-05-25T14:38:28.902Z","sell",
"2.16210000","209.13000000","2024-05-25T14:38:28.902Z","sell",
"2.16120000","503.19000000","2024-05-25T14:38:28.902Z","sell",
"2.16110000","6.76000000","2024-05-25T14:38:28.902Z","sell",
"2.15780000","241.31000000","2024-05-25T14:15:33.237Z","buy",
"2.15330000","1.07000000","2024-05-25T14:14:52.759Z","buy",
"2.15730000","310.30000000","2024-05-25T14:14:33.539Z","buy",
"2.15740000","0.67000000","2024-05-25T14:14:33.539Z","buy",
"2.16230000","75.00000000","2024-05-25T14:14:09.776Z","buy",
"2.15710000","5.75000000","2024-05-25T14:01:46.488Z","buy",
"2.15720000","0.51000000","2024-05-25T14:01:46.488Z","buy",
"2.15640000","501.26000000","2024-05-25T13:51:06.243Z","buy",
"2.15650000","5.48000000","2024-05-25T13:51:06.243Z","buy",
"2.16000000","46.64000000","2024-05-25T13:51:06.243Z","buy",
"2.16000000","213.55000000","2024-05-25T13:51:06.243Z","buy",
"2.16300000","2.43000000","2024-05-25T13:48:16.949Z","buy",
"2.16960000","569.45000000","2024-05-25T13:37:24.959Z","sell",
"2.16950000","16.58000000","2024-05-25T13:37:24.959Z","sell",
"2.16630000","13.46000000","2024-05-25T13:30:21.586Z","buy",
"2.16650000","73.90000000","2024-05-25T13:30:21.586Z","buy",
"2.16700000","92.07000000","2024-05-25T13:30:21.586Z","buy",
"2.16710000","5.57000000","2024-05-25T13:30:21.586Z","buy",
"2.17120000","175.00000000","2024-05-25T13:30:21.463Z","buy",
"2.17120000","349.44000000","2024-05-25T13:30:21.457Z","buy",
"2.17130000","5.56000000","2024-05-25T13:30:21.457Z","buy",
"2.17120000","99.44000000","2024-05-25T13:30:21.434Z","buy",
"2.17130000","5.56000000","2024-05-25T13:30:21.434Z","buy",
"2.17880000","41.65000000","2024-05-25T13:28:35.834Z","sell",
"2.17640000","92.22000000","2024-05-25T13:28:35.834Z","sell",
"2.17390000","231.13000000","2024-05-25T13:28:35.834Z","sell",
"2.17390000","175.00000000","2024-05-25T13:28:35.823Z","sell",
"2.17390000","775.00000000","2024-05-25T13:28:35.798Z","sell",
"2.17100000","65.59000000","2024-05-25T13:28:35.646Z","sell",
"2.17090000","115.36000000","2024-05-25T13:28:35.646Z","sell",
"2.17080000","5.63000000","2024-05-25T13:28:35.646Z","sell",
"2.16250000","84.16000000","2024-05-25T13:27:39.049Z","buy",
"2.16300000","203.48000000","2024-05-25T13:27:38.055Z","buy",
"2.16310000","13.81000000","2024-05-25T13:27:38.055Z","buy",
"2.16320000","5.62000000","2024-05-25T13:27:38.055Z","buy",
"2.16420000","0.45000000","2024-05-25T13:26:42.276Z","buy",
"2.16780000","39.12000000","2024-05-25T13:10:11.379Z","sell",
"2.16770000","6.55000000","2024-05-25T13:10:11.379Z","sell",
"2.16630000","205.87000000","2024-05-25T13:06:16.214Z","buy",
"2.16640000","0.52000000","2024-05-25T13:06:16.214Z","buy",
"2.16820000","2.43000000","2024-05-25T13:06:16.214Z","buy",
"2.16870000","2.29000000","2024-05-25T13:06:16.214Z","buy",
"2.17080000","0.05000000","2024-05-25T13:03:52.207Z","buy",
"2.17310000","27.97000000","2024-05-25T13:02:07.446Z","buy",
"2.17320000","0.75000000","2024-05-25T13:02:07.446Z","buy",
"2.17160000","15.97000000","2024-05-25T12:41:40.745Z","buy",
"2.17170000","1.44000000","2024-05-25T12:41:40.745Z","buy",
"2.17170000","2.00000000","2024-05-25T12:41:40.745Z","buy",
"2.17340000","2.42000000","2024-05-25T12:41:40.745Z","buy",
"2.17500000","160.95000000","2024-05-25T12:40:35.706Z","buy",
"2.17830000","2.28000000","2024-05-25T12:37:03.427Z","sell",
"2.17860000","2.41000000","2024-05-25T12:31:00.162Z","buy",
"2.18030000","117.46000000","2024-05-25T12:28:39.978Z","buy",
"2.18000000","240.00000000","2024-05-25T12:28:23.896Z","sell",
"2.17870000","421.53000000","2024-05-25T12:28:23.889Z","buy",
"2.17880000","467.88000000","2024-05-25T12:28:23.889Z","buy",
"2.17950000","1200.00000000","2024-05-25T12:28:23.889Z","buy",
"2.17980000","1342.98000000","2024-05-25T12:28:23.889Z","buy",
"2.17990000","91.61000000","2024-05-25T12:28:23.889Z","buy",
"2.18080000","14.97000000","2024-05-25T12:28:23.889Z","buy",
"2.18230000","213.81000000","2024-05-25T12:28:23.889Z","buy",
"2.18220000","0.41000000","2024-05-25T12:27:31.513Z","buy",
"2.18230000","0.48000000","2024-05-25T12:27:10.380Z","sell",
"2.18230000","0.51000000","2024-05-25T12:27:10.375Z","buy",
"2.18220000","40.17000000","2024-05-25T12:26:51.290Z","buy",
"2.18230000","0.90000000","2024-05-25T12:26:51.290Z","buy",
"2.18250000","0.05000000","2024-05-25T12:26:51.290Z","buy",
"2.18950000","0.90000000","2024-05-25T12:19:59.229Z","sell",
"2.19100000","10.95000000","2024-05-25T12:17:42.150Z","buy",
"2.19060000","49.44000000","2024-05-25T12:17:25.800Z","buy",
"2.18280000","95.73000000","2024-05-25T12:12:44.984Z","buy",
"2.18290000","0.74000000","2024-05-25T12:12:44.984Z","buy",
"2.18610000","4.46000000","2024-05-25T12:11:57.685Z","buy",
"2.18620000","4.88000000","2024-05-25T12:11:57.685Z","buy",
"2.19560000","295.64000000","2024-05-25T12:07:30.141Z","sell",
"2.20030000","14.92000000","2024-05-25T12:03:14.400Z","sell",
"2.20020000","5.68000000","2024-05-25T12:03:14.400Z","sell",
"2.20800000","305.49000000","2024-05-25T12:02:04.723Z","buy",
"2.20560000","0.05000000","2024-05-25T11:57:50.516Z","sell",
"2.20050000","13.86000000","2024-05-25T11:52:31.040Z","buy",
"2.20050000","2.57000000","2024-05-25T11:52:12.992Z","buy",
"2.20060000","0.61000000","2024-05-25T11:52:12.992Z","buy",
"2.19970000","269.85000000","2024-05-25T11:52:09.270Z","buy",
"2.19980000","5.07000000","2024-05-25T11:52:09.270Z","buy",
"2.20380000","117.46000000","2024-05-25T11:51:30.300Z","sell",
"2.19600000","1.00000000","2024-05-25T11:09:03.215Z","buy",
"2.19580000","10.60000000","2024-05-25T11:03:00.696Z","sell",
"2.20570000","0.36000000","2024-05-25T10:56:48.052Z","sell",
"2.19970000","2.70000000","2024-05-25T10:42:27.378Z","sell",
"2.19760000","1200.00000000","2024-05-25T10:39:32.877Z","buy",
"2.19900000","5.80000000","2024-05-25T10:30:14.991Z","sell",
"2.18400000","128.42000000","2024-05-25T10:29:28.097Z","buy",
"2.18410000","4.70000000","2024-05-25T10:29:28.097Z","buy",
"2.18280000","0.05000000","2024-05-25T10:27:09.926Z","buy",
"2.18620000","2.27000000","2024-05-25T10:25:18.182Z","buy",
"2.19150000","4.17000000","2024-05-25T10:19:25.370Z","sell",
"2.19190000","2.00000000","2024-05-25T10:18:59.966Z","buy",
"2.20330000","0.45000000","2024-05-25T10:12:33.549Z","sell",
"2.21550000","0.45000000","2024-05-25T10:08:15.964Z","sell",
"2.21210000","1.22000000","2024-05-25T10:01:26.035Z","sell",
"2.21200000","0.05000000","2024-05-25T10:01:26.035Z","sell",
"2.21200000","0.05000000","2024-05-25T10:01:26.035Z","sell",
"2.21210000","0.78000000","2024-05-25T10:00:41.790Z","sell",
"2.19720000","0.49000000","2024-05-25T09:15:41.962Z","sell",
"2.19720000","0.46000000","2024-05-25T09:15:36.187Z","sell",
"2.19630000","11.29000000","2024-05-25T09:15:10.329Z","buy",
"2.19640000","4.64000000","2024-05-25T09:15:10.329Z","buy",
"2.20030000","0.45000000","2024-05-25T09:10:48.774Z","sell",
"2.19230000","1.27000000","2024-05-25T08:44:34.286Z","buy",
"2.20320000","8.55000000","2024-05-25T08:41:07.608Z","buy",
"2.20050000","0.96000000","2024-05-25T08:27:40.195Z","buy",
"2.18900000","0.72000000","2024-05-25T08:18:29.239Z","buy",
"2.19010000","310.00000000","2024-05-25T08:17:58.652Z","sell",
"2.19010000","185.00000000","2024-05-25T08:17:58.649Z","sell",
"2.18590000","259.57000000","2024-05-25T08:12:44.469Z","sell",
"2.18300000","0.05000000","2024-05-25T08:12:07.154Z","sell",
"2.18370000","0.05000000","2024-05-25T08:12:06.111Z","buy",
"2.18380000","2.41000000","2024-05-25T08:03:42.427Z","buy",
"2.18880000","0.05000000","2024-05-25T07:56:22.445Z","buy",
"2.18900000","2.40000000","2024-05-25T07:47:15.217Z","buy",
"2.19150000","0.05000000","2024-05-25T07:45:55.645Z","buy",
"2.19170000","0.05000000","2024-05-25T07:45:54.342Z","sell",
"2.19190000","2.00000000","2024-05-25T07:45:53.705Z","buy",
"2.19300000","0.05000000","2024-05-25T07:45:34.906Z","buy",
"2.19420000","2.40000000","2024-05-25T07:45:04.259Z","buy",
"2.19580000","1.08000000","2024-05-25T07:44:47.688Z","sell",
"2.19570000","1.31000000","2024-05-25T07:44:47.688Z","sell",
"2.19570000","2.39000000","2024-05-25T07:44:46.385Z","sell",
"2.19550000","2.38000000","2024-05-25T07:44:45.193Z","sell",
"2.19300000","405.76000000","2024-05-25T07:43:10.691Z","buy",
"2.19430000","499.49000000","2024-05-25T07:43:09.914Z","buy",
"2.19640000","0.46000000","2024-05-25T07:43:09.914Z","buy",
"2.19750000","0.05000000","2024-05-25T07:43:09.914Z","buy",
"2.19740000","40.21000000","2024-05-25T07:42:46.673Z","buy",
"2.19750000","0.59000000","2024-05-25T07:42:46.673Z","buy",
"2.20740000","0.05000000","2024-05-25T07:34:29.963Z","buy",
"2.20740000","359.22000000","2024-05-25T07:34:29.963Z","buy",
"2.20740000","152.14000000","2024-05-25T07:20:13.997Z","buy",
"2.21190000","0.05000000","2024-05-25T07:18:33.828Z","buy",
"2.21200000","0.05000000","2024-05-25T07:17:16.562Z","sell",
"2.21490000","2.38000000","2024-05-25T07:17:16.037Z","buy",
"2.20930000","15.40000000","2024-05-25T06:53:35.277Z","buy",
"2.20940000","5.08000000","2024-05-25T06:53:35.277Z","buy",
"2.21210000","2.00000000","2024-05-25T06:53:35.277Z","buy",
"2.21640000","0.05000000","2024-05-25T06:53:35.277Z","buy",
"2.22010000","2.37000000","2024-05-25T06:53:29.247Z","buy",
"2.22030000","3.25000000","2024-05-25T06:53:23.575Z","sell",
"2.22040000","2.13000000","2024-05-25T06:52:13.702Z","sell",
"2.22040000","1.70000000","2024-05-25T06:51:56.574Z","sell",
"2.22040000","4.42000000","2024-05-25T06:51:46.580Z","sell",
"2.22040000","1.28000000","2024-05-25T06:51:43.567Z","sell",
"2.22040000","2.90000000","2024-05-25T06:51:38.174Z","sell",
"2.22040000","3.60000000","2024-05-25T06:51:35.240Z","sell",
"2.22040000","2.42000000","2024-05-25T06:51:32.577Z","sell",
"2.22040000","3.10000000","2024-05-25T06:51:30.200Z","sell",
"2.22040000","4.06000000","2024-05-25T06:51:27.577Z","sell",
"2.22040000","3.92000000","2024-05-25T06:51:24.436Z","sell",
"2.22040000","2.13000000","2024-05-25T06:51:21.524Z","sell",
"2.22040000","3.61000000","2024-05-25T06:51:18.577Z","sell",
"2.22040000","2.04000000","2024-05-25T06:51:15.802Z","sell",
"2.22040000","2.75000000","2024-05-25T06:51:13.255Z","sell",
"2.22040000","2.57000000","2024-05-25T06:51:05.274Z","sell",
"2.22040000","2.79000000","2024-05-25T06:51:02.986Z","sell",
"2.22040000","1.85000000","2024-05-25T06:51:00.575Z","sell",
"2.22040000","1.99000000","2024-05-25T06:50:57.436Z","sell",
"2.22040000","2.37000000","2024-05-25T06:50:53.149Z","sell",
"2.22040000","2.83000000","2024-05-25T06:50:49.692Z","sell",
"2.22040000","2.52000000","2024-05-25T06:50:46.523Z","sell",
"2.22040000","3.77000000","2024-05-25T06:50:43.657Z","sell",
"2.22040000","4.16000000","2024-05-25T06:50:40.548Z","sell",
"2.22040000","1.18000000","2024-05-25T06:50:37.561Z","sell",
"2.22040000","3.45000000","2024-05-25T06:50:35.350Z","sell",
"2.22040000","3.85000000","2024-05-25T06:50:32.324Z","sell",
"2.22040000","2.46000000","2024-05-25T06:50:29.026Z","sell",
"2.22040000","4.27000000","2024-05-25T06:50:26.533Z","sell",
"2.22040000","4.01000000","2024-05-25T06:50:23.039Z","sell",
"2.22040000","0.89000000","2024-05-25T06:50:20.584Z","sell",
"2.22040000","1.12000000","2024-05-25T06:50:17.579Z","sell",
"2.22040000","3.57000000","2024-05-25T06:50:14.875Z","sell",
"2.22040000","2.35000000","2024-05-25T06:50:12.098Z","sell",
"2.22040000","2.65000000","2024-05-25T06:50:09.983Z","sell",
"2.22040000","3.47000000","2024-05-25T06:50:07.578Z","sell",
"2.22040000","3.67000000","2024-05-25T06:50:05.310Z","sell",
"2.22040000","3.41000000","2024-05-25T06:50:02.803Z","sell",
"2.22040000","2.86000000","2024-05-25T06:50:00.523Z","sell",
"2.22040000","3.00000000","2024-05-25T06:49:57.095Z","sell",
"2.22030000","3.68000000","2024-05-25T06:49:54.791Z","sell",
"2.22530000","2.36000000","2024-05-25T06:49:53.152Z","buy",
"2.23050000","2.36000000","2024-05-25T06:44:24.211Z","buy",
"2.23230000","2.00000000","2024-05-25T06:43:05.907Z","buy",
"2.23550000","151.63000000","2024-05-25T06:39:49.135Z","buy",
"2.23550000","215.00000000","2024-05-25T06:39:34.919Z","buy",
"2.23550000","130.00000000","2024-05-25T06:38:52.873Z","buy",
"2.23750000","2.21000000","2024-05-25T06:37:32.857Z","sell",
"2.23940000","737.33000000","2024-05-25T06:32:18.886Z","buy",
"2.23950000","0.92000000","2024-05-25T06:32:18.886Z","buy",
"2.24760000","200.00000000","2024-05-25T06:24:34.176Z","buy",
"2.25580000","17.66000000","2024-05-25T06:13:02.890Z","buy",
"2.25590000","4.95000000","2024-05-25T06:13:02.890Z","buy",
"2.26040000","424.72000000","2024-05-25T06:09:54.708Z","sell",
"2.26030000","5.20000000","2024-05-25T06:09:54.708Z","sell",
"2.25530000","261.00000000","2024-05-25T06:07:36.203Z","buy",
"2.25540000","5.19000000","2024-05-25T06:07:36.203Z","buy",
"2.25680000","241.11000000","2024-05-25T06:06:30.203Z","buy",
"2.25680000","683.84000000","2024-05-25T06:06:14.687Z","buy",
"2.25180000","283.17000000","2024-05-25T05:53:12.372Z","buy",
"2.25180000","1068.54000000","2024-05-25T05:53:12.087Z","buy",
"2.25050000","1.19000000","2024-05-25T05:51:53.018Z","sell",
"2.24550000","378.56000000","2024-05-25T05:50:29.748Z","sell",
"2.24540000","6.44000000","2024-05-25T05:50:29.748Z","sell",
"2.23570000","2.35000000","2024-05-25T05:41:40.390Z","buy",
"2.24060000","153.01000000","2024-05-25T05:36:30.213Z","buy",
"2.24230000","65.58000000","2024-05-25T05:36:30.213Z","buy",
"2.24390000","88.32000000","2024-05-25T05:36:30.081Z","buy",
"2.24400000","0.98000000","2024-05-25T05:36:30.081Z","buy",
"2.25120000","140.48000000","2024-05-25T05:36:30.078Z","buy",
"2.25120000","210.00000000","2024-05-25T05:36:30.056Z","buy",
"2.25120000","32.16000000","2024-05-25T05:36:14.972Z","buy",
"2.25130000","5.46000000","2024-05-25T05:36:14.972Z","buy",
"2.25490000","120.00000000","2024-05-25T05:36:14.972Z","buy",
"2.26740000","578.72000000","2024-05-25T05:29:13.156Z","sell",
"2.26700000","15.39000000","2024-05-25T05:23:07.151Z","sell",
"2.26050000","4.59000000","2024-05-25T05:23:07.151Z","sell",
"2.26040000","39.98000000","2024-05-25T05:19:41.904Z","sell",
"2.25720000","53.76000000","2024-05-25T05:17:10.370Z","sell",
"2.25710000","6.21000000","2024-05-25T05:17:10.370Z","sell",
"2.24660000","2.81000000","2024-05-25T05:16:56.171Z","buy",
"2.24670000","1.72000000","2024-05-25T05:16:56.171Z","buy",
"2.24550000","4.53000000","2024-05-25T05:16:26.632Z","buy",
"2.25650000","67.91000000","2024-05-25T05:16:17.304Z","sell",
"2.25250000","2.00000000","2024-05-25T05:16:17.304Z","sell",
"2.23230000","2.00000000","2024-05-25T05:13:53.190Z","sell",
"2.21210000","2.00000000","2024-05-25T05:05:59.874Z","sell",
"2.20630000","132.51000000","2024-05-25T04:57:51.855Z","sell",
"2.20470000","149.51000000","2024-05-25T04:56:42.610Z","sell",
"2.20300000","65.49000000","2024-05-25T04:56:42.610Z","sell",
"2.19970000","132.51000000","2024-05-25T04:56:42.601Z","sell",
"2.19960000","2.49000000","2024-05-25T04:56:42.601Z","sell",
"2.19120000","2.47000000","2024-05-25T04:48:57.666Z","buy",
"2.19120000","0.02000000","2024-05-25T04:48:24.100Z","buy",
"2.19850000","11.29000000","2024-05-25T04:45:08.251Z","sell",
"2.20140000","0.76000000","2024-05-25T04:38:54.937Z","sell",
"2.19290000","9.06000000","2024-05-25T04:37:32.065Z","sell",
"2.20990000","2.35000000","2024-05-25T04:16:05.967Z","sell",
"2.20990000","2.34000000","2024-05-25T04:16:04.257Z","sell",
"2.20930000","2.34000000","2024-05-25T04:14:55.581Z","sell",
"2.20930000","2.33000000","2024-05-25T04:14:54.199Z","sell",
"2.20930000","2.33000000","2024-05-25T04:14:53.007Z","sell",
"2.20930000","2.32000000","2024-05-25T04:14:51.486Z","sell",
"2.20930000","2.32000000","2024-05-25T04:14:49.709Z","sell",
"2.20930000","2.31000000","2024-05-25T04:14:48.271Z","sell",
"2.19660000","2.31000000","2024-05-25T03:43:39.172Z","sell",
"2.19730000","153.51000000","2024-05-25T03:25:19.932Z","sell",
"2.19760000","0.83000000","2024-05-25T03:23:42.723Z","sell",
"2.18570000","22.69000000","2024-05-25T03:09:00.995Z","buy",
"2.18590000","211.11000000","2024-05-25T03:09:00.995Z","buy",
"2.18700000","1.85000000","2024-05-25T03:08:59.864Z","sell",
"2.18700000","3.97000000","2024-05-25T03:08:56.271Z","sell",
"2.18700000","4.12000000","2024-05-25T03:08:39.677Z","sell",
"2.18780000","1.07000000","2024-05-25T03:08:01.695Z","sell",
"2.18780000","1.34000000","2024-05-25T03:07:50.003Z","sell",
"2.18780000","1.55000000","2024-05-25T03:07:47.684Z","sell",
"2.18780000","2.36000000","2024-05-25T03:07:44.681Z","sell",
"2.18780000","0.97000000","2024-05-25T03:07:41.990Z","sell",
"2.18780000","3.88000000","2024-05-25T03:07:39.250Z","sell",
"2.19190000","2.00000000","2024-05-25T03:04:35.360Z","buy",
"2.19270000","1.81000000","2024-05-25T03:04:31.827Z","sell",
"2.19270000","3.96000000","2024-05-25T03:04:28.816Z","sell",
"2.19280000","3.70000000","2024-05-25T03:04:08.181Z","sell",
"2.19280000","1.35000000","2024-05-25T03:03:59.474Z","sell",
"2.19640000","2.77000000","2024-05-25T02:59:02.325Z","sell",
"2.19750000","578.72000000","2024-05-25T02:59:02.320Z","buy",
"2.19800000","3.65000000","2024-05-25T02:58:50.918Z","sell",
"2.19900000","48.29000000","2024-05-25T02:54:05.404Z","buy",
"2.19910000","0.79000000","2024-05-25T02:54:05.404Z","buy",
"2.20180000","8.97000000","2024-05-25T02:44:51.563Z","buy",
"2.20190000","5.60000000","2024-05-25T02:44:51.563Z","buy",
"2.21000000","4.00000000","2024-05-25T02:42:56.672Z","buy",
"2.21070000","1.60000000","2024-05-25T02:42:41.996Z","sell",
"2.21070000","4.23000000","2024-05-25T02:42:38.321Z","sell",
"2.21210000","2.00000000","2024-05-25T02:42:38.235Z","buy",
"2.21670000","0.05000000","2024-05-25T02:42:07.084Z","buy",
"2.21810000","0.45000000","2024-05-25T02:39:39.999Z","sell",
"2.22500000","118.75000000","2024-05-25T02:30:32.368Z","buy",
"2.22510000","0.78000000","2024-05-25T02:30:32.368Z","buy",
"2.23450000","124.52000000","2024-05-25T02:05:37.434Z","buy",
"2.23460000","5.53000000","2024-05-25T02:05:37.434Z","buy",
"2.23230000","2.00000000","2024-05-25T01:56:49.148Z","buy",
"2.23250000","2.53000000","2024-05-25T01:56:44.575Z","sell",
"2.23250000","3.85000000","2024-05-25T01:56:11.358Z","sell",
"2.23260000","1.38000000","2024-05-25T01:56:06.276Z","sell",
"2.23270000","3.95000000","2024-05-25T01:56:00.312Z","sell",
"2.23300000","2.72000000","2024-05-25T01:55:53.889Z","sell",
"2.23300000","3.20000000","2024-05-25T01:55:49.997Z","sell",
"2.23340000","3.27000000","2024-05-25T01:55:46.450Z","sell",
"2.23890000","2.08000000","2024-05-25T01:55:09.650Z","sell",
"2.24840000","1.38000000","2024-05-25T01:41:29.704Z","sell",
"2.24690000","3.91000000","2024-05-25T01:41:10.761Z","sell",
"2.24700000","4.12000000","2024-05-25T01:41:00.427Z","sell",
"2.23800000","139.73000000","2024-05-25T01:37:42.853Z","buy",
"2.23850000","165.35000000","2024-05-25T01:37:42.853Z","buy",
"2.23860000","1.27000000","2024-05-25T01:37:42.853Z","buy",
"2.25250000","2.00000000","2024-05-25T01:37:40.272Z","buy",
"2.25350000","1.06000000","2024-05-25T01:37:36.579Z","sell",
"2.25380000","3.29000000","2024-05-25T01:37:29.024Z","sell",
"2.25860000","37.09000000","2024-05-25T01:33:39.778Z","buy",
"2.25870000","5.05000000","2024-05-25T01:33:39.778Z","buy",
"2.26770000","113.93000000","2024-05-25T01:33:18.875Z","sell",
"2.26760000","5.60000000","2024-05-25T01:33:18.875Z","sell",
"2.28340000","419.04000000","2024-05-25T01:27:19.816Z","buy",
"2.28360000","525.49000000","2024-05-25T01:27:19.816Z","buy",
"2.28370000","0.65000000","2024-05-25T01:27:19.816Z","buy",
"2.29190000","0.09000000","2024-05-25T01:27:06.359Z","sell",
"2.28160000","1303.16000000","2024-05-25T01:13:43.889Z","buy",
"2.28170000","5.05000000","2024-05-25T01:13:43.889Z","buy",
"2.27820000","86.84000000","2024-05-25T01:10:29.992Z","buy",
"2.27970000","75.45000000","2024-05-25T01:07:49.093Z","buy",
"2.27990000","74.20000000","2024-05-25T01:07:28.011Z","buy",
"2.28230000","4.38000000","2024-05-25T01:06:10.432Z","sell",
"2.28220000","87.68000000","2024-05-25T01:05:08.481Z","buy",
"2.28220000","78.78000000","2024-05-25T01:04:53.286Z","buy",
"2.28440000","74.75000000","2024-05-25T01:04:22.646Z","buy",
"2.28480000","89.28000000","2024-05-25T01:04:01.005Z","buy",
"2.28490000","74.71000000","2024-05-25T01:03:25.753Z","buy",
"2.28510000","37.53000000","2024-05-25T01:03:06.395Z","sell",
"2.28500000","4.59000000","2024-05-25T01:03:06.395Z","sell",
"2.28500000","85.71000000","2024-05-25T01:03:05.651Z","buy",
"2.28470000","81.60000000","2024-05-25T01:03:04.595Z","buy",
"2.27330000","40.75000000","2024-05-25T01:02:27.555Z","buy",
"2.27340000","4.58000000","2024-05-25T01:02:27.555Z","buy",
"2.28480000","88.47000000","2024-05-25T01:02:13.073Z","buy",
"2.28940000","75.95000000","2024-05-25T01:01:02.195Z","buy",
"2.28940000","81.00000000","2024-05-25T01:00:30.654Z","buy",
"2.28950000","6.00000000","2024-05-25T01:00:30.048Z","sell",
"2.28940000","5.36000000","2024-05-25T01:00:30.048Z","sell",
"2.28980000","88.36000000","2024-05-25T01:00:10.428Z","buy",
"2.29280000","80.43000000","2024-05-25T01:00:00.055Z","buy",
"2.29210000","45.87000000","2024-05-25T00:57:30.937Z","buy",
"2.29230000","90.42000000","2024-05-25T00:55:30.443Z","buy",
"2.29280000","77.37000000","2024-05-25T00:54:00.334Z","buy",
"2.29280000","0.60000000","2024-05-25T00:54:00.334Z","buy",
"2.29280000","75.00000000","2024-05-25T00:54:00.124Z","buy",
"2.28920000","6.38000000","2024-05-25T00:52:33.134Z","buy",
"2.28930000","0.68000000","2024-05-25T00:52:33.134Z","buy",
"2.29280000","18.25000000","2024-05-25T00:52:33.134Z","buy",
"2.28710000","187.31000000","2024-05-25T00:52:26.708Z","buy",
"2.28830000","562.84000000","2024-05-25T00:52:26.708Z","buy",
"2.28840000","4.69000000","2024-05-25T00:52:26.708Z","buy",
"2.29280000","30.53000000","2024-05-25T00:52:26.708Z","buy",
"2.29280000","59.32000000","2024-05-25T00:52:26.708Z","buy",
"2.29280000","28.00000000","2024-05-25T00:48:33.095Z","buy",
"2.29200000","79.79000000","2024-05-25T00:47:07.155Z","buy",
"2.29210000","83.61000000","2024-05-25T00:46:46.552Z","buy",
"2.29200000","59.34000000","2024-05-25T00:46:26.680Z","buy",
"2.29200000","29.00000000","2024-05-25T00:46:26.674Z","buy",
"2.28290000","4.34000000","2024-05-25T00:45:39.400Z","sell",
"2.28240000","88.37000000","2024-05-25T00:45:06.628Z","buy",
"2.28250000","89.86000000","2024-05-25T00:44:46.386Z","buy",
"2.28250000","78.77000000","2024-05-25T00:44:21.465Z","buy",
"2.28210000","231.18000000","2024-05-25T00:44:20.379Z","sell",
"2.28200000","41.74000000","2024-05-25T00:44:20.379Z","sell",
"2.27270000","2.00000000","2024-05-25T00:44:20.379Z","sell",
"2.26530000","76.22000000","2024-05-25T00:38:30.115Z","buy",
"2.26530000","0.05000000","2024-05-25T00:38:18.315Z","buy",
"2.26530000","12.16000000","2024-05-25T00:38:17.931Z","buy",
"2.25790000","0.05000000","2024-05-25T00:35:07.283Z","buy",
"2.25800000","20.70000000","2024-05-25T00:35:05.825Z","sell",
"2.25800000","4.88000000","2024-05-25T00:35:05.825Z","sell",
"2.25260000","79.35000000","2024-05-25T00:34:08.458Z","buy",
"2.25590000","87.31000000","2024-05-25T00:33:26.234Z","buy",
"2.25930000","0.23000000","2024-05-25T00:33:12.299Z","sell",
"2.24690000","236.34000000","2024-05-25T00:32:55.503Z","buy",
"2.24700000","5.10000000","2024-05-25T00:32:55.503Z","buy",
"2.26170000","81.34000000","2024-05-25T00:32:55.016Z","buy",
"2.26050000","42.01000000","2024-05-25T00:32:20.197Z","sell",
"2.25770000","85.04000000","2024-05-25T00:32:11.494Z","buy",
"2.25440000","3.30000000","2024-05-25T00:31:24.795Z","sell",
"2.25450000","73.18000000","2024-05-25T00:30:57.122Z","sell",
"2.25420000","125.94000000","2024-05-25T00:30:57.122Z","sell",
"2.25380000","69.97000000","2024-05-25T00:30:57.122Z","sell",
"2.25330000","200.21000000","2024-05-25T00:30:57.122Z","sell",
"2.25300000","1150.25000000","2024-05-25T00:30:57.122Z","sell",
"2.25270000","14.97000000","2024-05-25T00:30:57.122Z","sell",
"2.25250000","2.00000000","2024-05-25T00:30:57.122Z","sell",
"2.25220000","555.17000000","2024-05-25T00:30:57.122Z","sell",
"2.25210000","5.38000000","2024-05-25T00:30:57.122Z","sell",
"2.24650000","125.94000000","2024-05-25T00:30:52.722Z","buy",
"2.24660000","1.75000000","2024-05-25T00:30:52.722Z","buy",
"2.25200000","82.12000000","2024-05-25T00:30:52.722Z","buy",
"2.25060000","89.41000000","2024-05-25T00:27:42.845Z","buy",
"2.25240000","4.15000000","2024-05-25T00:27:42.492Z","buy",
"2.25240000","32.18000000","2024-05-25T00:27:42.490Z","buy",
"2.25240000","42.82000000","2024-05-25T00:27:42.490Z","buy",
"2.25240000","2.75000000","2024-05-25T00:27:35.579Z","buy",
"2.25240000","1.87000000","2024-05-25T00:26:59.303Z","buy",
"2.25240000","2.14000000","2024-05-25T00:26:56.578Z","buy",
"2.25240000","3.25000000","2024-05-25T00:26:53.579Z","buy",
"2.25240000","2.39000000","2024-05-25T00:26:51.108Z","buy",
"2.25240000","2.86000000","2024-05-25T00:26:48.576Z","buy",
"2.25240000","3.01000000","2024-05-25T00:26:45.289Z","buy",
"2.25240000","1.43000000","2024-05-25T00:26:42.982Z","buy",
"2.25240000","1.91000000","2024-05-25T00:26:40.104Z","buy",
"2.25240000","3.33000000","2024-05-25T00:26:37.921Z","buy",
"2.25240000","1.15000000","2024-05-25T00:26:35.083Z","buy",
"2.25240000","2.50000000","2024-05-25T00:26:32.224Z","buy",
"2.25240000","4.05000000","2024-05-25T00:26:29.455Z","buy",
"2.25240000","3.35000000","2024-05-25T00:26:27.036Z","buy",
"2.25240000","2.35000000","2024-05-25T00:26:23.579Z","buy",
"2.25240000","1.06000000","2024-05-25T00:26:20.725Z","buy",
"2.25240000","2.46000000","2024-05-25T00:26:18.647Z","buy",
"2.24770000","2.98000000","2024-05-25T00:26:04.477Z","buy",
"2.24770000","2.87000000","2024-05-25T00:26:02.303Z","buy",
"2.24770000","0.95000000","2024-05-25T00:25:58.507Z","buy",
"2.23230000","2.00000000","2024-05-25T00:22:36.105Z","sell",
"2.23220000","2.62000000","2024-05-25T00:20:34.951Z","buy",
"2.23220000","4.33000000","2024-05-25T00:20:31.722Z","buy",
"2.23220000","2.25000000","2024-05-25T00:20:29.334Z","buy",
"2.23220000","3.90000000","2024-05-25T00:20:26.576Z","buy",
"2.23220000","1.21000000","2024-05-25T00:20:23.258Z","buy",
"2.23220000","2.20000000","2024-05-25T00:20:20.635Z","buy",
"2.23220000","2.76000000","2024-05-25T00:20:12.950Z","buy",
"2.23220000","3.99000000","2024-05-25T00:20:05.577Z","buy",
"2.23220000","1.84000000","2024-05-25T00:20:02.421Z","buy",
"2.23220000","2.28000000","2024-05-25T00:19:57.943Z","buy",
"2.23220000","3.06000000","2024-05-25T00:19:55.576Z","buy",
"2.23220000","2.90000000","2024-05-25T00:19:52.788Z","buy",
"2.23220000","1.29000000","2024-05-25T00:19:50.333Z","buy",
"2.23220000","2.93000000","2024-05-25T00:19:47.424Z","buy",
"2.23220000","2.83000000","2024-05-25T00:19:44.980Z","buy",
"2.23220000","1.29000000","2024-05-25T00:19:42.550Z","buy",
"2.23220000","1.58000000","2024-05-25T00:19:39.983Z","buy",
"2.23220000","2.52000000","2024-05-25T00:19:37.684Z","buy",
"2.23220000","1.76000000","2024-05-25T00:19:34.959Z","buy",
"2.23220000","3.95000000","2024-05-25T00:19:32.270Z","buy",
"2.23220000","4.32000000","2024-05-25T00:19:29.761Z","buy",
"2.23220000","3.00000000","2024-05-25T00:19:27.361Z","buy",
"2.23220000","1.86000000","2024-05-25T00:19:24.836Z","buy",
"2.22950000","2.17000000","2024-05-25T00:19:01.576Z","buy",
"2.22800000","3.36000000","2024-05-25T00:18:44.696Z","buy",
"2.22800000","2.81000000","2024-05-25T00:18:40.580Z","buy",
"2.22670000","1.48000000","2024-05-25T00:18:25.736Z","buy",
"2.22670000","0.92000000","2024-05-25T00:18:22.866Z","buy",
"2.22670000","3.13000000","2024-05-25T00:18:19.726Z","buy",
"2.22510000","1.08000000","2024-05-25T00:17:10.944Z","buy",
"2.22540000","2.14000000","2024-05-25T00:16:56.942Z","buy",
"2.22540000","1.13000000","2024-05-25T00:16:53.559Z","buy",
"2.22540000","3.11000000","2024-05-25T00:16:51.420Z","buy",
"2.22540000","1.20000000","2024-05-25T00:16:48.828Z","buy",
"2.22540000","2.26000000","2024-05-25T00:16:45.603Z","buy",
"2.22540000","3.85000000","2024-05-25T00:16:42.760Z","buy",
"2.22560000","52.00000000","2024-05-25T00:16:30.926Z","buy",
"2.22560000","30.66000000","2024-05-25T00:16:30.926Z","buy",
"2.22560000","52.66000000","2024-05-25T00:16:21.759Z","buy",
"2.22500000","77.77000000","2024-05-25T00:15:17.546Z","buy",
"2.22600000","79.36000000","2024-05-25T00:14:59.875Z","buy",
"2.22380000","86.04000000","2024-05-25T00:14:05.106Z","buy",
"2.22010000","85.71000000","2024-05-25T00:11:37.725Z","buy",
"2.21520000","85.96000000","2024-05-25T00:08:42.746Z","buy",
"2.21090000","4.48000000","2024-05-25T00:07:19.361Z","sell",
"2.21090000","4.48000000","2024-05-25T00:07:05.521Z","sell",
"2.20820000","2.18000000","2024-05-24T23:55:05.175Z","sell",
"2.21090000","105.00000000","2024-05-24T23:54:46.482Z","buy",
"2.21090000","170.00000000","2024-05-24T23:54:46.479Z","buy",
"2.21080000","58.00000000","2024-05-24T23:54:46.473Z","buy",
"2.21210000","2.00000000","2024-05-24T23:54:46.473Z","buy",
"2.22700000","93.14000000","2024-05-24T23:54:46.303Z","buy",
"2.21680000","55.49000000","2024-05-24T23:54:11.708Z","buy",
"2.21690000","0.52000000","2024-05-24T23:54:11.708Z","buy",
"2.22230000","92.82000000","2024-05-24T23:54:11.708Z","buy",
"2.21670000","141.66000000","2024-05-24T23:53:09.233Z","buy",
"2.21770000","38.95000000","2024-05-24T23:53:09.233Z","buy",
"2.21920000","60.71000000","2024-05-24T23:53:09.233Z","buy",
"2.21930000","5.32000000","2024-05-24T23:53:09.233Z","buy",
"2.23170000","130.84000000","2024-05-24T23:52:47.791Z","sell",
"2.23160000","2.28000000","2024-05-24T23:52:47.791Z","sell",
"2.24490000","3.50000000","2024-05-24T23:52:01.333Z","buy",
"2.24490000","65.00000000","2024-05-24T23:52:01.226Z","buy",
"2.24490000","3.87000000","2024-05-24T23:51:56.996Z","buy",
"2.24490000","4.38000000","2024-05-24T23:51:54.538Z","buy",
"2.24490000","3.17000000","2024-05-24T23:51:51.576Z","buy",
"2.24490000","4.20000000","2024-05-24T23:51:48.727Z","buy",
"2.23230000","2.00000000","2024-05-24T23:51:45.907Z","sell",
"2.23220000","2.42000000","2024-05-24T23:51:39.892Z","buy",
"2.23220000","3.54000000","2024-05-24T23:51:35.866Z","buy",
"2.23220000","3.72000000","2024-05-24T23:51:33.272Z","buy",
"2.23220000","1.87000000","2024-05-24T23:51:30.576Z","buy",
"2.23220000","2.54000000","2024-05-24T23:51:28.509Z","buy",
"2.23100000","0.72000000","2024-05-24T23:51:11.329Z","buy",
"2.22790000","2.50000000","2024-05-24T23:49:59.374Z","buy",
"2.22790000","1.95000000","2024-05-24T23:49:54.986Z","buy",
"2.22790000","4.41000000","2024-05-24T23:49:27.806Z","buy",
"2.22040000","3.81000000","2024-05-24T23:48:47.438Z","buy",
"2.21800000","4.03000000","2024-05-24T23:47:51.186Z","buy",
"2.21800000","1.58000000","2024-05-24T23:47:48.578Z","buy",
"2.21800000","4.35000000","2024-05-24T23:47:45.580Z","buy",
"2.21800000","2.68000000","2024-05-24T23:47:42.311Z","buy",
"2.21810000","8.26000000","2024-05-24T23:47:32.340Z","sell",
"2.21630000","4.24000000","2024-05-24T23:46:58.125Z","sell",
"2.20970000","821.17000000","2024-05-24T23:46:50.414Z","buy",
"2.21260000","394.99000000","2024-05-24T23:46:50.414Z","buy",
"2.21270000","0.66000000","2024-05-24T23:46:50.414Z","buy",
"2.21770000","4.24000000","2024-05-24T23:46:40.575Z","buy",
"2.21800000","1.84000000","2024-05-24T23:46:20.263Z","buy",
"2.21070000","2.16000000","2024-05-24T23:46:16.817Z","buy",
"2.21080000","5.11000000","2024-05-24T23:46:16.817Z","buy",
"2.21990000","2.96000000","2024-05-24T23:46:02.894Z","buy",
"2.21990000","1.48000000","2024-05-24T23:46:00.133Z","buy",
"2.21210000","2.00000000","2024-05-24T23:45:59.725Z","sell",
"2.21200000","3.00000000","2024-05-24T23:45:24.831Z","buy",
"2.21200000","2.07000000","2024-05-24T23:45:16.988Z","buy",
"2.21200000","2.64000000","2024-05-24T23:45:14.475Z","buy",
"2.21200000","1.36000000","2024-05-24T23:45:11.576Z","buy",
"2.21200000","3.21000000","2024-05-24T23:45:09.351Z","buy",
"2.21200000","1.68000000","2024-05-24T23:45:06.772Z","buy",
"2.21200000","0.05000000","2024-05-24T23:45:03.333Z","buy",
"2.21200000","3.91000000","2024-05-24T23:44:58.981Z","buy",
"2.20670000","0.05000000","2024-05-24T23:44:57.904Z","sell",
"2.20670000","0.05000000","2024-05-24T23:44:57.904Z","sell",
"2.20670000","0.05000000","2024-05-24T23:44:57.904Z","sell",
"2.20660000","18.27000000","2024-05-24T23:43:29.766Z","buy",
"2.20660000","72.56000000","2024-05-24T23:43:29.766Z","buy",
"2.20660000","1.12000000","2024-05-24T23:42:59.510Z","buy",
"2.20660000","2.24000000","2024-05-24T23:42:55.920Z","buy",
"2.20590000","5.14000000","2024-05-24T23:42:40.538Z","sell",
"2.20010000","3.59000000","2024-05-24T23:40:59.577Z","buy",
"2.20010000","1.51000000","2024-05-24T23:40:56.292Z","buy",
"2.20010000","0.94000000","2024-05-24T23:40:53.730Z","buy",
"2.19980000","2.90000000","2024-05-24T23:40:48.194Z","buy",
"2.19980000","0.97000000","2024-05-24T23:40:34.575Z","buy",
"2.19980000","1.40000000","2024-05-24T23:40:31.577Z","buy",
"2.19980000","3.35000000","2024-05-24T23:40:23.588Z","buy",
"2.19980000","3.81000000","2024-05-24T23:39:56.513Z","buy",
"2.19980000","1.49000000","2024-05-24T23:39:53.577Z","buy",
"2.19980000","1.25000000","2024-05-24T23:39:50.137Z","buy",
"2.19980000","2.18000000","2024-05-24T23:39:48.060Z","buy",
"2.19980000","1.59000000","2024-05-24T23:39:45.575Z","buy",
"2.19980000","0.95000000","2024-05-24T23:39:42.665Z","buy",
"2.19980000","2.27000000","2024-05-24T23:39:40.576Z","buy",
"2.19980000","3.38000000","2024-05-24T23:39:37.301Z","buy",
"2.19980000","1.43000000","2024-05-24T23:39:35.202Z","buy",
"2.19980000","2.74000000","2024-05-24T23:39:32.576Z","buy",
"2.19970000","3.63000000","2024-05-24T23:39:29.603Z","buy",
"2.19970000","2.34000000","2024-05-24T23:39:15.321Z","buy",
"2.19970000","2.87000000","2024-05-24T23:39:12.475Z","buy",
"2.19970000","2.37000000","2024-05-24T23:39:09.581Z","buy",
"2.19970000","3.35000000","2024-05-24T23:39:06.559Z","buy",
"2.19900000","83.53000000","2024-05-24T23:37:29.807Z","buy",
"2.19190000","2.00000000","2024-05-24T23:36:55.855Z","sell",
"2.18360000","313.20000000","2024-05-24T23:32:57.140Z","buy",
"2.18370000","5.15000000","2024-05-24T23:32:57.140Z","buy",
"2.18410000","22.51000000","2024-05-24T23:31:15.913Z","sell",
"2.18400000","4.55000000","2024-05-24T23:31:15.913Z","sell",
"2.17670000","4.59000000","2024-05-24T23:28:54.176Z","buy",
"2.17830000","300.79000000","2024-05-24T23:28:47.296Z","sell",
"2.17230000","4.11000000","2024-05-24T23:22:30.598Z","sell",
"2.17610000","4.00000000","2024-05-24T23:21:52.029Z","sell",
"2.17590000","59.99000000","2024-05-24T23:18:07.485Z","sell",
"2.17470000","0.05000000","2024-05-24T22:59:02.933Z","sell",
"2.17470000","0.63000000","2024-05-24T22:59:01.513Z","sell",
"2.16640000","99.98000000","2024-05-24T22:25:36.331Z","sell",
"2.16630000","0.53000000","2024-05-24T22:25:36.331Z","sell",
"2.16750000","3.19000000","2024-05-24T22:20:12.448Z","sell",
"2.16740000","6.18000000","2024-05-24T22:20:12.448Z","sell",
"2.16300000","49.26000000","2024-05-24T22:18:19.088Z","buy",
"2.16310000","0.47000000","2024-05-24T22:18:19.088Z","buy",
"2.16500000","0.35000000","2024-05-24T22:14:43.902Z","sell",
"2.16500000","0.85000000","2024-05-24T22:14:43.896Z","buy",
"2.16300000","75.34000000","2024-05-24T22:14:12.651Z","buy",
"2.16320000","582.06000000","2024-05-24T22:14:12.651Z","buy",
"2.16390000","0.05000000","2024-05-24T22:14:12.651Z","buy",
"2.16480000","1200.00000000","2024-05-24T22:14:12.651Z","buy",
"2.16490000","5.34000000","2024-05-24T22:14:12.651Z","buy",
"2.16630000","1.00000000","2024-05-24T22:10:29.867Z","buy",
"2.16690000","129.25000000","2024-05-24T22:08:13.022Z","sell",
"2.16680000","5.29000000","2024-05-24T22:08:13.022Z","sell",
"2.16960000","232.27000000","2024-05-24T22:07:18.730Z","buy",
"2.16630000","245.94000000","2024-05-24T22:04:38.268Z","buy",
"2.16700000","1170.01000000","2024-05-24T22:04:38.268Z","buy",
"2.16700000","4.46000000","2024-05-24T22:03:26.261Z","buy",
"2.16700000","25.53000000","2024-05-24T22:00:15.361Z","buy",
"2.16710000","5.29000000","2024-05-24T22:00:15.361Z","buy",
"2.16990000","40.01000000","2024-05-24T21:55:39.258Z","sell",
"2.16980000","5.61000000","2024-05-24T21:55:39.258Z","sell",
"2.16760000","52.80000000","2024-05-24T21:42:19.027Z","buy",
"2.16770000","5.61000000","2024-05-24T21:42:19.027Z","buy",
"2.16600000","23.81000000","2024-05-24T21:32:39.324Z","sell",
"2.16330000","267.97000000","2024-05-24T21:31:17.900Z","sell",
"2.16300000","165.00000000","2024-05-24T21:30:05.032Z","buy",
"2.16300000","180.00000000","2024-05-24T21:30:04.935Z","buy",
"2.16300000","2700.00000000","2024-05-24T21:30:04.908Z","buy",
"2.16300000","381.30000000","2024-05-24T21:30:04.874Z","buy",
"2.16730000","196.42000000","2024-05-24T21:29:06.889Z","sell",
"2.16370000","484.56000000","2024-05-24T21:26:27.869Z","sell",
"2.16420000","0.05000000","2024-05-24T21:26:22.467Z","buy",
"2.16580000","249.69000000","2024-05-24T21:24:38.871Z","sell",
"2.16580000","8.46000000","2024-05-24T21:24:34.650Z","sell",
"2.16630000","287.34000000","2024-05-24T21:22:10.339Z","sell",
"2.16980000","249.20000000","2024-05-24T21:17:51.815Z","sell",
"2.16970000","5.48000000","2024-05-24T21:17:51.815Z","sell",
"2.16880000","14.94000000","2024-05-24T21:16:52.025Z","buy",
"2.16890000","5.49000000","2024-05-24T21:16:52.025Z","buy",
"2.17350000","41.49000000","2024-05-24T21:15:34.947Z","sell",
"2.17340000","4.06000000","2024-05-24T21:15:34.947Z","sell",
"2.17340000","1.23000000","2024-05-24T21:15:30.068Z","sell",
"2.17920000","0.13000000","2024-05-24T21:08:43.312Z","sell",
"2.17680000","0.25000000","2024-05-24T21:07:18.626Z","sell",
"2.17220000","0.10000000","2024-05-24T21:02:29.796Z","buy",
"2.17320000","1.13000000","2024-05-24T21:00:30.094Z","buy",
"2.17330000","5.57000000","2024-05-24T21:00:30.094Z","buy",
"2.18020000","461.74000000","2024-05-24T20:58:36.195Z","sell",
"2.17680000","385.36000000","2024-05-24T20:58:36.195Z","sell",
"2.17640000","1200.00000000","2024-05-24T20:58:36.195Z","sell",
"2.17520000","246.42000000","2024-05-24T20:56:35.663Z","sell",
"2.17510000","4.30000000","2024-05-24T20:56:35.663Z","sell",
"2.17670000","0.96000000","2024-05-24T20:55:21.790Z","sell",
"2.17340000","22.33000000","2024-05-24T20:54:04.143Z","buy",
"2.17350000","5.29000000","2024-05-24T20:54:04.143Z","buy",
"2.17960000","169.06000000","2024-05-24T20:53:29.150Z","sell",
"2.18390000","257.70000000","2024-05-24T20:51:25.145Z","sell",
"2.18380000","1.22000000","2024-05-24T20:51:25.145Z","sell",
"2.17600000","0.99000000","2024-05-24T20:47:25.490Z","buy",
"2.18840000","22.21000000","2024-05-24T20:45:48.690Z","sell",
"2.18730000","44.35000000","2024-05-24T20:44:39.101Z","sell",
"2.17880000","558.50000000","2024-05-24T20:38:39.096Z","sell",
"2.17880000","406.96000000","2024-05-24T20:37:30.530Z","sell",
"2.17880000","54.54000000","2024-05-24T20:33:47.022Z","sell",
"2.18070000","100.00000000","2024-05-24T20:31:58.978Z","sell",
"2.18010000","25.35000000","2024-05-24T20:23:19.917Z","sell",
"2.17610000","0.23000000","2024-05-24T20:19:29.315Z","buy",
"2.17910000","1.32000000","2024-05-24T20:18:10.458Z","sell",
"2.17680000","44.74000000","2024-05-24T20:16:02.932Z","buy",
"2.17680000","1.54000000","2024-05-24T20:16:02.928Z","sell",
"2.17680000","1.55000000","2024-05-24T20:10:49.653Z","buy",
"2.17440000","0.05000000","2024-05-24T20:08:42.976Z","sell",
"2.17450000","0.05000000","2024-05-24T20:06:10.676Z","sell",
"2.18070000","0.05000000","2024-05-24T20:04:20.861Z","sell",
"2.18070000","222.97000000","2024-05-24T20:04:08.792Z","sell",
"2.17750000","0.05000000","2024-05-24T20:00:56.081Z","sell",
"2.17750000","49.07000000","2024-05-24T20:00:54.181Z","sell",
"2.17740000","0.55000000","2024-05-24T20:00:54.181Z","sell",
"2.17310000","0.49000000","2024-05-24T20:00:52.253Z","buy",
"2.17580000","8.94000000","2024-05-24T19:59:36.440Z","sell",
"2.17070000","142.97000000","2024-05-24T19:56:12.436Z","sell",
"2.17060000","6.24000000","2024-05-24T19:56:12.436Z","sell",
"2.16440000","20.26000000","2024-05-24T19:54:21.465Z","buy",
"2.16450000","0.60000000","2024-05-24T19:54:21.465Z","buy",
"2.16420000","27.08000000","2024-05-24T19:52:54.088Z","buy",
"2.16430000","5.65000000","2024-05-24T19:52:54.088Z","buy",
"2.16720000","180.34000000","2024-05-24T19:52:26.606Z","sell",
"2.16710000","5.61000000","2024-05-24T19:52:26.606Z","sell",
"2.16440000","20.57000000","2024-05-24T19:50:01.674Z","buy",
"2.16450000","5.61000000","2024-05-24T19:50:01.674Z","buy",
"2.16500000","106.83000000","2024-05-24T19:49:36.592Z","sell",
"2.16440000","386.71000000","2024-05-24T19:49:36.592Z","sell",
"2.16460000","7.01000000","2024-05-24T19:49:20.078Z","sell",
"2.16280000","383.51000000","2024-05-24T19:49:20.078Z","sell",
"2.16360000","12.82000000","2024-05-24T19:48:04.646Z","sell",
"2.16490000","35.39000000","2024-05-24T19:45:55.060Z","sell",
"2.16480000","5.27000000","2024-05-24T19:45:55.060Z","sell",
"2.16120000","251.33000000","2024-05-24T19:45:48.914Z","buy",
"2.16130000","5.27000000","2024-05-24T19:45:48.914Z","buy",
"2.16910000","123.86000000","2024-05-24T19:44:52.057Z","sell",
"2.16800000","480.49000000","2024-05-24T19:44:52.057Z","sell",
"2.16710000","1200.00000000","2024-05-24T19:44:52.057Z","sell",
"2.16500000","392.39000000","2024-05-24T19:44:52.057Z","sell",
"2.16870000","124.70000000","2024-05-24T19:43:08.261Z","sell",
"2.16920000","49.75000000","2024-05-24T19:41:48.524Z","sell",
"2.16920000","44.77000000","2024-05-24T19:41:46.015Z","sell",
"2.16920000","0.46000000","2024-05-24T19:41:33.553Z","sell",
"2.16940000","372.45000000","2024-05-24T19:40:11.232Z","sell",
"2.16860000","1200.00000000","2024-05-24T19:40:11.232Z","sell",
"2.16830000","388.05000000","2024-05-24T19:40:11.232Z","sell",
"2.16940000","49.78000000","2024-05-24T19:38:58.239Z","sell",
"2.16900000","0.05000000","2024-05-24T19:38:40.025Z","buy",
"2.17340000","256.06000000","2024-05-24T19:34:08.200Z","sell",
"2.17570000","243.00000000","2024-05-24T19:31:50.680Z","sell",
"2.17560000","5.45000000","2024-05-24T19:31:50.680Z","sell",
"2.16930000","92.01000000","2024-05-24T19:28:31.515Z","buy",
"2.16990000","45.30000000","2024-05-24T19:27:13.284Z","buy",
"2.17000000","0.69000000","2024-05-24T19:27:13.284Z","buy",
"2.16990000","21.72000000","2024-05-24T19:26:40.137Z","buy",
"2.17000000","4.77000000","2024-05-24T19:26:40.137Z","buy",
"2.17420000","0.91000000","2024-05-24T19:26:11.508Z","sell",
"2.17420000","255.64000000","2024-05-24T19:25:41.135Z","sell",
"2.17410000","4.95000000","2024-05-24T19:25:41.135Z","sell",
"2.17060000","143.50000000","2024-05-24T19:25:13.872Z","buy",
"2.17070000","4.72000000","2024-05-24T19:25:13.872Z","buy",
"2.17330000","17.40000000","2024-05-24T19:25:13.872Z","buy",
"2.17420000","22.36000000","2024-05-24T19:25:11.131Z","sell",
"2.17890000","1.00000000","2024-05-24T19:12:33.084Z","sell",
"2.18430000","88.08000000","2024-05-24T19:10:26.025Z","sell",
"2.18430000","135.00000000","2024-05-24T19:10:25.969Z","sell",
"2.18430000","165.00000000","2024-05-24T19:10:25.957Z","sell",
"2.17700000","0.23000000","2024-05-24T19:03:14.694Z","buy",
"2.18130000","13.09000000","2024-05-24T19:01:56.454Z","sell",
"2.17540000","275.43000000","2024-05-24T18:50:47.645Z","buy",
"2.17980000","54.80000000","2024-05-24T18:48:37.861Z","sell",
"2.17970000","4.62000000","2024-05-24T18:48:37.861Z","sell",
"2.17610000","4.98000000","2024-05-24T18:47:40.329Z","buy",
"2.17620000","4.62000000","2024-05-24T18:47:40.329Z","buy",
"2.18220000","6.70000000","2024-05-24T18:38:50.417Z","sell",
"2.17900000","0.09000000","2024-05-24T18:36:14.533Z","sell",
"2.17900000","111.40000000","2024-05-24T18:36:06.748Z","sell",
"2.18220000","123.42000000","2024-05-24T18:34:47.536Z","sell",
"2.18220000","9.50000000","2024-05-24T18:34:39.118Z","sell",
"2.18760000","77.01000000","2024-05-24T18:30:46.414Z","sell",
"2.18860000","0.87000000","2024-05-24T18:26:09.232Z","sell",
"2.18860000","1.32000000","2024-05-24T18:25:40.035Z","sell",
"2.18620000","397.91000000","2024-05-24T18:22:21.962Z","buy",
"2.19000000","8.59000000","2024-05-24T18:19:13.742Z","sell",
"2.18890000","30.37000000","2024-05-24T18:17:50.088Z","sell",
"2.18430000","26.77000000","2024-05-24T18:15:07.016Z","sell",
"2.18750000","21.73000000","2024-05-24T18:14:18.066Z","sell",
"2.19170000","180.37000000","2024-05-24T18:14:07.049Z","sell",
"2.18790000","395.52000000","2024-05-24T18:14:07.049Z","sell",
"2.18900000","478.08000000","2024-05-24T18:14:06.045Z","sell",
"2.18900000","456.80000000","2024-05-24T18:14:06.045Z","sell",
"2.18860000","513.41000000","2024-05-24T18:14:06.045Z","sell",
"2.18610000","1200.00000000","2024-05-24T18:14:06.045Z","sell",
"2.18450000","383.75000000","2024-05-24T18:14:06.045Z","sell",
"2.18170000","37.82000000","2024-05-24T18:14:06.045Z","sell",
"2.18170000","1.27000000","2024-05-24T18:13:44.346Z","sell",
"2.17640000","25.67000000","2024-05-24T18:11:15.020Z","sell",
"2.17700000","47.53000000","2024-05-24T18:10:21.238Z","sell",
"2.17680000","20.00000000","2024-05-24T18:07:27.396Z","sell",
"2.16910000","235.05000000","2024-05-24T18:06:50.995Z","sell",
"2.16900000","4.83000000","2024-05-24T18:06:50.995Z","sell",
"2.16370000","29.47000000","2024-05-24T18:04:17.446Z","buy",
"2.16380000","4.87000000","2024-05-24T18:04:17.446Z","buy",
"2.16530000","3.03000000","2024-05-24T18:03:44.422Z","sell",
"2.16750000","68.51000000","2024-05-24T18:01:58.003Z","sell",
"2.16750000","31.92000000","2024-05-24T18:01:22.059Z","sell",
"2.16740000","0.81000000","2024-05-24T18:01:22.059Z","sell",
"2.16340000","0.81000000","2024-05-24T17:55:01.779Z","buy",
"2.16880000","2.29000000","2024-05-24T17:54:51.745Z","sell",
"2.16880000","14.34000000","2024-05-24T17:51:56.865Z","sell",
"2.16580000","27.52000000","2024-05-24T17:50:38.181Z","sell",
"2.16480000","118.71000000","2024-05-24T17:50:04.870Z","sell",
"2.16270000","397.18000000","2024-05-24T17:50:04.870Z","sell",
"2.16360000","43.74000000","2024-05-24T17:49:51.959Z","sell",
"2.16000000","26.30000000","2024-05-24T17:49:48.055Z","buy",
"2.16360000","3.18000000","2024-05-24T17:49:42.963Z","sell",
"2.16240000","285.07000000","2024-05-24T17:49:06.345Z","sell",
"2.16280000","285.04000000","2024-05-24T17:49:02.850Z","sell",
"2.16280000","285.04000000","2024-05-24T17:48:59.842Z","sell",
"2.16280000","151.66000000","2024-05-24T17:48:56.363Z","sell",
"2.16250000","133.30000000","2024-05-24T17:48:56.363Z","sell",
"2.16250000","285.06000000","2024-05-24T17:48:53.369Z","sell",
"2.16250000","285.07000000","2024-05-24T17:48:50.344Z","sell",
"2.16250000","285.06000000","2024-05-24T17:48:47.616Z","sell",
"2.16250000","211.51000000","2024-05-24T17:48:44.625Z","sell",
"2.16280000","211.49000000","2024-05-24T17:48:40.835Z","sell",
"2.16250000","211.51000000","2024-05-24T17:48:37.846Z","sell",
"2.16240000","211.53000000","2024-05-24T17:48:34.831Z","sell",
"2.16240000","211.53000000","2024-05-24T17:48:31.344Z","sell",
"2.16210000","211.56000000","2024-05-24T17:48:28.335Z","sell",
"2.16170000","211.59000000","2024-05-24T17:48:24.831Z","sell",
"2.16170000","211.58000000","2024-05-24T17:48:21.354Z","sell",
"2.16170000","211.59000000","2024-05-24T17:48:18.328Z","sell",
"2.16170000","257.58000000","2024-05-24T17:48:15.343Z","sell",
"2.16170000","257.59000000","2024-05-24T17:48:12.376Z","sell",
"2.16170000","257.58000000","2024-05-24T17:48:09.328Z","sell",
"2.16170000","257.56000000","2024-05-24T17:48:06.327Z","sell",
"2.16140000","257.60000000","2024-05-24T17:48:03.330Z","sell",
"2.16140000","259.96000000","2024-05-24T17:48:00.331Z","sell",
"2.16330000","95.63000000","2024-05-24T17:47:57.346Z","sell",
"2.16330000","161.85000000","2024-05-24T17:47:57.346Z","sell",
"2.16260000","245.16000000","2024-05-24T17:47:56.933Z","sell",
"2.16330000","257.41000000","2024-05-24T17:47:51.331Z","sell",
"2.16330000","780.74000000","2024-05-24T17:47:32.328Z","sell",
"2.16000000","0.15000000","2024-05-24T17:47:32.327Z","buy",
"2.16480000","24.81000000","2024-05-24T17:47:06.191Z","sell",
"2.16480000","366.47000000","2024-05-24T17:46:55.203Z","sell",
"2.16120000","1.77000000","2024-05-24T17:46:40.066Z","buy",
"2.16680000","13.24000000","2024-05-24T17:46:22.256Z","buy",
"2.17470000","410.26000000","2024-05-24T17:42:55.796Z","sell",
"2.17430000","5.85000000","2024-05-24T17:41:22.827Z","sell",
"2.17420000","0.83000000","2024-05-24T17:41:22.827Z","sell",
"2.16770000","0.80000000","2024-05-24T17:39:01.973Z","buy",
"2.16830000","1.05000000","2024-05-24T17:35:25.699Z","sell",
"2.16770000","254.32000000","2024-05-24T17:35:06.735Z","sell",
"2.16820000","48.84000000","2024-05-24T17:33:36.633Z","buy",
"2.16890000","0.94000000","2024-05-24T17:33:36.584Z","sell",
"2.16880000","3.20000000","2024-05-24T17:33:36.584Z","sell",
"2.16920000","2.75000000","2024-05-24T17:33:23.522Z","sell",
"2.17170000","2.00000000","2024-05-24T17:33:23.303Z","buy",
"2.17500000","75.00000000","2024-05-24T17:31:27.246Z","buy",
"2.17500000","0.30000000","2024-05-24T17:31:18.924Z","buy",
"2.18170000","2.27000000","2024-05-24T17:29:23.882Z","sell",
"2.18170000","1.18000000","2024-05-24T17:28:51.160Z","sell",
"2.17950000","82.40000000","2024-05-24T17:28:21.553Z","buy",
"2.17960000","0.58000000","2024-05-24T17:28:21.553Z","buy",
"2.17630000","2.42000000","2024-05-24T17:26:41.099Z","buy",
"2.17830000","398.30000000","2024-05-24T17:26:41.099Z","buy",
"2.17840000","0.95000000","2024-05-24T17:26:41.099Z","buy",
"2.18380000","0.12000000","2024-05-24T17:24:51.191Z","sell",
"2.18380000","0.17000000","2024-05-24T17:24:25.855Z","sell",
"2.17810000","883.62000000","2024-05-24T17:24:15.143Z","buy",
"2.17890000","501.79000000","2024-05-24T17:24:15.143Z","buy",
"2.17970000","1200.00000000","2024-05-24T17:24:15.143Z","buy",
"2.18080000","380.10000000","2024-05-24T17:24:15.143Z","buy",
"2.18090000","4.69000000","2024-05-24T17:24:15.143Z","buy",
"2.18300000","5.00000000","2024-05-24T17:24:15.143Z","buy",
"2.18550000","13.59000000","2024-05-24T17:23:38.743Z","sell",
"2.18550000","326.21000000","2024-05-24T17:21:37.131Z","sell",
"2.18540000","5.62000000","2024-05-24T17:21:37.131Z","sell",
"2.18190000","71.07000000","2024-05-24T17:16:26.602Z","buy",
"2.17940000","1.91000000","2024-05-24T17:14:25.793Z","sell",
"2.17940000","0.75000000","2024-05-24T17:14:25.788Z","buy",
"2.17680000","1300.18000000","2024-05-24T17:14:17.064Z","buy",
"2.17750000","62.59000000","2024-05-24T17:14:17.064Z","buy",
"2.17800000","1.13000000","2024-05-24T17:14:17.064Z","buy",
"2.17840000","1200.00000000","2024-05-24T17:14:17.064Z","buy",
"2.18010000","391.45000000","2024-05-24T17:14:17.064Z","buy",
"2.18020000","4.88000000","2024-05-24T17:14:17.064Z","buy",
"2.18080000","14.97000000","2024-05-24T17:14:17.064Z","buy",
"2.18460000","52.25000000","2024-05-24T17:14:02.570Z","sell",
"2.18450000","4.93000000","2024-05-24T17:14:02.570Z","sell",
"2.18860000","86.34000000","2024-05-24T17:10:16.698Z","buy",
"2.18870000","4.96000000","2024-05-24T17:10:16.698Z","buy",
"2.18900000","0.45000000","2024-05-24T17:09:01.018Z","buy",
"2.19380000","48.80000000","2024-05-24T17:07:14.357Z","sell",
"2.20010000","45.32000000","2024-05-24T16:56:12.828Z","sell",
"2.20010000","0.04000000","2024-05-24T16:55:32.476Z","sell",
"2.19090000","242.10000000","2024-05-24T16:48:25.563Z","sell",
"2.19190000","2.00000000","2024-05-24T16:47:10.174Z","buy",
"2.19760000","1.93000000","2024-05-24T16:45:41.585Z","sell",
"2.19850000","47.35000000","2024-05-24T16:44:14.150Z","sell",
"2.19850000","53.19000000","2024-05-24T16:43:27.401Z","sell",
"2.19910000","48.72000000","2024-05-24T16:39:38.794Z","sell",
"2.19900000","1.28000000","2024-05-24T16:39:38.794Z","sell",
"2.19850000","4.50000000","2024-05-24T16:36:55.913Z","sell",
"2.19890000","18.85000000","2024-05-24T16:28:57.233Z","buy",
"2.19900000","0.48000000","2024-05-24T16:28:57.233Z","buy",
"2.19570000","507.11000000","2024-05-24T16:17:48.239Z","buy",
"2.19580000","0.88000000","2024-05-24T16:17:48.239Z","buy",
"2.19640000","4.39000000","2024-05-24T16:16:36.414Z","buy",
"2.20100000","1.76000000","2024-05-24T16:16:02.788Z","sell",
"2.20100000","0.05000000","2024-05-24T16:15:42.395Z","sell",
"2.20280000","4.39000000","2024-05-24T16:15:23.560Z","sell",
"2.21120000","43.10000000","2024-05-24T16:04:18.552Z","sell",
"2.21070000","247.51000000","2024-05-24T15:56:47.647Z","sell",
"2.21060000","4.84000000","2024-05-24T15:56:47.647Z","sell",
"2.20580000","367.83000000","2024-05-24T15:56:02.598Z","buy",
"2.20590000","4.84000000","2024-05-24T15:56:02.598Z","buy",
"2.20680000","43.20000000","2024-05-24T15:54:35.445Z","sell",
"2.20620000","209.14000000","2024-05-24T15:54:33.627Z","sell",
"2.20610000","4.80000000","2024-05-24T15:54:33.627Z","sell",
"2.20680000","39.80000000","2024-05-24T15:53:14.055Z","buy",
"2.20750000","391.07000000","2024-05-24T15:52:30.078Z","buy",
"2.20760000","4.80000000","2024-05-24T15:52:30.078Z","buy",
"2.21210000","2.00000000","2024-05-24T15:52:30.078Z","buy",
"2.21350000","39.86000000","2024-05-24T15:47:35.383Z","sell",
"2.21340000","4.87000000","2024-05-24T15:47:35.383Z","sell",
"2.21700000","0.05000000","2024-05-24T15:44:10.244Z","buy",
"2.21980000","0.01000000","2024-05-24T15:42:05.181Z","buy",
"2.21990000","4.87000000","2024-05-24T15:42:05.181Z","buy",
"2.23230000","2.00000000","2024-05-24T15:37:04.142Z","buy",
"2.24140000","2.36000000","2024-05-24T15:35:00.484Z","sell",
"2.24230000","29.15000000","2024-05-24T15:26:56.599Z","sell",
"2.24140000","13.09000000","2024-05-24T15:25:52.657Z","buy",
"2.24390000","82.98000000","2024-05-24T15:25:39.078Z","sell",
"2.24000000","45.34000000","2024-05-24T15:23:38.697Z","sell",
"2.24630000","395.80000000","2024-05-24T15:20:21.602Z","buy",
"2.25030000","37.37000000","2024-05-24T15:19:36.437Z","buy",
"2.26050000","0.05000000","2024-05-24T15:18:44.098Z","sell",
"2.25820000","220.00000000","2024-05-24T15:18:41.497Z","sell",
"2.25750000","39.80000000","2024-05-24T15:18:41.280Z","sell",
"2.25270000","14.97000000","2024-05-24T15:18:41.280Z","sell",
"2.25250000","2.00000000","2024-05-24T15:18:41.280Z","sell",
"2.24740000","537.68000000","2024-05-24T15:18:26.561Z","sell",
"2.24160000","1071.08000000","2024-05-24T15:18:26.125Z","sell",
"2.23400000","344.90000000","2024-05-24T15:16:01.560Z","sell",
"2.23300000","380.19000000","2024-05-24T15:16:01.560Z","sell",
"2.23530000","335.21000000","2024-05-24T15:14:16.008Z","sell",
"2.23400000","160.80000000","2024-05-24T15:14:16.008Z","sell",
"2.23310000","90.01000000","2024-05-24T15:14:16.008Z","sell",
"2.23270000","202.09000000","2024-05-24T15:14:16.008Z","sell",
"2.23260000","68.92000000","2024-05-24T15:14:16.008Z","sell",
"2.23230000","2.00000000","2024-05-24T15:14:16.008Z","sell",
"2.23130000","468.42000000","2024-05-24T15:14:16.008Z","sell",
"2.23110000","523.27000000","2024-05-24T15:14:16.008Z","sell",
"2.22870000","384.45000000","2024-05-24T15:14:16.008Z","sell",
"2.22800000","1200.00000000","2024-05-24T15:14:16.008Z","sell",
"2.22790000","4.83000000","2024-05-24T15:14:16.008Z","sell",
"2.22320000","158.41000000","2024-05-24T15:13:23.822Z","buy",
"2.22330000","4.86000000","2024-05-24T15:13:23.822Z","buy",
"2.22220000","89.10000000","2024-05-24T15:08:07.765Z","sell",
"2.22220000","4.01000000","2024-05-24T15:07:16.676Z","sell",
"2.22180000","70.42000000","2024-05-24T14:59:23.712Z","sell",
"2.22160000","158.23000000","2024-05-24T14:59:23.712Z","sell",
"2.21480000","11.17000000","2024-05-24T14:53:09.954Z","sell",
"2.21470000","29.30000000","2024-05-24T14:52:06.817Z","sell",
"2.21500000","51.55000000","2024-05-24T14:51:54.826Z","sell",
"2.21490000","0.98000000","2024-05-24T14:51:54.826Z","sell",
"2.21160000","0.98000000","2024-05-24T14:50:56.484Z","buy",