"price","volume","timestamp","type"
"167.1","63.92534264","2024-05-25T20:25:52.588Z","ask"
"167.11","11.10619815","2024-05-25T20:25:52.588Z","ask"
"167.12","56.20153154","2024-05-25T20:25:52.588Z","ask"
"167.13","95.82741428","2024-05-25T20:25:52.588Z","ask"
"167.14","61.18072535","2024-05-25T20:25:52.588Z","ask"
"167.15","40.94505079","2024-05-25T20:25:52.588Z","ask"
"167.16","24.93795315","2024-05-25T20:25:52.588Z","ask"
"167.17","12.8663035","2024-05-25T20:25:52.588Z","ask"
"167.18","152.81438452","2024-05-25T20:25:52.588Z","ask"
"167.19","535.1546629","2024-05-25T20:25:52.588Z","ask"
"167.2","199.26127674","2024-05-25T20:25:52.588Z","ask"
"167.21","112.76538712","2024-05-25T20:25:52.588Z","ask"
"167.22","50.89677955","2024-05-25T20:25:52.588Z","ask"
"167.23","77.67410004","2024-05-25T20:25:52.588Z","ask"
"167.24","97.79972277","2024-05-25T20:25:52.588Z","ask"
"167.25","847.93805377","2024-05-25T20:25:52.588Z","ask"
"167.26","63.9507518","2024-05-25T20:25:52.588Z","ask"
"167.27","423.614","2024-05-25T20:25:52.588Z","ask"
"167.28","189.77119984","2024-05-25T20:25:52.588Z","ask"
"167.29","33.7330936","2024-05-25T20:25:52.588Z","ask"
"167.3","5.36108315","2024-05-25T20:25:52.588Z","ask"
"167.32","179.33510402","2024-05-25T20:25:52.588Z","ask"
"167.35","30","2024-05-25T20:25:52.588Z","ask"
"167.36","19.99","2024-05-25T20:25:52.588Z","ask"
"167.37","8","2024-05-25T20:25:52.588Z","ask"
"167.38","119.49382105","2024-05-25T20:25:52.588Z","ask"
"167.39","1080.5407642","2024-05-25T20:25:52.588Z","ask"
"167.4","1092.75803141","2024-05-25T20:25:52.588Z","ask"
"167.41","14.59754235","2024-05-25T20:25:52.588Z","ask"
"167.43","12.9467029","2024-05-25T20:25:52.588Z","ask"
"167.44","77.93896894","2024-05-25T20:25:52.588Z","ask"
"167.45","3972.50483224","2024-05-25T20:25:52.588Z","ask"
"167.46","1039.99","2024-05-25T20:25:52.588Z","ask"
"167.49","238.82893307","2024-05-25T20:25:52.588Z","ask"
"167.5","0.00324613","2024-05-25T20:25:52.588Z","ask"
"167.59","559.98911348","2024-05-25T20:25:52.588Z","ask"
"167.64","67.5094346","2024-05-25T20:25:52.588Z","ask"
"167.68","0.5987596","2024-05-25T20:25:52.588Z","ask"
"167.69","741.44600092","2024-05-25T20:25:52.588Z","ask"
"167.77","0.00000126","2024-05-25T20:25:52.588Z","ask"
"167.8","20.36922976","2024-05-25T20:25:52.588Z","ask"
"167.83","258.76614266","2024-05-25T20:25:52.588Z","ask"
"167.84","68.02754093","2024-05-25T20:25:52.588Z","ask"
"167.86","1589.90795172","2024-05-25T20:25:52.588Z","ask"
"167.89","2601.7210302","2024-05-25T20:25:52.588Z","ask"
"167.91","357.3482286","2024-05-25T20:25:52.588Z","ask"
"167.93","0.98868293","2024-05-25T20:25:52.588Z","ask"
"167.94","0.00299363","2024-05-25T20:25:52.588Z","ask"
"167.95","0.0362182","2024-05-25T20:25:52.588Z","ask"
"167.97","419.54160649","2024-05-25T20:25:52.588Z","ask"
"167.99","0.45","2024-05-25T20:25:52.588Z","ask"
"168","24.31621411","2024-05-25T20:25:52.588Z","ask"
"168.03","34.37382218","2024-05-25T20:25:52.588Z","ask"
"168.04","67.5094346","2024-05-25T20:25:52.588Z","ask"
"168.1","298.5288841","2024-05-25T20:25:52.588Z","ask"
"168.12","41.14952059","2024-05-25T20:25:52.588Z","ask"
"168.18","29.42282647","2024-05-25T20:25:52.588Z","ask"
"168.19","0.00298918","2024-05-25T20:25:52.588Z","ask"
"168.22","42.88866521","2024-05-25T20:25:52.588Z","ask"
"168.24","74.37079047","2024-05-25T20:25:52.588Z","ask"
"168.26","30.8717895","2024-05-25T20:25:52.588Z","ask"
"168.27","0.1462774","2024-05-25T20:25:52.588Z","ask"
"168.28","0.23928731","2024-05-25T20:25:52.588Z","ask"
"168.3","0.00000002","2024-05-25T20:25:52.588Z","ask"
"168.34","0.00001513","2024-05-25T20:25:52.588Z","ask"
"168.42","32.36911245","2024-05-25T20:25:52.588Z","ask"
"168.43","0.58348501","2024-05-25T20:25:52.588Z","ask"
"168.44","66.3630039","2024-05-25T20:25:52.588Z","ask"
"168.45","2.05398485","2024-05-25T20:25:52.588Z","ask"
"168.47","1.57822275","2024-05-25T20:25:52.588Z","ask"
"168.48","0.00899658","2024-05-25T20:25:52.588Z","ask"
"168.5","445.77900086","2024-05-25T20:25:52.588Z","ask"
"168.51","0.07360057","2024-05-25T20:25:52.588Z","ask"
"168.52","0.28672311","2024-05-25T20:25:52.588Z","ask"
"168.54","1","2024-05-25T20:25:52.588Z","ask"
"168.57","12.9078758","2024-05-25T20:25:52.588Z","ask"
"168.62","42.2689525","2024-05-25T20:25:52.588Z","ask"
"168.63","0.32981602","2024-05-25T20:25:52.588Z","ask"
"168.64","66.23699095","2024-05-25T20:25:52.588Z","ask"
"168.67","40.30570097","2024-05-25T20:25:52.588Z","ask"
"168.69","0.00298032","2024-05-25T20:25:52.588Z","ask"
"168.7","358.54564947","2024-05-25T20:25:52.588Z","ask"
"168.71","0.31025945","2024-05-25T20:25:52.588Z","ask"
"168.72","26.44032225","2024-05-25T20:25:52.588Z","ask"
"168.73","1061.435874","2024-05-25T20:25:52.588Z","ask"
"168.74","0.74393009","2024-05-25T20:25:52.588Z","ask"
"168.75","50","2024-05-25T20:25:52.588Z","ask"
"168.78","1435.84835802","2024-05-25T20:25:52.588Z","ask"
"168.79","62.58510762","2024-05-25T20:25:52.588Z","ask"
"168.8","2.99587984","2024-05-25T20:25:52.588Z","ask"
"168.81","0.00000001","2024-05-25T20:25:52.588Z","ask"
"168.82","6.7792912","2024-05-25T20:25:52.588Z","ask"
"168.84","34.63539715","2024-05-25T20:25:52.588Z","ask"
"168.86","0.51495471","2024-05-25T20:25:52.588Z","ask"
"168.87","53.61683643","2024-05-25T20:25:52.588Z","ask"
"168.89","0.01795239","2024-05-25T20:25:52.588Z","ask"
"168.9","0.00598413","2024-05-25T20:25:52.588Z","ask"
"168.93","0.40378048","2024-05-25T20:25:52.588Z","ask"
"168.94","0.00297591","2024-05-25T20:25:52.588Z","ask"
"168.95","0.01413393","2024-05-25T20:25:52.588Z","ask"
"168.96","143.76071972","2024-05-25T20:25:52.588Z","ask"
"168.99","0.03","2024-05-25T20:25:52.588Z","ask"
"169","45.82728844","2024-05-25T20:25:52.588Z","ask"
"169.04","0.57942298","2024-05-25T20:25:52.588Z","ask"
"169.07","3.29295558","2024-05-25T20:25:52.588Z","ask"
"169.1","7.5047619","2024-05-25T20:25:52.588Z","ask"
"169.11","473.08899579","2024-05-25T20:25:52.588Z","ask"
"169.15","0.66977878","2024-05-25T20:25:52.588Z","ask"
"169.16","0.23599945","2024-05-25T20:25:52.588Z","ask"
"169.17","0.118","2024-05-25T20:25:52.588Z","ask"
"169.19","0.00297152","2024-05-25T20:25:52.588Z","ask"
"169.21","530.29015428","2024-05-25T20:25:52.588Z","ask"
"169.24","0.15066567","2024-05-25T20:25:52.588Z","ask"
"169.28","0.1259966","2024-05-25T20:25:52.588Z","ask"
"169.29","15","2024-05-25T20:25:52.588Z","ask"
"169.31","2.33769459","2024-05-25T20:25:52.588Z","ask"
"169.33","0.05317406","2024-05-25T20:25:52.588Z","ask"
"169.37","38.54343724","2024-05-25T20:25:52.588Z","ask"
"169.38","59.63084405","2024-05-25T20:25:52.588Z","ask"
"169.39","9.10262973","2024-05-25T20:25:52.588Z","ask"
"169.4","0.00613497","2024-05-25T20:25:52.588Z","ask"
"169.42","34.41009739","2024-05-25T20:25:52.588Z","ask"
"169.43","59.09263667","2024-05-25T20:25:52.588Z","ask"
"169.44","0.00296713","2024-05-25T20:25:52.588Z","ask"
"169.45","0.12052788","2024-05-25T20:25:52.588Z","ask"
"169.46","0.24806789","2024-05-25T20:25:52.588Z","ask"
"169.47","0.07087234","2024-05-25T20:25:52.588Z","ask"
"169.48","50.88271107","2024-05-25T20:25:52.588Z","ask"
"169.5","0.07086396","2024-05-25T20:25:52.588Z","ask"
"169.52","0.03542779","2024-05-25T20:25:52.588Z","ask"
"169.53","0.15766089","2024-05-25T20:25:52.588Z","ask"
"169.54","29.90294027","2024-05-25T20:25:52.588Z","ask"
"169.55","0.87792952","2024-05-25T20:25:52.588Z","ask"
"169.56","0.03541733","2024-05-25T20:25:52.588Z","ask"
"169.57","0.28828506","2024-05-25T20:25:52.588Z","ask"
"169.58","0.07082838","2024-05-25T20:25:52.588Z","ask"
"169.59","1.0234964","2024-05-25T20:25:52.588Z","ask"
"169.6","0.14163379","2024-05-25T20:25:52.588Z","ask"
"169.61","42.39312115","2024-05-25T20:25:52.588Z","ask"
"169.62","0.03540478","2024-05-25T20:25:52.588Z","ask"
"169.63","1179.34698189","2024-05-25T20:25:52.588Z","ask"
"169.64","2.24733231","2024-05-25T20:25:52.588Z","ask"
"169.65","1.07079286","2024-05-25T20:25:52.588Z","ask"
"169.66","0.14158987","2024-05-25T20:25:52.588Z","ask"
"169.68","0.08319192","2024-05-25T20:25:52.588Z","ask"
"169.69","0.03835292","2024-05-25T20:25:52.588Z","ask"
"169.73","0.03538181","2024-05-25T20:25:52.588Z","ask"
"169.75","6.23343056","2024-05-25T20:25:52.588Z","ask"
"169.79","0.07450395","2024-05-25T20:25:52.588Z","ask"
"169.8","2488.92559521","2024-05-25T20:25:52.588Z","ask"
"169.84","0.03536093","2024-05-25T20:25:52.588Z","ask"
"169.85","1.2091349","2024-05-25T20:25:52.588Z","ask"
"169.86","0.07071352","2024-05-25T20:25:52.588Z","ask"
"169.87","1.38946894","2024-05-25T20:25:52.588Z","ask"
"169.88","0.03535051","2024-05-25T20:25:52.588Z","ask"
"169.89","0.07069686","2024-05-25T20:25:52.588Z","ask"
"169.92","0.21206556","2024-05-25T20:25:52.588Z","ask"
"169.93","0.64231637","2024-05-25T20:25:52.588Z","ask"
"169.94","0.17964845","2024-05-25T20:25:52.588Z","ask"
"169.95","3","2024-05-25T20:25:52.588Z","ask"
"169.97","0.00973977","2024-05-25T20:25:52.588Z","ask"
"169.98","2530.30062768","2024-05-25T20:25:52.588Z","ask"
"169.99","800","2024-05-25T20:25:52.588Z","ask"
"170","2140.78547342","2024-05-25T20:25:52.588Z","ask"
"170.02","0.10596408","2024-05-25T20:25:52.588Z","ask"
"170.06","0.28633656","2024-05-25T20:25:52.588Z","ask"
"170.07","0.07062399","2024-05-25T20:25:52.588Z","ask"
"170.08","0.07061776","2024-05-25T20:25:52.588Z","ask"
"170.1","0.14121888","2024-05-25T20:25:52.588Z","ask"
"170.11","0.3530264","2024-05-25T20:25:52.588Z","ask"
"170.12","0.37248614","2024-05-25T20:25:52.588Z","ask"
"170.13","0.1058913","2024-05-25T20:25:52.588Z","ask"
"170.14","0.30327415","2024-05-25T20:25:52.588Z","ask"
"170.15","1.57792138","2024-05-25T20:25:52.588Z","ask"
"170.18","0.05290819","2024-05-25T20:25:52.588Z","ask"
"170.19","107.30142241","2024-05-25T20:25:52.588Z","ask"
"170.2","0.03528187","2024-05-25T20:25:52.588Z","ask"
"170.21","7.68779156","2024-05-25T20:25:52.588Z","ask"
"170.22","70.0673445","2024-05-25T20:25:52.588Z","ask"
"170.24","2.1794157","2024-05-25T20:25:52.588Z","ask"
"170.25","80.13682839","2024-05-25T20:25:52.588Z","ask"
"170.26","1.36923687","2024-05-25T20:25:52.588Z","ask"
"170.27","0.2116206","2024-05-25T20:25:52.588Z","ask"
"170.28","0.2468631","2024-05-25T20:25:52.588Z","ask"
"170.29","0.01910342","2024-05-25T20:25:52.588Z","ask"
"170.3","0.69900937","2024-05-25T20:25:52.588Z","ask"
"170.31","0.14104448","2024-05-25T20:25:52.588Z","ask"
"170.33","0.77306677","2024-05-25T20:25:52.588Z","ask"
"170.34","0.21216655","2024-05-25T20:25:52.588Z","ask"
"170.35","0.49881748","2024-05-25T20:25:52.588Z","ask"
"170.36","211.92542125","2024-05-25T20:25:52.588Z","ask"
"170.37","0.07049736","2024-05-25T20:25:52.588Z","ask"
"170.38","0.03524661","2024-05-25T20:25:52.588Z","ask"
"170.39","2.25862418","2024-05-25T20:25:52.588Z","ask"
"170.4","0.34720077","2024-05-25T20:25:52.588Z","ask"
"170.41","0.52862862","2024-05-25T20:25:52.588Z","ask"
"170.42","0.17619574","2024-05-25T20:25:52.588Z","ask"
"170.43","0.21635374","2024-05-25T20:25:52.588Z","ask"
"170.44","0.877439","2024-05-25T20:25:52.588Z","ask"
"170.45","0.4406463","2024-05-25T20:25:52.588Z","ask"
"170.46","0.28185688","2024-05-25T20:25:52.588Z","ask"
"170.47","0.11162041","2024-05-25T20:25:52.588Z","ask"
"170.48","5.48421084","2024-05-25T20:25:52.588Z","ask"
"170.49","0.04115503","2024-05-25T20:25:52.588Z","ask"
"170.5","166.04045694","2024-05-25T20:25:52.588Z","ask"
"170.51","0.02915735","2024-05-25T20:25:52.588Z","ask"
"170.53","0.14087048","2024-05-25T20:25:52.588Z","ask"
"170.54","0.09136797","2024-05-25T20:25:52.588Z","ask"
"170.55","0.6736871","2024-05-25T20:25:52.588Z","ask"
"170.56","0.03520935","2024-05-25T20:25:52.588Z","ask"
"170.57","0.07041456","2024-05-25T20:25:52.588Z","ask"
"170.58","0.03520521","2024-05-25T20:25:52.588Z","ask"
"170.61","0.00594353","2024-05-25T20:25:52.588Z","ask"
"170.62","0.12145343","2024-05-25T20:25:52.588Z","ask"
"170.63","0.1090225","2024-05-25T20:25:52.588Z","ask"
"170.66","0.05297109","2024-05-25T20:25:52.588Z","ask"
"170.68","0.00593809","2024-05-25T20:25:52.588Z","ask"
"170.69","3.15313362","2024-05-25T20:25:52.588Z","ask"
"170.7","53.078","2024-05-25T20:25:52.588Z","ask"
"170.74","0.00294454","2024-05-25T20:25:52.588Z","ask"
"170.78","0.10234489","2024-05-25T20:25:52.588Z","ask"
"170.8","0.05971932","2024-05-25T20:25:52.588Z","ask"
"170.82","2.18261017","2024-05-25T20:25:52.588Z","ask"
"170.83","20.30882539","2024-05-25T20:25:52.588Z","ask"
"170.84","0.63121061","2024-05-25T20:25:52.588Z","ask"
"170.88","909.86365265","2024-05-25T20:25:52.588Z","ask"
"170.89","0.24468935","2024-05-25T20:25:52.588Z","ask"
"170.9","4.77098779","2024-05-25T20:25:52.588Z","ask"
"170.91","10.2130033","2024-05-25T20:25:52.588Z","ask"
"170.96","19.65611372","2024-05-25T20:25:52.588Z","ask"
"170.97","0.12474992","2024-05-25T20:25:52.588Z","ask"
"171","320.16080324","2024-05-25T20:25:52.588Z","ask"
"171.01","0.22612651","2024-05-25T20:25:52.588Z","ask"
"171.03","0.11228236","2024-05-25T20:25:52.588Z","ask"
"171.05","2.15658464","2024-05-25T20:25:52.588Z","ask"
"171.07","0.15603326","2024-05-25T20:25:52.588Z","ask"
"171.11","26.7523186","2024-05-25T20:25:52.588Z","ask"
"171.12","2","2024-05-25T20:25:52.588Z","ask"
"171.14","0.26299904","2024-05-25T20:25:52.588Z","ask"
"171.16","0.00293732","2024-05-25T20:25:52.588Z","ask"
"171.17","0.32366","2024-05-25T20:25:52.588Z","ask"
"171.19","36.40140104","2024-05-25T20:25:52.588Z","ask"
"171.2","0.35327103","2024-05-25T20:25:52.588Z","ask"
"171.21","2.85418382","2024-05-25T20:25:52.588Z","ask"
"171.23","0.21393957","2024-05-25T20:25:52.588Z","ask"
"171.29","0.73284372","2024-05-25T20:25:52.588Z","ask"
"171.31","10.98296067","2024-05-25T20:25:52.588Z","ask"
"171.32","0.18018566","2024-05-25T20:25:52.588Z","ask"
"171.33","7.71774784","2024-05-25T20:25:52.588Z","ask"
"171.34","0.6844628","2024-05-25T20:25:52.588Z","ask"
"171.35","0.15","2024-05-25T20:25:52.588Z","ask"
"171.39","0.14627684","2024-05-25T20:25:52.588Z","ask"
"171.43","0.3768406","2024-05-25T20:25:52.588Z","ask"
"171.46","2.04908817","2024-05-25T20:25:52.588Z","ask"
"171.47","1.48045939","2024-05-25T20:25:52.588Z","ask"
"171.5","15.57725947","2024-05-25T20:25:52.588Z","ask"
"171.52","7.55","2024-05-25T20:25:52.588Z","ask"
"171.56","0.22661577","2024-05-25T20:25:52.588Z","ask"
"171.57","0.08538788","2024-05-25T20:25:52.588Z","ask"
"171.58","0.00293013","2024-05-25T20:25:52.588Z","ask"
"171.6","0.00597514","2024-05-25T20:25:52.588Z","ask"
"171.61","0.49691239","2024-05-25T20:25:52.588Z","ask"
"171.63","0.08224813","2024-05-25T20:25:52.588Z","ask"
"171.64","0.07217356","2024-05-25T20:25:52.588Z","ask"
"171.69","5.93953127","2024-05-25T20:25:52.588Z","ask"
"171.7","0.4036191","2024-05-25T20:25:52.588Z","ask"
"171.72","0.83461264","2024-05-25T20:25:52.588Z","ask"
"171.75","0.12097861","2024-05-25T20:25:52.588Z","ask"
"171.8","1.06261437","2024-05-25T20:25:52.588Z","ask"
"171.81","0.07362832","2024-05-25T20:25:52.588Z","ask"
"171.82","0.39013158","2024-05-25T20:25:52.588Z","ask"
"171.83","134.13866457","2024-05-25T20:25:52.588Z","ask"
"171.86","0.96188561","2024-05-25T20:25:52.588Z","ask"
"171.87","0.15","2024-05-25T20:25:52.588Z","ask"
"171.89","0.27308007","2024-05-25T20:25:52.588Z","ask"
"171.92","0.07213959","2024-05-25T20:25:52.588Z","ask"
"171.93","0.88776438","2024-05-25T20:25:52.588Z","ask"
"171.97","0.03049524","2024-05-25T20:25:52.588Z","ask"
"171.99","0.19801498","2024-05-25T20:25:52.588Z","ask"
"172","773.44432724","2024-05-25T20:25:52.588Z","ask"
"172.02","0.29996871","2024-05-25T20:25:52.588Z","ask"
"172.03","5.907","2024-05-25T20:25:52.588Z","ask"
"172.04","0.00881057","2024-05-25T20:25:52.588Z","ask"
"172.05","0.32325272","2024-05-25T20:25:52.588Z","ask"
"172.07","0.01911931","2024-05-25T20:25:52.588Z","ask"
"172.1","6.12038286","2024-05-25T20:25:52.588Z","ask"
"172.11","0.07357753","2024-05-25T20:25:52.588Z","ask"
"172.12","0.22664937","2024-05-25T20:25:52.588Z","ask"
"172.13","2.15554787","2024-05-25T20:25:52.588Z","ask"
"172.14","0.72922133","2024-05-25T20:25:52.588Z","ask"
"172.15","0.12052788","2024-05-25T20:25:52.588Z","ask"
"172.16","0.04531811","2024-05-25T20:25:52.588Z","ask"
"172.19","4.35212351","2024-05-25T20:25:52.588Z","ask"
"172.2","0.35929725","2024-05-25T20:25:52.588Z","ask"
"172.21","0.22437749","2024-05-25T20:25:52.588Z","ask"
"172.23","13.5","2024-05-25T20:25:52.588Z","ask"
"172.25","22.28159582","2024-05-25T20:25:52.588Z","ask"
"172.28","0.3","2024-05-25T20:25:52.588Z","ask"
"172.29","20","2024-05-25T20:25:52.588Z","ask"
"172.3","0.01192606","2024-05-25T20:25:52.588Z","ask"
"172.31","763.66663685","2024-05-25T20:25:52.588Z","ask"
"172.33","0.46015723","2024-05-25T20:25:52.588Z","ask"
"172.35","0.116","2024-05-25T20:25:52.588Z","ask"
"172.39","351.82505372","2024-05-25T20:25:52.588Z","ask"
"172.4","0.15","2024-05-25T20:25:52.588Z","ask"
"172.43","0.14919252","2024-05-25T20:25:52.588Z","ask"
"172.45","7.35889803","2024-05-25T20:25:52.588Z","ask"
"172.46","0.75747366","2024-05-25T20:25:52.588Z","ask"
"172.48","8.89745308","2024-05-25T20:25:52.588Z","ask"
"172.49","4.20692406","2024-05-25T20:25:52.588Z","ask"
"172.5","938.97148873","2024-05-25T20:25:52.588Z","ask"
"172.51","0.17991838","2024-05-25T20:25:52.588Z","ask"
"172.52","0.36291248","2024-05-25T20:25:52.588Z","ask"
"172.54","0.13301261","2024-05-25T20:25:52.588Z","ask"
"172.55","0.47145058","2024-05-25T20:25:52.588Z","ask"
"172.6","8.37844591","2024-05-25T20:25:52.588Z","ask"
"172.62","0.06521997","2024-05-25T20:25:52.588Z","ask"
"172.68","0.12351318","2024-05-25T20:25:52.588Z","ask"
"172.71","0.88390689","2024-05-25T20:25:52.588Z","ask"
"172.72","0.24209164","2024-05-25T20:25:52.588Z","ask"
"172.73","3.37863731","2024-05-25T20:25:52.588Z","ask"
"172.75","0.05212018","2024-05-25T20:25:52.588Z","ask"
"172.77","0.8393472","2024-05-25T20:25:52.588Z","ask"
"172.79","0.58260585","2024-05-25T20:25:52.588Z","ask"
"172.83","0.11990449","2024-05-25T20:25:52.588Z","ask"
"172.84","0.29335148","2024-05-25T20:25:52.588Z","ask"
"172.85","0.42875539","2024-05-25T20:25:52.588Z","ask"
"172.86","0.00290843","2024-05-25T20:25:52.588Z","ask"
"172.87","1.25027179","2024-05-25T20:25:52.588Z","ask"
"172.88","10.56916192","2024-05-25T20:25:52.588Z","ask"
"172.91","45.87428084","2024-05-25T20:25:52.588Z","ask"
"172.92","0.15","2024-05-25T20:25:52.588Z","ask"
"172.94","17.61666443","2024-05-25T20:25:52.588Z","ask"
"172.96","58.52342532","2024-05-25T20:25:52.588Z","ask"
"172.97","7.18307789","2024-05-25T20:25:52.588Z","ask"
"172.99","0.35495277","2024-05-25T20:25:52.588Z","ask"
"173","824.88328828","2024-05-25T20:25:52.588Z","ask"
"173.01","0.72559209","2024-05-25T20:25:52.588Z","ask"
"173.07","0.25079942","2024-05-25T20:25:52.588Z","ask"
"173.08","2.32203386","2024-05-25T20:25:52.588Z","ask"
"173.18","4.94216979","2024-05-25T20:25:52.588Z","ask"
"173.19","0.115","2024-05-25T20:25:52.588Z","ask"
"173.2","12.41319846","2024-05-25T20:25:52.588Z","ask"
"173.23","0.03","2024-05-25T20:25:52.588Z","ask"
"173.24","0.0060042","2024-05-25T20:25:52.588Z","ask"
"173.26","0.1066836","2024-05-25T20:25:52.588Z","ask"
"173.29","0.00290121","2024-05-25T20:25:52.588Z","ask"
"173.32","0.3727197","2024-05-25T20:25:52.588Z","ask"
"173.35","0.62204751","2024-05-25T20:25:52.588Z","ask"
"173.38","1.08585551","2024-05-25T20:25:52.588Z","ask"
"173.39","0.00601829","2024-05-25T20:25:52.588Z","ask"
"173.41","0.48588092","2024-05-25T20:25:52.588Z","ask"
"173.44","0.15","2024-05-25T20:25:52.588Z","ask"
"173.45","0.5439958","2024-05-25T20:25:52.588Z","ask"
"173.48","4.30243496","2024-05-25T20:25:52.588Z","ask"
"173.5","205.1848972","2024-05-25T20:25:52.588Z","ask"
"173.53","2.03463074","2024-05-25T20:25:52.588Z","ask"
"173.57","0.29168015","2024-05-25T20:25:52.588Z","ask"
"173.58","7.31713238","2024-05-25T20:25:52.588Z","ask"
"173.59","4.12883385","2024-05-25T20:25:52.588Z","ask"
"173.6","83.93356259","2024-05-25T20:25:52.588Z","ask"
"173.62","0.05185867","2024-05-25T20:25:52.588Z","ask"
"173.64","0.06196821","2024-05-25T20:25:52.588Z","ask"
"173.65","0.15371689","2024-05-25T20:25:52.588Z","ask"
"173.69","0.11958483","2024-05-25T20:25:52.588Z","ask"
"173.7","7","2024-05-25T20:25:52.588Z","ask"
"173.71","0.25911159","2024-05-25T20:25:52.588Z","ask"
"173.72","160.83538855","2024-05-25T20:25:52.588Z","ask"
"173.73","0.32366","2024-05-25T20:25:52.588Z","ask"
"173.74","3.45240727","2024-05-25T20:25:52.588Z","ask"
"173.75","0.10308455","2024-05-25T20:25:52.588Z","ask"
"173.79","0.32003074","2024-05-25T20:25:52.588Z","ask"
"173.8","0.19990469","2024-05-25T20:25:52.588Z","ask"
"173.82","0.00600909","2024-05-25T20:25:52.588Z","ask"
"173.84","0.22265847","2024-05-25T20:25:52.588Z","ask"
"173.85","20.07276449","2024-05-25T20:25:52.588Z","ask"
"173.86","0.10656449","2024-05-25T20:25:52.588Z","ask"
"173.87","0.20482614","2024-05-25T20:25:52.588Z","ask"
"173.88","0.72195674","2024-05-25T20:25:52.588Z","ask"
"173.89","0.95066023","2024-05-25T20:25:52.588Z","ask"
"173.9","18.8615789","2024-05-25T20:25:52.588Z","ask"
"173.91","2.4532845","2024-05-25T20:25:52.588Z","ask"
"173.92","0.29609305","2024-05-25T20:25:52.588Z","ask"
"173.94","0.48401287","2024-05-25T20:25:52.588Z","ask"
"173.95","0.1191344","2024-05-25T20:25:52.588Z","ask"
"173.97","0.57111737","2024-05-25T20:25:52.588Z","ask"
"173.99","187.72483399","2024-05-25T20:25:52.588Z","ask"
"174","946.51523523","2024-05-25T20:25:52.588Z","ask"
"174.01","0.1876392","2024-05-25T20:25:52.588Z","ask"
"174.02","6.01284623","2024-05-25T20:25:52.588Z","ask"
"174.03","2.13194881","2024-05-25T20:25:52.588Z","ask"
"174.04","0.55476504","2024-05-25T20:25:52.588Z","ask"
"174.07","0.9890909","2024-05-25T20:25:52.588Z","ask"
"174.08","20.81397864","2024-05-25T20:25:52.588Z","ask"
"174.09","10.44212139","2024-05-25T20:25:52.588Z","ask"
"174.12","1.17204204","2024-05-25T20:25:52.588Z","ask"
"174.13","0.84253624","2024-05-25T20:25:52.588Z","ask"
"174.14","4.5986541","2024-05-25T20:25:52.588Z","ask"
"174.15","0.00288688","2024-05-25T20:25:52.588Z","ask"
"174.16","0.19554342","2024-05-25T20:25:52.588Z","ask"
"174.17","2.76479024","2024-05-25T20:25:52.588Z","ask"
"174.19","0.07269858","2024-05-25T20:25:52.588Z","ask"
"174.2","11","2024-05-25T20:25:52.588Z","ask"
"174.23","0.07118506","2024-05-25T20:25:52.588Z","ask"
"174.24","0.07109729","2024-05-25T20:25:52.588Z","ask"
"174.25","0.49000771","2024-05-25T20:25:52.588Z","ask"
"174.27","0.33192501","2024-05-25T20:25:52.588Z","ask"
"174.28","0.71763397","2024-05-25T20:25:52.588Z","ask"
"174.29","0.00602954","2024-05-25T20:25:52.588Z","ask"
"174.3","0.84340597","2024-05-25T20:25:52.588Z","ask"
"174.31","8.31691151","2024-05-25T20:25:52.588Z","ask"
"174.33","0.09419392","2024-05-25T20:25:52.588Z","ask"
"174.34","0.59","2024-05-25T20:25:52.588Z","ask"
"174.36","0.413","2024-05-25T20:25:52.588Z","ask"
"174.38","11.98267564","2024-05-25T20:25:52.588Z","ask"
"174.39","1.06261437","2024-05-25T20:25:52.588Z","ask"
"174.4","0.12229362","2024-05-25T20:25:52.588Z","ask"
"174.43","90.14097234","2024-05-25T20:25:52.588Z","ask"
"174.45","0.1115858","2024-05-25T20:25:52.588Z","ask"
"174.48","0.63320108","2024-05-25T20:25:52.588Z","ask"
"174.49","0.05159977","2024-05-25T20:25:52.588Z","ask"
"174.5","77","2024-05-25T20:25:52.588Z","ask"
"174.51","10.23793757","2024-05-25T20:25:52.588Z","ask"
"174.52","0.14627684","2024-05-25T20:25:52.588Z","ask"
"174.53","0.8401144","2024-05-25T20:25:52.588Z","ask"
"174.56","0.23953453","2024-05-25T20:25:52.588Z","ask"
"174.58","0.00287977","2024-05-25T20:25:52.588Z","ask"
"174.6","58.13218193","2024-05-25T20:25:52.588Z","ask"
"174.63","0.46583315","2024-05-25T20:25:52.588Z","ask"
"174.65","0.03","2024-05-25T20:25:52.588Z","ask"
"174.66","0.31843448","2024-05-25T20:25:52.588Z","ask"
"174.67","2.00602238","2024-05-25T20:25:52.588Z","ask"
"174.69","0.91489603","2024-05-25T20:25:52.588Z","ask"
"174.71","0.00602474","2024-05-25T20:25:52.588Z","ask"
"174.72","7.26350962","2024-05-25T20:25:52.588Z","ask"
"174.74","0.19838","2024-05-25T20:25:52.588Z","ask"
"174.75","20.71835762","2024-05-25T20:25:52.588Z","ask"
"174.79","1.01772363","2024-05-25T20:25:52.588Z","ask"
"174.81","0.17735272","2024-05-25T20:25:52.588Z","ask"
"174.82","0.22437749","2024-05-25T20:25:52.588Z","ask"
"174.83","0.21121465","2024-05-25T20:25:52.588Z","ask"
"174.84","1.11883471","2024-05-25T20:25:52.588Z","ask"
"174.85","27.99401328","2024-05-25T20:25:52.588Z","ask"
"174.86","0.33640393","2024-05-25T20:25:52.588Z","ask"
"174.88","0.3","2024-05-25T20:25:52.588Z","ask"
"174.9","0.44820337","2024-05-25T20:25:52.588Z","ask"
"174.93","29.90314472","2024-05-25T20:25:52.588Z","ask"
"174.95","0.65672949","2024-05-25T20:25:52.588Z","ask"
"174.96","0.13065445","2024-05-25T20:25:52.588Z","ask"
"174.98","0.10549228","2024-05-25T20:25:52.588Z","ask"
"174.99","55.37441873","2024-05-25T20:25:52.588Z","ask"
"175","406.77369594","2024-05-25T20:25:52.588Z","ask"
"175.01","0.0028727","2024-05-25T20:25:52.588Z","ask"
"175.03","0.70429538","2024-05-25T20:25:52.588Z","ask"
"175.04","0.60914952","2024-05-25T20:25:52.588Z","ask"
"175.05","1.17041637","2024-05-25T20:25:52.588Z","ask"
"175.07","0.34043244","2024-05-25T20:25:52.588Z","ask"
"175.08","1.84562534","2024-05-25T20:25:52.588Z","ask"
"175.09","0.17141121","2024-05-25T20:25:52.588Z","ask"
"175.1","32.76438374","2024-05-25T20:25:52.588Z","ask"
"175.13","1.98366448","2024-05-25T20:25:52.588Z","ask"
"175.14","9.16489346","2024-05-25T20:25:52.588Z","ask"
"175.16","1.80600453","2024-05-25T20:25:52.588Z","ask"
"175.2","0.11568277","2024-05-25T20:25:52.588Z","ask"
"175.21","0.71181134","2024-05-25T20:25:52.588Z","ask"
"175.23","0.86347366","2024-05-25T20:25:52.588Z","ask"
"175.24","0.95222146","2024-05-25T20:25:52.588Z","ask"
"175.25","10.7","2024-05-25T20:25:52.588Z","ask"
"175.26","0.12169282","2024-05-25T20:25:52.588Z","ask"
"175.28","2.88304549","2024-05-25T20:25:52.588Z","ask"
"175.3","3.60071835","2024-05-25T20:25:52.588Z","ask"
"175.31","1.87394029","2024-05-25T20:25:52.588Z","ask"
"175.36","0.48045871","2024-05-25T20:25:52.588Z","ask"
"175.37","6.62009383","2024-05-25T20:25:52.588Z","ask"
"175.38","0.05134047","2024-05-25T20:25:52.588Z","ask"
"175.39","0.27169811","2024-05-25T20:25:52.589Z","ask"
"175.4","0.07071112","2024-05-25T20:25:52.589Z","ask"
"175.41","1.80151706","2024-05-25T20:25:52.589Z","ask"
"175.42","0.16299518","2024-05-25T20:25:52.589Z","ask"
"175.43","0.15621201","2024-05-25T20:25:52.589Z","ask"
"175.44","0.00286566","2024-05-25T20:25:52.589Z","ask"
"175.45","22.57468128","2024-05-25T20:25:52.589Z","ask"
"175.47","0.70162806","2024-05-25T20:25:52.589Z","ask"
"175.48","0.0880124","2024-05-25T20:25:52.589Z","ask"
"175.49","22.89414785","2024-05-25T20:25:52.589Z","ask"
"175.5","3.12513904","2024-05-25T20:25:52.589Z","ask"
"175.54","14.55022946","2024-05-25T20:25:52.589Z","ask"
"175.56","8.09427684","2024-05-25T20:25:52.589Z","ask"
"175.59","10.39999761","2024-05-25T20:25:52.589Z","ask"
"175.6","0.2326076","2024-05-25T20:25:52.589Z","ask"
"175.62","0.71479422","2024-05-25T20:25:52.589Z","ask"
"175.64","44.84396506","2024-05-25T20:25:52.589Z","ask"
"175.68","0.02390772","2024-05-25T20:25:52.589Z","ask"
"175.69","34.63518488","2024-05-25T20:25:52.589Z","ask"
"175.71","1.93","2024-05-25T20:25:52.589Z","ask"
"175.73","2.47187659","2024-05-25T20:25:52.589Z","ask"
"175.75","0.17563635","2024-05-25T20:25:52.589Z","ask"
"175.77","13.17992728","2024-05-25T20:25:52.589Z","ask"
"175.83","2.45106759","2024-05-25T20:25:52.589Z","ask"
"175.85","17.09354729","2024-05-25T20:25:52.589Z","ask"
"175.87","7.64265443","2024-05-25T20:25:52.589Z","ask"
"175.89","0.63629013","2024-05-25T20:25:52.589Z","ask"
"175.9","11.90661478","2024-05-25T20:25:52.589Z","ask"
"175.91","1.73198323","2024-05-25T20:25:52.589Z","ask"
"175.92","1.71695361","2024-05-25T20:25:52.589Z","ask"
"175.94","5.80438047","2024-05-25T20:25:52.589Z","ask"
"175.96","2.11454991","2024-05-25T20:25:52.589Z","ask"
"175.97","0.08325282","2024-05-25T20:25:52.589Z","ask"
"175.98","4.58159681","2024-05-25T20:25:52.589Z","ask"
"175.99","2.03961404","2024-05-25T20:25:52.589Z","ask"
"176","1299.04865565","2024-05-25T20:25:52.589Z","ask"
"176.02","14.9378585","2024-05-25T20:25:52.589Z","ask"
"176.04","8.75068334","2024-05-25T20:25:52.589Z","ask"
"176.05","2.29097043","2024-05-25T20:25:52.589Z","ask"
"176.06","0.03614528","2024-05-25T20:25:52.589Z","ask"
"176.07","1.39620328","2024-05-25T20:25:52.589Z","ask"
"176.08","6.49785112","2024-05-25T20:25:52.589Z","ask"
"176.09","4.09434933","2024-05-25T20:25:52.589Z","ask"
"176.1","1.18262938","2024-05-25T20:25:52.589Z","ask"
"176.13","0.06840402","2024-05-25T20:25:52.589Z","ask"
"176.15","3.11411248","2024-05-25T20:25:52.589Z","ask"
"176.16","0.06132258","2024-05-25T20:25:52.589Z","ask"
"176.17","10.37510275","2024-05-25T20:25:52.589Z","ask"
"176.2","0.11761009","2024-05-25T20:25:52.589Z","ask"
"176.22","0.694","2024-05-25T20:25:52.589Z","ask"
"176.25","92.47317816","2024-05-25T20:25:52.589Z","ask"
"176.26","10.05108377","2024-05-25T20:25:52.589Z","ask"
"176.27","3.00561695","2024-05-25T20:25:52.589Z","ask"
"176.28","0.2921653","2024-05-25T20:25:52.589Z","ask"
"176.29","0.07183207","2024-05-25T20:25:52.589Z","ask"
"176.31","0.12243635","2024-05-25T20:25:52.589Z","ask"
"176.32","0.25527814","2024-05-25T20:25:52.589Z","ask"
"176.34","0.32366","2024-05-25T20:25:52.589Z","ask"
"176.35","0.38324401","2024-05-25T20:25:52.589Z","ask"
"176.36","0.19311044","2024-05-25T20:25:52.589Z","ask"
"176.42","0.84914944","2024-05-25T20:25:52.589Z","ask"
"176.44","0.23698983","2024-05-25T20:25:52.589Z","ask"
"176.45","6.1395405","2024-05-25T20:25:52.589Z","ask"
"176.48","140.77620967","2024-05-25T20:25:52.589Z","ask"
"176.49","0.21393957","2024-05-25T20:25:52.589Z","ask"
"176.5","3.69182125","2024-05-25T20:25:52.589Z","ask"
"176.52","0.19429946","2024-05-25T20:25:52.589Z","ask"
"176.53","8.39872744","2024-05-25T20:25:52.589Z","ask"
"176.55","0.4922171","2024-05-25T20:25:52.589Z","ask"
"176.57","0.2458218","2024-05-25T20:25:52.589Z","ask"
"176.59","7.95118407","2024-05-25T20:25:52.589Z","ask"
"176.6","1.16122641","2024-05-25T20:25:52.589Z","ask"
"176.62","1.55059122","2024-05-25T20:25:52.589Z","ask"
"176.65","25.17473989","2024-05-25T20:25:52.589Z","ask"
"176.7","28.35249662","2024-05-25T20:25:52.589Z","ask"
"176.71","153.9890909","2024-05-25T20:25:52.589Z","ask"
"176.73","0.517268","2024-05-25T20:25:52.589Z","ask"
"176.74","0.00284458","2024-05-25T20:25:52.589Z","ask"
"176.77","0.01165365","2024-05-25T20:25:52.589Z","ask"
"176.79","0.219","2024-05-25T20:25:52.589Z","ask"
"176.82","77.88166","2024-05-25T20:25:52.589Z","ask"
"176.88","0.07003644","2024-05-25T20:25:52.589Z","ask"
"176.91","0.01859708","2024-05-25T20:25:52.589Z","ask"
"176.93","13.6149282","2024-05-25T20:25:52.589Z","ask"
"176.96","3.12598905","2024-05-25T20:25:52.589Z","ask"
"176.99","53.55527468","2024-05-25T20:25:52.589Z","ask"
"177","907.24567875","2024-05-25T20:25:52.589Z","ask"
"177.01","1.68916288","2024-05-25T20:25:52.589Z","ask"
"177.02","7.74383161","2024-05-25T20:25:52.589Z","ask"
"177.05","0.28311212","2024-05-25T20:25:52.589Z","ask"
"177.06","7.2589104","2024-05-25T20:25:52.589Z","ask"
"177.09","0.05137644","2024-05-25T20:25:52.589Z","ask"
"177.11","0.50552923","2024-05-25T20:25:52.589Z","ask"
"177.12","0.23793757","2024-05-25T20:25:52.589Z","ask"
"177.13","0.15689804","2024-05-25T20:25:52.589Z","ask"
"177.14","0.28682907","2024-05-25T20:25:52.589Z","ask"
"177.16","0.9671216","2024-05-25T20:25:52.589Z","ask"
"177.18","0.00283751","2024-05-25T20:25:52.589Z","ask"
"177.2","35434.78444833","2024-05-25T20:25:52.589Z","ask"
"177.24","0.40091561","2024-05-25T20:25:52.589Z","ask"
"177.27","2.15658472","2024-05-25T20:25:52.589Z","ask"
"177.28","39.53550341","2024-05-25T20:25:52.589Z","ask"
"177.3","0.39087299","2024-05-25T20:25:52.589Z","ask"
"177.31","0.31366815","2024-05-25T20:25:52.589Z","ask"
"177.33","0.41793152","2024-05-25T20:25:52.589Z","ask"
"177.34","0.5919574","2024-05-25T20:25:52.589Z","ask"
"177.35","0.02390772","2024-05-25T20:25:52.589Z","ask"
"177.38","0.70769159","2024-05-25T20:25:52.589Z","ask"
"177.42","8.00000561","2024-05-25T20:25:52.589Z","ask"
"177.43","18.58828774","2024-05-25T20:25:52.589Z","ask"
"177.44","5.85253112","2024-05-25T20:25:52.589Z","ask"
"177.45","0.3125225","2024-05-25T20:25:52.589Z","ask"
"177.46","0.17470038","2024-05-25T20:25:52.589Z","ask"
"177.47","30.2412206","2024-05-25T20:25:52.589Z","ask"
"177.5","80.44820337","2024-05-25T20:25:52.589Z","ask"
"177.52","0.3","2024-05-25T20:25:52.589Z","ask"
"177.53","1.11883471","2024-05-25T20:25:52.589Z","ask"
"177.54","0.12052788","2024-05-25T20:25:52.589Z","ask"
"177.56","6.152","2024-05-25T20:25:52.589Z","ask"
"177.57","0.17384261","2024-05-25T20:25:52.589Z","ask"
"177.59","2.57288326","2024-05-25T20:25:52.589Z","ask"
"177.61","0.0794771","2024-05-25T20:25:52.589Z","ask"
"177.62","12.80283049","2024-05-25T20:25:52.589Z","ask"
"177.63","163.42643043","2024-05-25T20:25:52.589Z","ask"
"177.64","0.29627684","2024-05-25T20:25:52.589Z","ask"
"177.68","1.04552184","2024-05-25T20:25:52.589Z","ask"
"177.7","2.01956737","2024-05-25T20:25:52.589Z","ask"
"177.71","0.16888523","2024-05-25T20:25:52.589Z","ask"
"177.75","1.34712617","2024-05-25T20:25:52.589Z","ask"
"177.76","8.92351957","2024-05-25T20:25:52.589Z","ask"
"177.77","11.31102045","2024-05-25T20:25:52.589Z","ask"
"177.78","8.24857442","2024-05-25T20:25:52.589Z","ask"
"177.8","3.23","2024-05-25T20:25:52.589Z","ask"
"177.81","133.99046468","2024-05-25T20:25:52.589Z","ask"
"177.88","48.64937705","2024-05-25T20:25:52.589Z","ask"
"177.89","0.10376668","2024-05-25T20:25:52.589Z","ask"
"177.9","0.24896327","2024-05-25T20:25:52.589Z","ask"
"177.91","2.08543577","2024-05-25T20:25:52.589Z","ask"
"177.92","35.75480827","2024-05-25T20:25:52.589Z","ask"
"177.94","1","2024-05-25T20:25:52.589Z","ask"
"177.95","0.112","2024-05-25T20:25:52.589Z","ask"
"177.97","0.28939232","2024-05-25T20:25:52.589Z","ask"
"177.99","8.59077244","2024-05-25T20:25:52.589Z","ask"
"178","1472.56394844","2024-05-25T20:25:52.589Z","ask"
"178.01","1.23157025","2024-05-25T20:25:52.589Z","ask"
"178.03","2.72352531","2024-05-25T20:25:52.589Z","ask"
"178.04","0.16059765","2024-05-25T20:25:52.589Z","ask"
"178.05","12.56023203","2024-05-25T20:25:52.589Z","ask"
"178.06","0.00282349","2024-05-25T20:25:52.589Z","ask"
"178.12","46.84652274","2024-05-25T20:25:52.589Z","ask"
"178.13","0.52320631","2024-05-25T20:25:52.589Z","ask"
"178.14","9.25623745","2024-05-25T20:25:52.589Z","ask"
"178.16","0.1837051","2024-05-25T20:25:52.589Z","ask"
"178.17","0.08418465","2024-05-25T20:25:52.589Z","ask"
"178.19","7.687297","2024-05-25T20:25:52.589Z","ask"
"178.2","0.3120991","2024-05-25T20:25:52.589Z","ask"
"178.22","5","2024-05-25T20:25:52.589Z","ask"
"178.25","99.85685082","2024-05-25T20:25:52.589Z","ask"
"178.27","0.81933058","2024-05-25T20:25:52.589Z","ask"
"178.32","0.48998427","2024-05-25T20:25:52.589Z","ask"
"178.33","0.23447183","2024-05-25T20:25:52.589Z","ask"
"178.34","10.96061113","2024-05-25T20:25:52.589Z","ask"
"178.35","0.24428825","2024-05-25T20:25:52.589Z","ask"
"178.38","14.3719853","2024-05-25T20:25:52.589Z","ask"
"178.41","44.1469483","2024-05-25T20:25:52.589Z","ask"
"178.43","0.0709738","2024-05-25T20:25:52.589Z","ask"
"178.48","0.31236646","2024-05-25T20:25:52.589Z","ask"
"178.5","5401.90693236","2024-05-25T20:25:52.589Z","ask"
"178.57","1.82016035","2024-05-25T20:25:52.589Z","ask"
"178.58","0.19070456","2024-05-25T20:25:52.589Z","ask"
"178.59","0.26683391","2024-05-25T20:25:52.589Z","ask"
"178.63","12.16669434","2024-05-25T20:25:52.589Z","ask"
"178.66","0.40751395","2024-05-25T20:25:52.589Z","ask"
"178.67","0.52811135","2024-05-25T20:25:52.589Z","ask"
"178.68","1001.64783548","2024-05-25T20:25:52.589Z","ask"
"178.69","22.54286199","2024-05-25T20:25:52.589Z","ask"
"178.7","0.85654735","2024-05-25T20:25:52.589Z","ask"
"178.72","0.15","2024-05-25T20:25:52.589Z","ask"
"178.73","4.78870912","2024-05-25T20:25:52.589Z","ask"
"178.74","4.03365932","2024-05-25T20:25:52.589Z","ask"
"178.78","10.87432957","2024-05-25T20:25:52.589Z","ask"
"178.79","2.97347726","2024-05-25T20:25:52.589Z","ask"
"178.84","1.61405766","2024-05-25T20:25:52.589Z","ask"
"178.85","0.45483487","2024-05-25T20:25:52.589Z","ask"
"178.87","1.176","2024-05-25T20:25:52.589Z","ask"
"178.89","11.27016334","2024-05-25T20:25:52.589Z","ask"
"178.9","28.89181279","2024-05-25T20:25:52.589Z","ask"
"178.92","0.7489594","2024-05-25T20:25:52.589Z","ask"
"178.93","0.14918211","2024-05-25T20:25:52.589Z","ask"
"178.94","0.07212043","2024-05-25T20:25:52.589Z","ask"
"178.95","6","2024-05-25T20:25:52.589Z","ask"
"178.96","0.11958483","2024-05-25T20:25:52.589Z","ask"
"178.97","0.25149894","2024-05-25T20:25:52.589Z","ask"
"178.98","0.32366","2024-05-25T20:25:52.589Z","ask"
"179","247.61361058","2024-05-25T20:25:52.589Z","ask"
"179.02","0.01195386","2024-05-25T20:25:52.589Z","ask"
"179.04","0.05697032","2024-05-25T20:25:52.589Z","ask"
"179.07","0.89251842","2024-05-25T20:25:52.589Z","ask"
"179.09","6.19203151","2024-05-25T20:25:52.589Z","ask"
"179.1","0.1","2024-05-25T20:25:52.589Z","ask"
"179.11","13.7594787","2024-05-25T20:25:52.589Z","ask"
"179.12","0.36065476","2024-05-25T20:25:52.589Z","ask"
"179.16","42.24405623","2024-05-25T20:25:52.589Z","ask"
"179.17","5.77932546","2024-05-25T20:25:52.589Z","ask"
"179.18","148.21393957","2024-05-25T20:25:52.589Z","ask"
"179.19","0.08618612","2024-05-25T20:25:52.589Z","ask"
"179.2","0.28","2024-05-25T20:25:52.589Z","ask"
"179.21","0.15","2024-05-25T20:25:52.589Z","ask"
"179.23","0.15505901","2024-05-25T20:25:52.589Z","ask"
"179.25","0.17296275","2024-05-25T20:25:52.589Z","ask"
"179.28","0.29666416","2024-05-25T20:25:52.589Z","ask"
"179.3","0.07201993","2024-05-25T20:25:52.589Z","ask"
"179.34","14.06052625","2024-05-25T20:25:52.589Z","ask"
"179.35","0.46978246","2024-05-25T20:25:52.589Z","ask"
"179.36","7.07559346","2024-05-25T20:25:52.589Z","ask"
"179.38","0.2086606","2024-05-25T20:25:52.589Z","ask"
"179.39","1.16116632","2024-05-25T20:25:52.589Z","ask"
"179.4","22.83584567","2024-05-25T20:25:52.589Z","ask"
"179.41","0.7564666","2024-05-25T20:25:52.589Z","ask"
"179.44","1.00505398","2024-05-25T20:25:52.589Z","ask"
"179.46","2.04703025","2024-05-25T20:25:52.589Z","ask"
"179.47","45.64019871","2024-05-25T20:25:52.589Z","ask"
"179.49","2.81729821","2024-05-25T20:25:52.589Z","ask"
"179.5","35.26991644","2024-05-25T20:25:52.589Z","ask"
"179.52","9.16","2024-05-25T20:25:52.589Z","ask"
"179.54","8.05446223","2024-05-25T20:25:52.589Z","ask"
"179.56","0.06899106","2024-05-25T20:25:52.589Z","ask"
"179.57","1.50221394","2024-05-25T20:25:52.589Z","ask"
"179.58","0.573","2024-05-25T20:25:52.589Z","ask"
"179.6","0.401","2024-05-25T20:25:52.589Z","ask"
"179.62","9.27162008","2024-05-25T20:25:52.589Z","ask"
"179.63","0.11536306","2024-05-25T20:25:52.589Z","ask"
"179.65","0.07857513","2024-05-25T20:25:52.589Z","ask"
"179.67","0.40536355","2024-05-25T20:25:52.589Z","ask"
"179.68","36.56261437","2024-05-25T20:25:52.589Z","ask"
"179.7","432.77742767","2024-05-25T20:25:52.589Z","ask"
"179.72","0.30031891","2024-05-25T20:25:52.589Z","ask"
"179.73","0.36992063","2024-05-25T20:25:52.589Z","ask"
"179.74","14.16","2024-05-25T20:25:52.589Z","ask"
"179.76","0.1115858","2024-05-25T20:25:52.589Z","ask"
"179.78","2.17395882","2024-05-25T20:25:52.589Z","ask"
"179.8","6431.2913029","2024-05-25T20:25:52.589Z","ask"
"179.81","0.08973758","2024-05-25T20:25:52.589Z","ask"
"179.82","0.0528667","2024-05-25T20:25:52.589Z","ask"
"179.83","0.03339162","2024-05-25T20:25:52.589Z","ask"
"179.84","11.50825948","2024-05-25T20:25:52.589Z","ask"
"179.85","34","2024-05-25T20:25:52.589Z","ask"
"179.87","0.0598212","2024-05-25T20:25:52.589Z","ask"
"179.88","2.06264156","2024-05-25T20:25:52.589Z","ask"
"179.89","0.06676094","2024-05-25T20:25:52.589Z","ask"
"179.9","200.54549094","2024-05-25T20:25:52.589Z","ask"
"179.92","0.00582479","2024-05-25T20:25:52.589Z","ask"
"179.94","0.03337304","2024-05-25T20:25:52.589Z","ask"
"179.95","61.52441933","2024-05-25T20:25:52.589Z","ask"
"179.97","0.03336747","2024-05-25T20:25:52.589Z","ask"
"179.98","2.92729315","2024-05-25T20:25:52.589Z","ask"
"179.99","0.86596562","2024-05-25T20:25:52.589Z","ask"
"180","3319.35128825","2024-05-25T20:25:52.589Z","ask"
"180.02","1.03336004","2024-05-25T20:25:52.589Z","ask"
"180.05","1.06818958","2024-05-25T20:25:52.589Z","ask"
"180.06","3.68615492","2024-05-25T20:25:52.589Z","ask"
"180.07","0.03334891","2024-05-25T20:25:52.589Z","ask"
"180.08","25.75657226","2024-05-25T20:25:52.589Z","ask"
"180.11","0.91782687","2024-05-25T20:25:52.589Z","ask"
"180.12","7.98507815","2024-05-25T20:25:52.589Z","ask"
"180.13","3.00203659","2024-05-25T20:25:52.589Z","ask"
"180.14","0.51705326","2024-05-25T20:25:52.589Z","ask"
"180.15","65.65647465","2024-05-25T20:25:52.589Z","ask"
"180.16","0.10308455","2024-05-25T20:25:52.589Z","ask"
"180.17","0.38828939","2024-05-25T20:25:52.589Z","ask"
"180.18","0.03333222","2024-05-25T20:25:52.589Z","ask"
"180.19","0.03904596","2024-05-25T20:25:52.589Z","ask"
"180.2","3.23677319","2024-05-25T20:25:52.589Z","ask"
"180.21","1.12598967","2024-05-25T20:25:52.589Z","ask"
"180.23","0.29988999","2024-05-25T20:25:52.589Z","ask"
"180.24","0.5339356","2024-05-25T20:25:52.589Z","ask"
"180.25","0.23198055","2024-05-25T20:25:52.589Z","ask"
"180.26","0.15278903","2024-05-25T20:25:52.589Z","ask"
"180.27","0.15800374","2024-05-25T20:25:52.589Z","ask"
"180.3","0.03330815","2024-05-25T20:25:52.589Z","ask"
"180.31","0.17119561","2024-05-25T20:25:52.589Z","ask"
"180.33","0.00570691","2024-05-25T20:25:52.589Z","ask"
"180.37","0.19968822","2024-05-25T20:25:52.589Z","ask"
"180.38","2.64504542","2024-05-25T20:25:52.589Z","ask"
"180.4","69.1","2024-05-25T20:25:52.589Z","ask"
"180.41","0.03328966","2024-05-25T20:25:52.589Z","ask"
"180.43","0.03328596","2024-05-25T20:25:52.589Z","ask"
"180.44","0.19856927","2024-05-25T20:25:52.589Z","ask"
"180.45","2.19260233","2024-05-25T20:25:52.589Z","ask"
"180.46","8.97580439","2024-05-25T20:25:52.589Z","ask"
"180.47","0.03327672","2024-05-25T20:25:52.589Z","ask"
"180.49","0.08116793","2024-05-25T20:25:52.589Z","ask"
"180.5","133.6924798","2024-05-25T20:25:52.589Z","ask"
"180.51","0.13307552","2024-05-25T20:25:52.589Z","ask"
"180.52","0.26614","2024-05-25T20:25:52.589Z","ask"
"180.53","8.87217578","2024-05-25T20:25:52.589Z","ask"
"180.54","0.0665276","2024-05-25T20:25:52.589Z","ask"
"180.55","457.70924701","2024-05-25T20:25:52.589Z","ask"
"180.57","0.11811563","2024-05-25T20:25:52.589Z","ask"
"180.58","0.10338245","2024-05-25T20:25:52.589Z","ask"
"180.59","0.03325642","2024-05-25T20:25:52.589Z","ask"
"180.6","3","2024-05-25T20:25:52.589Z","ask"
"180.61","6.92272961","2024-05-25T20:25:52.589Z","ask"
"180.64","0.0332472","2024-05-25T20:25:52.589Z","ask"
"180.66","0.06648334","2024-05-25T20:25:52.589Z","ask"
"180.67","2.57679747","2024-05-25T20:25:52.589Z","ask"
"180.69","3.67664561","2024-05-25T20:25:52.589Z","ask"
"180.7","28.95419367","2024-05-25T20:25:52.589Z","ask"
"180.72","0.04982106","2024-05-25T20:25:52.589Z","ask"
"180.74","0.03322877","2024-05-25T20:25:52.589Z","ask"
"180.76","0.03322325","2024-05-25T20:25:52.589Z","ask"
"180.77","0.03322141","2024-05-25T20:25:52.589Z","ask"
"180.78","0.15","2024-05-25T20:25:52.589Z","ask"
"180.79","0.14784407","2024-05-25T20:25:52.589Z","ask"
"180.8","0.12792526","2024-05-25T20:25:52.589Z","ask"
"180.81","0.08541507","2024-05-25T20:25:52.589Z","ask"
"180.82","0.06642442","2024-05-25T20:25:52.589Z","ask"
"180.83","1.948","2024-05-25T20:25:52.589Z","ask"
"180.84","0.57634364","2024-05-25T20:25:52.589Z","ask"
"180.85","0.10206771","2024-05-25T20:25:52.589Z","ask"
"180.87","13.19799766","2024-05-25T20:25:52.589Z","ask"
"180.9","0.34064779","2024-05-25T20:25:52.589Z","ask"
"180.91","0.03319566","2024-05-25T20:25:52.589Z","ask"
"180.95","45.78048961","2024-05-25T20:25:52.589Z","ask"
"180.96","2.31704638","2024-05-25T20:25:52.589Z","ask"
"180.97","1.07692208","2024-05-25T20:25:52.589Z","ask"
"180.98","70.20946115","2024-05-25T20:25:52.589Z","ask"
"180.99","0.0663601","2024-05-25T20:25:52.589Z","ask"
"181","3336.9966301","2024-05-25T20:25:52.589Z","ask"
"181.01","0.03317729","2024-05-25T20:25:52.589Z","ask"
"181.05","0.23758007","2024-05-25T20:25:52.589Z","ask"
"181.06","1.30895691","2024-05-25T20:25:52.589Z","ask"
"181.08","2.62564461","2024-05-25T20:25:52.589Z","ask"
"181.09","23.94379611","2024-05-25T20:25:52.589Z","ask"
"181.1","0.35671784","2024-05-25T20:25:52.589Z","ask"
"181.12","0.225334","2024-05-25T20:25:52.589Z","ask"
"181.13","0.59534718","2024-05-25T20:25:52.589Z","ask"
"181.14","10.14939166","2024-05-25T20:25:52.589Z","ask"
"181.15","0.0333039","2024-05-25T20:25:52.589Z","ask"
"181.16","1.05630314","2024-05-25T20:25:52.589Z","ask"
"181.2","10.02529333","2024-05-25T20:25:52.589Z","ask"
"181.23","43.15477001","2024-05-25T20:25:52.589Z","ask"
"181.25","54.27993894","2024-05-25T20:25:52.589Z","ask"
"181.26","1.57399579","2024-05-25T20:25:52.589Z","ask"
"181.28","380.12040262","2024-05-25T20:25:52.589Z","ask"
"181.3","3.33278051","2024-05-25T20:25:52.589Z","ask"
"181.32","10.82951227","2024-05-25T20:25:52.589Z","ask"
"181.34","2.57643087","2024-05-25T20:25:52.589Z","ask"
"181.35","0.06839125","2024-05-25T20:25:52.589Z","ask"
"181.36","0.08813503","2024-05-25T20:25:52.589Z","ask"
"181.37","12.28058349","2024-05-25T20:25:52.589Z","ask"
"181.38","18.97768256","2024-05-25T20:25:52.589Z","ask"
"181.39","0.2839376","2024-05-25T20:25:52.589Z","ask"
"181.41","66.01307793","2024-05-25T20:25:52.589Z","ask"
"181.43","3.97384581","2024-05-25T20:25:52.589Z","ask"
"181.44","7.9","2024-05-25T20:25:52.589Z","ask"
"181.45","0.558273","2024-05-25T20:25:52.589Z","ask"
"181.46","0.1175354","2024-05-25T20:25:52.589Z","ask"
"181.48","2.15658472","2024-05-25T20:25:52.589Z","ask"
"181.49","0.25409114","2024-05-25T20:25:52.589Z","ask"
"181.5","10.77601585","2024-05-25T20:25:52.589Z","ask"
"181.51","0.17936198","2024-05-25T20:25:52.589Z","ask"
"181.52","0.1685772","2024-05-25T20:25:52.589Z","ask"
"181.54","0.01574409","2024-05-25T20:25:52.589Z","ask"
"181.56","1.40960776","2024-05-25T20:25:52.589Z","ask"
"181.57","4.95186419","2024-05-25T20:25:52.589Z","ask"
"181.6","3.56399039","2024-05-25T20:25:52.589Z","ask"
"181.62","148.30105487","2024-05-25T20:25:52.589Z","ask"
"181.63","0.14696391","2024-05-25T20:25:52.589Z","ask"
"181.64","0.43351809","2024-05-25T20:25:52.589Z","ask"
"181.65","28.25319774","2024-05-25T20:25:52.589Z","ask"
"181.66","0.69101901","2024-05-25T20:25:52.589Z","ask"
"181.69","0.67997135","2024-05-25T20:25:52.589Z","ask"
"181.7","0.28398788","2024-05-25T20:25:52.589Z","ask"
"181.71","0.07768469","2024-05-25T20:25:52.589Z","ask"
"181.72","6.98388079","2024-05-25T20:25:52.589Z","ask"
"181.77","78.85365956","2024-05-25T20:25:52.589Z","ask"
"181.78","1.31191703","2024-05-25T20:25:52.589Z","ask"
"181.8","12","2024-05-25T20:25:52.589Z","ask"
"181.81","45.77056798","2024-05-25T20:25:52.589Z","ask"
"181.83","0.15","2024-05-25T20:25:52.589Z","ask"
"181.84","0.26205274","2024-05-25T20:25:52.589Z","ask"
"181.85","53","2024-05-25T20:25:52.589Z","ask"
"181.86","434.02881014","2024-05-25T20:25:52.589Z","ask"
"181.87","0.69022989","2024-05-25T20:25:52.589Z","ask"
"181.88","2.03999916","2024-05-25T20:25:52.589Z","ask"
"181.89","0.01808829","2024-05-25T20:25:52.589Z","ask"
"181.9","271.35986287","2024-05-25T20:25:52.589Z","ask"
"181.91","4.28763685","2024-05-25T20:25:52.589Z","ask"
"181.92","0.51208979","2024-05-25T20:25:52.589Z","ask"
"181.93","0.407755","2024-05-25T20:25:52.589Z","ask"
"181.96","0.28427127","2024-05-25T20:25:52.589Z","ask"
"181.97","0.00039163","2024-05-25T20:25:52.589Z","ask"
"181.99","10.99073041","2024-05-25T20:25:52.589Z","ask"
"182","2421.70185938","2024-05-25T20:25:52.589Z","ask"
"182.01","0.2922122","2024-05-25T20:25:52.589Z","ask"
"182.03","0.25432423","2024-05-25T20:25:52.589Z","ask"
"182.04","10.0004578","2024-05-25T20:25:52.589Z","ask"
"182.05","0.71084627","2024-05-25T20:25:52.589Z","ask"
"182.06","0.9890909","2024-05-25T20:25:52.589Z","ask"
"182.09","1.8","2024-05-25T20:25:52.589Z","ask"
"182.1","5","2024-05-25T20:25:52.589Z","ask"
"182.11","2.06534364","2024-05-25T20:25:52.589Z","ask"
"182.15","1.5","2024-05-25T20:25:52.589Z","ask"
"182.17","0.16945328","2024-05-25T20:25:52.589Z","ask"
"182.18","24.22951605","2024-05-25T20:25:52.589Z","ask"
"182.22","0.00481239","2024-05-25T20:25:52.589Z","ask"
"182.24","0.90709295","2024-05-25T20:25:52.589Z","ask"
"182.26","18.6969132","2024-05-25T20:25:52.589Z","ask"
"182.27","1.95783325","2024-05-25T20:25:52.589Z","ask"
"182.28","0.13736286","2024-05-25T20:25:52.589Z","ask"
"182.29","134","2024-05-25T20:25:52.589Z","ask"
"182.32","0.21323808","2024-05-25T20:25:52.589Z","ask"
"182.35","50.16261506","2024-05-25T20:25:52.589Z","ask"
"182.37","2.21929193","2024-05-25T20:25:52.589Z","ask"
"182.38","0.14219786","2024-05-25T20:25:52.589Z","ask"
"182.4","1.06261437","2024-05-25T20:25:52.589Z","ask"
"182.41","56.48084179","2024-05-25T20:25:52.589Z","ask"
"182.42","0.7544754","2024-05-25T20:25:52.589Z","ask"
"182.44","0.09001081","2024-05-25T20:25:52.589Z","ask"
"182.45","1.58760859","2024-05-25T20:25:52.589Z","ask"
"182.46","0.11715288","2024-05-25T20:25:52.589Z","ask"
"182.47","31.45523357","2024-05-25T20:25:52.589Z","ask"
"182.5","427.73224522","2024-05-25T20:25:52.589Z","ask"
"182.55","0.06453295","2024-05-25T20:25:52.589Z","ask"
"182.56","0.92702527","2024-05-25T20:25:52.589Z","ask"
"182.58","0.02703914","2024-05-25T20:25:52.589Z","ask"
"182.6","0.00563348","2024-05-25T20:25:52.589Z","ask"
"182.66","0.02360207","2024-05-25T20:25:52.589Z","ask"
"182.69","5.76589595","2024-05-25T20:25:52.589Z","ask"
"182.7","12.2331884","2024-05-25T20:25:52.589Z","ask"
"182.71","52.15081464","2024-05-25T20:25:52.589Z","ask"
"182.72","0.30995728","2024-05-25T20:25:52.589Z","ask"
"182.75","1.1878853","2024-05-25T20:25:52.589Z","ask"
"182.76","0.06929027","2024-05-25T20:25:52.589Z","ask"
"182.77","0.68682522","2024-05-25T20:25:52.589Z","ask"
"182.78","14.01146923","2024-05-25T20:25:52.589Z","ask"
"182.82","0.44820337","2024-05-25T20:25:52.589Z","ask"
"182.83","1.96136864","2024-05-25T20:25:52.589Z","ask"
"182.85","36.17660982","2024-05-25T20:25:52.589Z","ask"
"182.87","11.07361768","2024-05-25T20:25:52.589Z","ask"
"182.88","8.27473008","2024-05-25T20:25:52.589Z","ask"
"182.89","6.99582094","2024-05-25T20:25:52.589Z","ask"
"182.91","9.93814659","2024-05-25T20:25:52.589Z","ask"
"182.92","0.3","2024-05-25T20:25:52.589Z","ask"
"182.94","12.5412102","2024-05-25T20:25:52.589Z","ask"
"182.95","0.01486632","2024-05-25T20:25:52.589Z","ask"
"182.98","17.45063578","2024-05-25T20:25:52.589Z","ask"
"182.99","32.13797737","2024-05-25T20:25:52.589Z","ask"
"183","424.42774004","2024-05-25T20:25:52.589Z","ask"
"183.03","3.84451164","2024-05-25T20:25:52.589Z","ask"
"183.05","70.2899437","2024-05-25T20:25:52.589Z","ask"
"183.07","0.16394022","2024-05-25T20:25:52.589Z","ask"
"183.08","1.0905932","2024-05-25T20:25:52.589Z","ask"
"183.09","0.109","2024-05-25T20:25:52.589Z","ask"
"183.1","14.42870523","2024-05-25T20:25:52.589Z","ask"
"183.12","8.08283138","2024-05-25T20:25:52.589Z","ask"
"183.13","5.89993406","2024-05-25T20:25:52.589Z","ask"
"183.15","0.03847193","2024-05-25T20:25:52.589Z","ask"
"183.16","1.95783328","2024-05-25T20:25:52.589Z","ask"
"183.19","0.85315602","2024-05-25T20:25:52.589Z","ask"
"183.2","15.26335991","2024-05-25T20:25:52.589Z","ask"
"183.24","1.80947398","2024-05-25T20:25:52.589Z","ask"
"183.25","2.72851296","2024-05-25T20:25:52.589Z","ask"
"183.28","0.11637259","2024-05-25T20:25:52.589Z","ask"
"183.3","76.6199095","2024-05-25T20:25:52.589Z","ask"
"183.33","75.3462261","2024-05-25T20:25:52.589Z","ask"
"183.35","0.00357983","2024-05-25T20:25:52.589Z","ask"
"183.37","0.72608716","2024-05-25T20:25:52.589Z","ask"
"183.38","0.93697867","2024-05-25T20:25:52.589Z","ask"
"183.39","0.15591239","2024-05-25T20:25:52.589Z","ask"
"183.4","24.31607177","2024-05-25T20:25:52.589Z","ask"
"183.42","1.10760162","2024-05-25T20:25:52.589Z","ask"
"183.44","57.83554349","2024-05-25T20:25:52.589Z","ask"
"183.45","31.86073048","2024-05-25T20:25:52.589Z","ask"
"183.46","0.38263082","2024-05-25T20:25:52.589Z","ask"
"183.47","0.05464478","2024-05-25T20:25:52.589Z","ask"
"183.5","710.58425111","2024-05-25T20:25:52.589Z","ask"
"183.51","0.00554595","2024-05-25T20:25:52.589Z","ask"
"183.52","0.15143996","2024-05-25T20:25:52.589Z","ask"
"183.54","0.2475375","2024-05-25T20:25:52.589Z","ask"
"183.56","0.87067005","2024-05-25T20:25:52.589Z","ask"
"183.57","1.29756359","2024-05-25T20:25:52.589Z","ask"
"183.58","0.41241377","2024-05-25T20:25:52.589Z","ask"
"183.59","0.19429946","2024-05-25T20:25:52.589Z","ask"
"183.6","0.00038449","2024-05-25T20:25:52.589Z","ask"
"183.61","0.01121957","2024-05-25T20:25:52.589Z","ask"
"183.62","2.72288887","2024-05-25T20:25:52.589Z","ask"
"183.63","5.0771076","2024-05-25T20:25:52.589Z","ask"
"183.64","0.3028544","2024-05-25T20:25:52.589Z","ask"
"183.66","0.08488511","2024-05-25T20:25:52.589Z","ask"
"183.69","0.96427896","2024-05-25T20:25:52.589Z","ask"
"183.7","88.1078926","2024-05-25T20:25:52.589Z","ask"
"183.71","1.13303992","2024-05-25T20:25:52.589Z","ask"
"183.72","1.50671801","2024-05-25T20:25:52.589Z","ask"
"183.74","0.13599489","2024-05-25T20:25:52.589Z","ask"
"183.75","0.5131514","2024-05-25T20:25:52.589Z","ask"
"183.76","0.89564818","2024-05-25T20:25:52.589Z","ask"
"183.77","4.36147452","2024-05-25T20:25:52.589Z","ask"
"183.78","1.66603616","2024-05-25T20:25:52.589Z","ask"
"183.79","0.16868254","2024-05-25T20:25:52.589Z","ask"
"183.8","0.66350021","2024-05-25T20:25:52.589Z","ask"
"183.81","3.00069077","2024-05-25T20:25:52.589Z","ask"
"183.83","6.22845975","2024-05-25T20:25:52.589Z","ask"
"183.84","0.00359325","2024-05-25T20:25:52.589Z","ask"
"183.85","2.85418382","2024-05-25T20:25:52.589Z","ask"
"183.86","11.01652581","2024-05-25T20:25:52.589Z","ask"
"183.87","19.13380375","2024-05-25T20:25:52.589Z","ask"
"183.88","0.05687203","2024-05-25T20:25:52.589Z","ask"
"183.89","56.91062607","2024-05-25T20:25:52.589Z","ask"
"183.9","43.5","2024-05-25T20:25:52.589Z","ask"
"183.92","0.33890779","2024-05-25T20:25:52.589Z","ask"
"183.95","123.09322227","2024-05-25T20:25:52.589Z","ask"
"183.97","9.92608686","2024-05-25T20:25:52.589Z","ask"
"183.99","10.76768428","2024-05-25T20:25:52.589Z","ask"
"184","659.41009298","2024-05-25T20:25:52.589Z","ask"
"184.02","0.52439613","2024-05-25T20:25:52.589Z","ask"
"184.03","0.77782413","2024-05-25T20:25:52.589Z","ask"
"184.04","0.37172915","2024-05-25T20:25:52.589Z","ask"
"184.05","1.22134104","2024-05-25T20:25:52.589Z","ask"
"184.06","7.436","2024-05-25T20:25:52.589Z","ask"
"184.07","1.31285825","2024-05-25T20:25:52.589Z","ask"
"184.09","43.79361395","2024-05-25T20:25:52.589Z","ask"
"184.1","32.05611633","2024-05-25T20:25:52.589Z","ask"
"184.11","6.89300749","2024-05-25T20:25:52.589Z","ask"
"184.14","0.2270781","2024-05-25T20:25:52.589Z","ask"
"184.15","41.01559757","2024-05-25T20:25:52.589Z","ask"
"184.16","0.41732912","2024-05-25T20:25:52.589Z","ask"
"184.17","4.13210089","2024-05-25T20:25:52.589Z","ask"
"184.19","7.72230735","2024-05-25T20:25:52.589Z","ask"
"184.2","65.694","2024-05-25T20:25:52.589Z","ask"
"184.21","4.22585056","2024-05-25T20:25:52.589Z","ask"
"184.22","0.10034119","2024-05-25T20:25:52.589Z","ask"
"184.23","0.81394672","2024-05-25T20:25:52.589Z","ask"
"184.25","30","2024-05-25T20:25:52.589Z","ask"
"184.27","2.74506631","2024-05-25T20:25:52.589Z","ask"
"184.29","0.31076019","2024-05-25T20:25:52.589Z","ask"
"184.31","0.46986365","2024-05-25T20:25:52.589Z","ask"
"184.36","4.2","2024-05-25T20:25:52.589Z","ask"
"184.37","0.14477858","2024-05-25T20:25:52.589Z","ask"
"184.38","0.33526631","2024-05-25T20:25:52.589Z","ask"
"184.39","6.29836949","2024-05-25T20:25:52.589Z","ask"
"184.4","0.89650803","2024-05-25T20:25:52.589Z","ask"
"184.41","50.35039489","2024-05-25T20:25:52.589Z","ask"
"184.42","6.06594797","2024-05-25T20:25:52.589Z","ask"
"184.45","4.85895061","2024-05-25T20:25:52.589Z","ask"
"184.47","28.64568376","2024-05-25T20:25:52.589Z","ask"
"184.5","119.69536435","2024-05-25T20:25:52.589Z","ask"
"184.51","62.38893452","2024-05-25T20:25:52.589Z","ask"
"184.52","5.70880787","2024-05-25T20:25:52.589Z","ask"
"184.53","1.19785705","2024-05-25T20:25:52.589Z","ask"
"184.54","2.39550599","2024-05-25T20:25:52.589Z","ask"
"184.56","0.30134179","2024-05-25T20:25:52.589Z","ask"
"184.58","1","2024-05-25T20:25:52.589Z","ask"
"184.59","10.64677087","2024-05-25T20:25:52.589Z","ask"
"184.6","0.6800037","2024-05-25T20:25:52.589Z","ask"
"184.63","0.99926814","2024-05-25T20:25:52.589Z","ask"
"184.64","0.09767954","2024-05-25T20:25:52.589Z","ask"
"184.66","24.98206051","2024-05-25T20:25:52.589Z","ask"
"184.67","0.02186236","2024-05-25T20:25:52.589Z","ask"
"184.69","0.21393957","2024-05-25T20:25:52.589Z","ask"
"184.7","0.27069973","2024-05-25T20:25:52.589Z","ask"
"184.72","1813.67034535","2024-05-25T20:25:52.589Z","ask"
"184.73","0.40337479","2024-05-25T20:25:52.589Z","ask"
"184.75","0.78484438","2024-05-25T20:25:52.589Z","ask"
"184.76","0.02232243","2024-05-25T20:25:52.589Z","ask"
"184.77","55.54068113","2024-05-25T20:25:52.589Z","ask"
"184.78","0.28782812","2024-05-25T20:25:52.589Z","ask"
"184.82","1","2024-05-25T20:25:52.589Z","ask"
"184.83","203.23921316","2024-05-25T20:25:52.589Z","ask"
"184.84","0.26196416","2024-05-25T20:25:52.589Z","ask"
"184.85","1.64504542","2024-05-25T20:25:52.589Z","ask"
"184.86","4.2816915","2024-05-25T20:25:52.589Z","ask"
"184.87","21.63926158","2024-05-25T20:25:52.589Z","ask"
"184.88","40.27857734","2024-05-25T20:25:52.589Z","ask"
"184.89","10.78495321","2024-05-25T20:25:52.589Z","ask"
"184.9","269.79050197","2024-05-25T20:25:52.589Z","ask"
"184.91","3.12983849","2024-05-25T20:25:52.589Z","ask"
"184.93","1.946304","2024-05-25T20:25:52.589Z","ask"
"184.94","7.81948315","2024-05-25T20:25:52.589Z","ask"
"184.95","148.89334823","2024-05-25T20:25:52.589Z","ask"
"184.96","1.08401817","2024-05-25T20:25:52.589Z","ask"
"184.97","0.77446488","2024-05-25T20:25:52.589Z","ask"
"184.98","65.84785179","2024-05-25T20:25:52.589Z","ask"
"184.99","11.36302519","2024-05-25T20:25:52.589Z","ask"
"185","5374.78433657","2024-05-25T20:25:52.589Z","ask"
"185.01","0.06703667","2024-05-25T20:25:52.589Z","ask"
"185.02","8.96885135","2024-05-25T20:25:52.589Z","ask"
"185.05","0.06694677","2024-05-25T20:25:52.589Z","ask"
"185.06","1.04732149","2024-05-25T20:25:52.589Z","ask"
"185.08","6.02629595","2024-05-25T20:25:52.589Z","ask"
"185.1","721.99670013","2024-05-25T20:25:52.589Z","ask"
"185.11","0.11521994","2024-05-25T20:25:52.589Z","ask"
"185.12","0.42809967","2024-05-25T20:25:52.589Z","ask"
"185.14","0.32736221","2024-05-25T20:25:52.589Z","ask"
"185.16","0.25275437","2024-05-25T20:25:52.589Z","ask"
"185.2","0.94691075","2024-05-25T20:25:52.589Z","ask"
"185.21","1.166818","2024-05-25T20:25:52.589Z","ask"
"185.22","0.19355207","2024-05-25T20:25:52.589Z","ask"
"185.24","69.96629264","2024-05-25T20:25:52.589Z","ask"
"185.3","4.34085475","2024-05-25T20:25:52.589Z","ask"
"185.32","6.89666468","2024-05-25T20:25:52.589Z","ask"
"185.35","0.01165365","2024-05-25T20:25:52.589Z","ask"
"185.36","0.02881014","2024-05-25T20:25:52.589Z","ask"
"185.37","3.07170162","2024-05-25T20:25:52.589Z","ask"
"185.38","75.9425723","2024-05-25T20:25:52.589Z","ask"
"185.39","1.1296416","2024-05-25T20:25:52.589Z","ask"
"185.4","0.52766261","2024-05-25T20:25:52.589Z","ask"
"185.41","0.00011137","2024-05-25T20:25:52.589Z","ask"
"185.43","0.48620767","2024-05-25T20:25:52.589Z","ask"
"185.44","2.82852535","2024-05-25T20:25:52.589Z","ask"
"185.46","0.83890592","2024-05-25T20:25:52.589Z","ask"
"185.47","0.28858806","2024-05-25T20:25:52.589Z","ask"
"185.5","40.99920373","2024-05-25T20:25:52.589Z","ask"
"185.53","0.9724","2024-05-25T20:25:52.589Z","ask"
"185.54","1.12479145","2024-05-25T20:25:52.589Z","ask"
"185.6","16.5","2024-05-25T20:25:52.589Z","ask"
"185.63","0.12052788","2024-05-25T20:25:52.589Z","ask"
"185.64","0.26933088","2024-05-25T20:25:52.589Z","ask"
"185.65","0.40757552","2024-05-25T20:25:52.589Z","ask"
"185.66","1.78631301","2024-05-25T20:25:52.589Z","ask"
"185.68","20.34979239","2024-05-25T20:25:52.589Z","ask"
"185.7","0.14966017","2024-05-25T20:25:52.589Z","ask"
"185.71","1.45160742","2024-05-25T20:25:52.589Z","ask"
"185.73","24.156","2024-05-25T20:25:52.589Z","ask"
"185.75","0.09709609","2024-05-25T20:25:52.589Z","ask"
"185.77","12.41227737","2024-05-25T20:25:52.589Z","ask"
"185.79","0.00038056","2024-05-25T20:25:52.589Z","ask"
"185.81","0.16152138","2024-05-25T20:25:52.589Z","ask"
"185.82","69.21","2024-05-25T20:25:52.589Z","ask"
"185.83","0.08071507","2024-05-25T20:25:52.589Z","ask"
"185.84","0.08514154","2024-05-25T20:25:52.589Z","ask"
"185.86","0.16550463","2024-05-25T20:25:52.589Z","ask"
"185.88","0.83197684","2024-05-25T20:25:52.589Z","ask"
"185.89","5.93462682","2024-05-25T20:25:52.589Z","ask"
"185.9","0.35","2024-05-25T20:25:52.589Z","ask"
"185.91","0.07592968","2024-05-25T20:25:52.589Z","ask"
"185.92","0.14880594","2024-05-25T20:25:52.589Z","ask"
"185.93","3.87590185","2024-05-25T20:25:52.589Z","ask"
"185.95","4.54092788","2024-05-25T20:25:52.589Z","ask"
"185.97","0.21086011","2024-05-25T20:25:52.589Z","ask"
"185.99","8.25146892","2024-05-25T20:25:52.589Z","ask"
"186","877.0340244","2024-05-25T20:25:52.590Z","ask"
"186.01","6.53426685","2024-05-25T20:25:52.590Z","ask"
"186.02","0.21461041","2024-05-25T20:25:52.590Z","ask"
"186.03","0.11464902","2024-05-25T20:25:52.590Z","ask"
"186.04","0.37251212","2024-05-25T20:25:52.590Z","ask"
"186.05","0.20896131","2024-05-25T20:25:52.590Z","ask"
"186.08","119","2024-05-25T20:25:52.590Z","ask"
"186.09","2.15658472","2024-05-25T20:25:52.590Z","ask"
"186.1","2.46241397","2024-05-25T20:25:52.590Z","ask"
"186.11","1.95960631","2024-05-25T20:25:52.590Z","ask"
"186.12","5.61042875","2024-05-25T20:25:52.590Z","ask"
"186.13","0.06070264","2024-05-25T20:25:52.590Z","ask"
"186.14","0.24986752","2024-05-25T20:25:52.590Z","ask"
"186.15","0.38394709","2024-05-25T20:25:52.590Z","ask"
"186.16","0.23184834","2024-05-25T20:25:52.590Z","ask"
"186.18","0.73816874","2024-05-25T20:25:52.590Z","ask"
"186.21","27.15801444","2024-05-25T20:25:52.590Z","ask"
"186.22","11.65570293","2024-05-25T20:25:52.590Z","ask"
"186.24","6.92192526","2024-05-25T20:25:52.590Z","ask"
"186.25","0.56883019","2024-05-25T20:25:52.590Z","ask"
"186.26","0.04834163","2024-05-25T20:25:52.590Z","ask"
"186.28","1.51944584","2024-05-25T20:25:52.590Z","ask"
"186.3","45.63168","2024-05-25T20:25:52.590Z","ask"
"186.31","0.09680567","2024-05-25T20:25:52.590Z","ask"
"186.32","0.32825388","2024-05-25T20:25:52.590Z","ask"
"186.33","3.80207778","2024-05-25T20:25:52.590Z","ask"
"186.34","0.35480911","2024-05-25T20:25:52.590Z","ask"
"186.35","50.06449564","2024-05-25T20:25:52.590Z","ask"
"186.36","5.65219854","2024-05-25T20:25:52.590Z","ask"
"186.37","2.85418382","2024-05-25T20:25:52.590Z","ask"
"186.39","0.06448523","2024-05-25T20:25:52.590Z","ask"
"186.41","0.57742242","2024-05-25T20:25:52.590Z","ask"
"186.43","21.37811458","2024-05-25T20:25:52.590Z","ask"
"186.45","13.74830455","2024-05-25T20:25:52.590Z","ask"
"186.47","17.35425977","2024-05-25T20:25:52.590Z","ask"
"186.48","1.5","2024-05-25T20:25:52.590Z","ask"
"186.5","6.63537675","2024-05-25T20:25:52.590Z","ask"
"186.51","0.57817119","2024-05-25T20:25:52.590Z","ask"
"186.52","0.90628718","2024-05-25T20:25:52.590Z","ask"
"186.53","6.86780035","2024-05-25T20:25:52.590Z","ask"
"186.54","0.34329271","2024-05-25T20:25:52.590Z","ask"
"186.55","0.12885258","2024-05-25T20:25:52.590Z","ask"
"186.56","0.24826066","2024-05-25T20:25:52.590Z","ask"
"186.57","1.01529289","2024-05-25T20:25:52.590Z","ask"
"186.58","0.23057996","2024-05-25T20:25:52.590Z","ask"
"186.6","0.12882139","2024-05-25T20:25:52.590Z","ask"
"186.61","0.5394688","2024-05-25T20:25:52.590Z","ask"
"186.62","34.45064152","2024-05-25T20:25:52.590Z","ask"
"186.64","0.78889805","2024-05-25T20:25:52.590Z","ask"
"186.66","17.68231607","2024-05-25T20:25:52.590Z","ask"
"186.68","3.55823084","2024-05-25T20:25:52.590Z","ask"
"186.69","118.44007889","2024-05-25T20:25:52.590Z","ask"
"186.7","11.41539439","2024-05-25T20:25:52.590Z","ask"
"186.71","0.09120523","2024-05-25T20:25:52.590Z","ask"
"186.75","361.891","2024-05-25T20:25:52.590Z","ask"
"186.77","7.74276723","2024-05-25T20:25:52.590Z","ask"
"186.78","49.74139963","2024-05-25T20:25:52.590Z","ask"
"186.8","0.54221113","2024-05-25T20:25:52.590Z","ask"
"186.81","1.61367367","2024-05-25T20:25:52.590Z","ask"
"186.82","68","2024-05-25T20:25:52.590Z","ask"
"186.83","0.39177279","2024-05-25T20:25:52.590Z","ask"
"186.84","54.49142945","2024-05-25T20:25:52.590Z","ask"
"186.85","4.73191098","2024-05-25T20:25:52.590Z","ask"
"186.86","34.77275043","2024-05-25T20:25:52.590Z","ask"
"186.87","0.09651613","2024-05-25T20:25:52.590Z","ask"
"186.89","15.48119885","2024-05-25T20:25:52.590Z","ask"
"186.91","24.71485923","2024-05-25T20:25:52.590Z","ask"
"186.92","19.84678874","2024-05-25T20:25:52.590Z","ask"
"186.93","17.62568956","2024-05-25T20:25:52.590Z","ask"
"186.94","3.85685287","2024-05-25T20:25:52.590Z","ask"
"186.95","2.19977844","2024-05-25T20:25:52.590Z","ask"
"186.96","1.98459506","2024-05-25T20:25:52.590Z","ask"
"186.99","16.02174394","2024-05-25T20:25:52.590Z","ask"
"187","1453.69948431","2024-05-25T20:25:52.590Z","ask"
"187.06","5.43660899","2024-05-25T20:25:52.590Z","ask"
"187.07","36.21907165","2024-05-25T20:25:52.590Z","ask"
"187.11","1.96578328","2024-05-25T20:25:52.590Z","ask"
"187.13","2.6933148","2024-05-25T20:25:52.590Z","ask"
"187.15","0.54914147","2024-05-25T20:25:52.590Z","ask"
"187.16","1.69566043","2024-05-25T20:25:52.590Z","ask"
"187.17","0.11958483","2024-05-25T20:25:52.590Z","ask"
"187.19","0.05374959","2024-05-25T20:25:52.590Z","ask"
"187.2","30.13126515","2024-05-25T20:25:52.590Z","ask"
"187.21","0.06420534","2024-05-25T20:25:52.590Z","ask"
"187.22","0.00887082","2024-05-25T20:25:52.590Z","ask"
"187.25","10.19257436","2024-05-25T20:25:52.590Z","ask"
"187.26","54","2024-05-25T20:25:52.590Z","ask"
"187.27","16.0596999","2024-05-25T20:25:52.590Z","ask"
"187.28","0.55916811","2024-05-25T20:25:52.590Z","ask"
"187.29","1.09489357","2024-05-25T20:25:52.590Z","ask"
"187.3","1.34880166","2024-05-25T20:25:52.590Z","ask"
"187.33","0.06416408","2024-05-25T20:25:52.590Z","ask"
"187.34","0.3011811","2024-05-25T20:25:52.590Z","ask"
"187.36","0.01862932","2024-05-25T20:25:52.590Z","ask"
"187.37","0.29682907","2024-05-25T20:25:52.590Z","ask"
"187.38","4.56784074","2024-05-25T20:25:52.590Z","ask"
"187.39","2.38989499","2024-05-25T20:25:52.590Z","ask"
"187.43","0.09622744","2024-05-25T20:25:52.590Z","ask"
"187.45","0.21393957","2024-05-25T20:25:52.590Z","ask"
"187.46","2335.13269543","2024-05-25T20:25:52.590Z","ask"
"187.49","0.05413993","2024-05-25T20:25:52.590Z","ask"
"187.5","366.83858867","2024-05-25T20:25:52.590Z","ask"
"187.51","0.29354281","2024-05-25T20:25:52.590Z","ask"
"187.52","1.05509107","2024-05-25T20:25:52.590Z","ask"
"187.53","2671.35714169","2024-05-25T20:25:52.590Z","ask"
"187.55","0.27957663","2024-05-25T20:25:52.590Z","ask"
"187.56","5.52368736","2024-05-25T20:25:52.590Z","ask"
"187.57","0.47818495","2024-05-25T20:25:52.590Z","ask"
"187.58","0.12815658","2024-05-25T20:25:52.590Z","ask"
"187.59","12.57865329","2024-05-25T20:25:52.590Z","ask"
"187.6","0.32034691","2024-05-25T20:25:52.590Z","ask"
"187.61","1.83876923","2024-05-25T20:25:52.590Z","ask"
"187.62","0.4335705","2024-05-25T20:25:52.590Z","ask"
"187.64","1.19216636","2024-05-25T20:25:52.590Z","ask"
"187.65","0.4400225","2024-05-25T20:25:52.590Z","ask"
"187.66","1.89432373","2024-05-25T20:25:52.590Z","ask"
"187.68","0.12808466","2024-05-25T20:25:52.590Z","ask"
"187.72","100.85968363","2024-05-25T20:25:52.590Z","ask"
"187.73","0.06953377","2024-05-25T20:25:52.590Z","ask"
"187.74","0.06402351","2024-05-25T20:25:52.590Z","ask"
"187.75","107.41408395","2024-05-25T20:25:52.590Z","ask"
"187.76","6.77842424","2024-05-25T20:25:52.590Z","ask"
"187.77","62.12136956","2024-05-25T20:25:52.590Z","ask"
"187.78","8.63710644","2024-05-25T20:25:52.590Z","ask"
"187.79","0.1280094","2024-05-25T20:25:52.590Z","ask"
"187.8","9.06399958","2024-05-25T20:25:52.590Z","ask"
"187.81","0.06399958","2024-05-25T20:25:52.590Z","ask"
"187.82","0.06399615","2024-05-25T20:25:52.590Z","ask"
"187.84","45.17888956","2024-05-25T20:25:52.590Z","ask"
"187.85","0.12993374","2024-05-25T20:25:52.590Z","ask"
"187.87","0.16430864","2024-05-25T20:25:52.590Z","ask"
"187.89","25.45154905","2024-05-25T20:25:52.590Z","ask"
"187.9","59.01570119","2024-05-25T20:25:52.590Z","ask"
"187.95","507.35797784","2024-05-25T20:25:52.590Z","ask"
"187.97","0.34952337","2024-05-25T20:25:52.590Z","ask"
"187.98","0.78000731","2024-05-25T20:25:52.590Z","ask"
"187.99","2.13355959","2024-05-25T20:25:52.590Z","ask"
"188","3086.77778711","2024-05-25T20:25:52.590Z","ask"
"188.01","0.18762062","2024-05-25T20:25:52.590Z","ask"
"188.02","0.06392786","2024-05-25T20:25:52.590Z","ask"
"188.03","0.30690058","2024-05-25T20:25:52.590Z","ask"
"188.04","0.1623968","2024-05-25T20:25:52.590Z","ask"
"188.06","0.02679996","2024-05-25T20:25:52.590Z","ask"
"188.07","0.06391082","2024-05-25T20:25:52.590Z","ask"
"188.08","0.15074929","2024-05-25T20:25:52.590Z","ask"
"188.09","0.1278012","2024-05-25T20:25:52.590Z","ask"
"188.1","8.88069204","2024-05-25T20:25:52.590Z","ask"
"188.11","3.22228224","2024-05-25T20:25:52.590Z","ask"
"188.12","0.31778415","2024-05-25T20:25:52.590Z","ask"
"188.13","0.11175046","2024-05-25T20:25:52.590Z","ask"
"188.15","0.42131342","2024-05-25T20:25:52.590Z","ask"
"188.16","0.84939922","2024-05-25T20:25:52.590Z","ask"
"188.18","1251.44852275","2024-05-25T20:25:52.590Z","ask"
"188.19","0.42841873","2024-05-25T20:25:52.590Z","ask"
"188.2","0.06386654","2024-05-25T20:25:52.590Z","ask"
"188.21","87.50419791","2024-05-25T20:25:52.590Z","ask"
"188.22","0.106","2024-05-25T20:25:52.590Z","ask"
"188.23","5.65992585","2024-05-25T20:25:52.590Z","ask"
"188.25","4.3345234","2024-05-25T20:25:52.590Z","ask"
"188.28","0.11883931","2024-05-25T20:25:52.590Z","ask"
"188.29","0.51203588","2024-05-25T20:25:52.590Z","ask"
"188.3","40.11379064","2024-05-25T20:25:52.590Z","ask"
"188.31","1.87530315","2024-05-25T20:25:52.590Z","ask"
"188.32","0.01226753","2024-05-25T20:25:52.590Z","ask"
"188.33","20.05070311","2024-05-25T20:25:52.590Z","ask"
"188.34","1.59021943","2024-05-25T20:25:52.590Z","ask"
"188.35","0.48460022","2024-05-25T20:25:52.590Z","ask"
"188.39","0.06380191","2024-05-25T20:25:52.590Z","ask"
"188.43","1.0026783","2024-05-25T20:25:52.590Z","ask"
"188.44","0.27331236","2024-05-25T20:25:52.590Z","ask"
"188.45","0.45267074","2024-05-25T20:25:52.590Z","ask"
"188.46","0.0320121","2024-05-25T20:25:52.590Z","ask"
"188.47","0.00037548","2024-05-25T20:25:52.590Z","ask"
"188.48","0.47393945","2024-05-25T20:25:52.590Z","ask"
"188.49","0.08307161","2024-05-25T20:25:52.590Z","ask"
"188.5","152.00025154","2024-05-25T20:25:52.590Z","ask"
"188.51","1.11883471","2024-05-25T20:25:52.590Z","ask"
"188.52","3.0271879","2024-05-25T20:25:52.590Z","ask"
"188.54","0.31197078","2024-05-25T20:25:52.590Z","ask"
"188.55","2.76677021","2024-05-25T20:25:52.590Z","ask"
"188.56","0.09679821","2024-05-25T20:25:52.590Z","ask"
"188.59","0.06373065","2024-05-25T20:25:52.590Z","ask"
"188.6","0.15913833","2024-05-25T20:25:52.590Z","ask"
"188.62","280.51918677","2024-05-25T20:25:52.590Z","ask"
"188.63","0.0637171","2024-05-25T20:25:52.590Z","ask"
"188.64","0.15","2024-05-25T20:25:52.590Z","ask"
"188.65","0.60062646","2024-05-25T20:25:52.590Z","ask"
"188.66","0.19267919","2024-05-25T20:25:52.590Z","ask"
"188.68","0.06370355","2024-05-25T20:25:52.590Z","ask"
"188.69","10.12740032","2024-05-25T20:25:52.590Z","ask"
"188.7","470.96493163","2024-05-25T20:25:52.590Z","ask"
"188.71","0.06369339","2024-05-25T20:25:52.590Z","ask"
"188.72","0.06369","2024-05-25T20:25:52.590Z","ask"
"188.73","40","2024-05-25T20:25:52.590Z","ask"
"188.74","0.12736308","2024-05-25T20:25:52.590Z","ask"
"188.75","2.32074848","2024-05-25T20:25:52.590Z","ask"
"188.77","0.99005503","2024-05-25T20:25:52.590Z","ask"
"188.78","25.35119446","2024-05-25T20:25:52.590Z","ask"
"188.79","153.19415421","2024-05-25T20:25:52.590Z","ask"
"188.8","42.65774284","2024-05-25T20:25:52.590Z","ask"
"188.81","8.12807912","2024-05-25T20:25:52.590Z","ask"
"188.82","0.17661373","2024-05-25T20:25:52.590Z","ask"
"188.83","0.19555541","2024-05-25T20:25:52.590Z","ask"
"188.84","0.16346242","2024-05-25T20:25:52.590Z","ask"
"188.86","0.77728785","2024-05-25T20:25:52.590Z","ask"
"188.88","34.33907115","2024-05-25T20:25:52.590Z","ask"
"188.89","1.68501361","2024-05-25T20:25:52.590Z","ask"
"188.9","625.51838246","2024-05-25T20:25:52.590Z","ask"
"188.91","0.06362575","2024-05-25T20:25:52.590Z","ask"
"188.92","0.16206432","2024-05-25T20:25:52.590Z","ask"
"188.93","77.04047853","2024-05-25T20:25:52.590Z","ask"
"188.94","0.12936744","2024-05-25T20:25:52.590Z","ask"
"188.95","0.65645799","2024-05-25T20:25:52.590Z","ask"
"188.96","2.22547847","2024-05-25T20:25:52.590Z","ask"
"188.97","2.91575326","2024-05-25T20:25:52.590Z","ask"
"188.98","50.39180107","2024-05-25T20:25:52.590Z","ask"
"188.99","141.59870712","2024-05-25T20:25:52.590Z","ask"
"189","1543.37855067","2024-05-25T20:25:52.590Z","ask"
"189.01","0.12718396","2024-05-25T20:25:52.590Z","ask"
"189.02","7.67102294","2024-05-25T20:25:52.590Z","ask"
"189.04","0.06580641","2024-05-25T20:25:52.590Z","ask"
"189.05","0.55731731","2024-05-25T20:25:52.590Z","ask"
"189.06","3.71499409","2024-05-25T20:25:52.590Z","ask"
"189.07","40.17476508","2024-05-25T20:25:52.590Z","ask"
"189.08","505.77937591","2024-05-25T20:25:52.590Z","ask"
"189.09","1.56906039","2024-05-25T20:25:52.590Z","ask"
"189.1","18.44025298","2024-05-25T20:25:52.590Z","ask"
"189.11","0.1731378","2024-05-25T20:25:52.590Z","ask"
"189.12","74.36355487","2024-05-25T20:25:52.590Z","ask"
"189.13","0.38139077","2024-05-25T20:25:52.590Z","ask"
"189.16","0.15","2024-05-25T20:25:52.590Z","ask"
"189.17","0.35480911","2024-05-25T20:25:52.590Z","ask"
"189.18","55.51562387","2024-05-25T20:25:52.590Z","ask"
"189.19","0.18363937","2024-05-25T20:25:52.590Z","ask"
"189.21","7.87506914","2024-05-25T20:25:52.590Z","ask"
"189.23","3.02084093","2024-05-25T20:25:52.590Z","ask"
"189.24","0.07970039","2024-05-25T20:25:52.590Z","ask"
"189.25","3.42590766","2024-05-25T20:25:52.590Z","ask"
"189.26","1.24030367","2024-05-25T20:25:52.590Z","ask"
"189.27","0.66322651","2024-05-25T20:25:52.590Z","ask"
"189.28","2.98477157","2024-05-25T20:25:52.590Z","ask"
"189.31","1.66094791","2024-05-25T20:25:52.590Z","ask"
"189.32","0.39358094","2024-05-25T20:25:52.590Z","ask"
"189.35","19.13813228","2024-05-25T20:25:52.590Z","ask"
"189.36","76.31326685","2024-05-25T20:25:52.590Z","ask"
"189.37","8.73467831","2024-05-25T20:25:52.590Z","ask"
"189.39","24.1246913","2024-05-25T20:25:52.590Z","ask"
"189.4","8.16369342","2024-05-25T20:25:52.590Z","ask"
"189.41","0.08307161","2024-05-25T20:25:52.590Z","ask"
"189.42","3.90653284","2024-05-25T20:25:52.590Z","ask"
"189.43","0.09581528","2024-05-25T20:25:52.590Z","ask"
"189.44","1.5","2024-05-25T20:25:52.590Z","ask"
"189.45","106.53716875","2024-05-25T20:25:52.590Z","ask"
"189.46","0.06683933","2024-05-25T20:25:52.590Z","ask"
"189.47","28.48209696","2024-05-25T20:25:52.590Z","ask"
"189.49","4.26386547","2024-05-25T20:25:52.590Z","ask"
"189.5","31.69878755","2024-05-25T20:25:52.590Z","ask"
"189.54","0.22989271","2024-05-25T20:25:52.590Z","ask"
"189.55","1.75096722","2024-05-25T20:25:52.590Z","ask"
"189.58","12.87304945","2024-05-25T20:25:52.590Z","ask"
"189.6","0.49767955","2024-05-25T20:25:52.590Z","ask"
"189.61","1.2628738","2024-05-25T20:25:52.590Z","ask"
"189.63","120.72451606","2024-05-25T20:25:52.590Z","ask"
"189.65","4.74273662","2024-05-25T20:25:52.590Z","ask"
"189.67","28.79357369","2024-05-25T20:25:52.590Z","ask"
"189.69","2.7857462","2024-05-25T20:25:52.590Z","ask"
"189.7","31.88519019","2024-05-25T20:25:52.590Z","ask"
"189.71","1.53013777","2024-05-25T20:25:52.590Z","ask"
"189.72","0.00247902","2024-05-25T20:25:52.590Z","ask"
"189.73","0.694","2024-05-25T20:25:52.590Z","ask"
"189.74","0.23732425","2024-05-25T20:25:52.590Z","ask"
"189.76","3.91186469","2024-05-25T20:25:52.590Z","ask"
"189.79","9.62200307","2024-05-25T20:25:52.590Z","ask"
"189.8","10.62615969","2024-05-25T20:25:52.590Z","ask"
"189.81","0.27185268","2024-05-25T20:25:52.590Z","ask"
"189.82","0.2433639","2024-05-25T20:25:52.590Z","ask"
"189.85","0.00000001","2024-05-25T20:25:52.590Z","ask"
"189.86","0.99017605","2024-05-25T20:25:52.590Z","ask"
"189.87","4.11532805","2024-05-25T20:25:52.590Z","ask"
"189.88","0.55757736","2024-05-25T20:25:52.590Z","ask"
"189.89","2.68610181","2024-05-25T20:25:52.590Z","ask"
"189.9","21.30293441","2024-05-25T20:25:52.590Z","ask"
"189.92","0.5","2024-05-25T20:25:52.590Z","ask"
"189.93","5","2024-05-25T20:25:52.590Z","ask"
"189.95","100.09731136","2024-05-25T20:25:52.590Z","ask"
"189.96","68.91037303","2024-05-25T20:25:52.590Z","ask"
"189.98","93.00463053","2024-05-25T20:25:52.590Z","ask"
"189.99","17.07403206","2024-05-25T20:25:52.590Z","ask"
"190","4075.6353889","2024-05-25T20:25:52.590Z","ask"
"190.01","0.06570666","2024-05-25T20:25:52.590Z","ask"
"190.02","0.04738299","2024-05-25T20:25:52.590Z","ask"
"190.04","0.09713161","2024-05-25T20:25:52.590Z","ask"
"190.05","30.52892694","2024-05-25T20:25:52.590Z","ask"
"190.08","7.49867013","2024-05-25T20:25:52.590Z","ask"
"190.1","11.06186008","2024-05-25T20:25:52.590Z","ask"
"190.11","0.02893061","2024-05-25T20:25:52.590Z","ask"
"190.12","1.98345688","2024-05-25T20:25:52.590Z","ask"
"190.13","0.21992412","2024-05-25T20:25:52.590Z","ask"
"190.14","1.62438161","2024-05-25T20:25:52.590Z","ask"
"190.15","165","2024-05-25T20:25:52.590Z","ask"
"190.17","0.16403324","2024-05-25T20:25:52.590Z","ask"
"190.18","0.00211484","2024-05-25T20:25:52.590Z","ask"
"190.19","0.3","2024-05-25T20:25:52.590Z","ask"
"190.2","19.6396218","2024-05-25T20:25:52.590Z","ask"
"190.21","1.52045548","2024-05-25T20:25:52.590Z","ask"
"190.22","0.14023656","2024-05-25T20:25:52.590Z","ask"
"190.23","7.3907576","2024-05-25T20:25:52.590Z","ask"
"190.25","0.99024288","2024-05-25T20:25:52.590Z","ask"
"190.26","0.21393957","2024-05-25T20:25:52.590Z","ask"
"190.31","0.08307161","2024-05-25T20:25:52.590Z","ask"
"190.32","0.9890909","2024-05-25T20:25:52.590Z","ask"
"190.33","0.55311374","2024-05-25T20:25:52.590Z","ask"
"190.34","3.92022103","2024-05-25T20:25:52.590Z","ask"
"190.35","22.65945413","2024-05-25T20:25:52.590Z","ask"
"190.37","0.45790859","2024-05-25T20:25:52.590Z","ask"
"190.4","3.89781222","2024-05-25T20:25:52.590Z","ask"
"190.42","0.15817666","2024-05-25T20:25:52.590Z","ask"
"190.45","4.33035767","2024-05-25T20:25:52.590Z","ask"
"190.46","1.53056785","2024-05-25T20:25:52.590Z","ask"
"190.47","0.1723","2024-05-25T20:25:52.590Z","ask"
"190.49","8.59132958","2024-05-25T20:25:52.590Z","ask"
"190.5","102.62467191","2024-05-25T20:25:52.590Z","ask"
"190.51","0.54340089","2024-05-25T20:25:52.590Z","ask"
"190.52","0.54","2024-05-25T20:25:52.590Z","ask"
"190.54","0.8335395","2024-05-25T20:25:52.590Z","ask"
"190.56","0.0540519","2024-05-25T20:25:52.590Z","ask"
"190.57","0.01890654","2024-05-25T20:25:52.590Z","ask"
"190.59","0.91820137","2024-05-25T20:25:52.590Z","ask"
"190.61","1.1061967","2024-05-25T20:25:52.590Z","ask"
"190.63","20.83122615","2024-05-25T20:25:52.590Z","ask"
"190.66","6","2024-05-25T20:25:52.590Z","ask"
"190.69","1.11996433","2024-05-25T20:25:52.590Z","ask"
"190.7","3","2024-05-25T20:25:52.590Z","ask"
"190.71","0.11183562","2024-05-25T20:25:52.590Z","ask"
"190.74","1.1513179","2024-05-25T20:25:52.590Z","ask"
"190.75","6.55219107","2024-05-25T20:25:52.590Z","ask"
"190.77","7.62409863","2024-05-25T20:25:52.590Z","ask"
"190.78","1.34716545","2024-05-25T20:25:52.590Z","ask"
"190.79","0.34989632","2024-05-25T20:25:52.590Z","ask"
"190.8","0.38823163","2024-05-25T20:25:52.590Z","ask"
"190.83","0.00212176","2024-05-25T20:25:52.590Z","ask"
"190.86","2.5","2024-05-25T20:25:52.590Z","ask"
"190.87","0.02263419","2024-05-25T20:25:52.590Z","ask"
"190.88","1","2024-05-25T20:25:52.590Z","ask"
"190.91","0.08854819","2024-05-25T20:25:52.590Z","ask"
"190.95","5","2024-05-25T20:25:52.590Z","ask"
"190.97","62.39423234","2024-05-25T20:25:52.590Z","ask"
"190.98","0.04714674","2024-05-25T20:25:52.590Z","ask"
"190.99","0.86553784","2024-05-25T20:25:52.590Z","ask"
"191","557.41041477","2024-05-25T20:25:52.590Z","ask"
"191.01","6.18364322","2024-05-25T20:25:52.590Z","ask"
"191.02","0.01209416","2024-05-25T20:25:52.590Z","ask"
"191.03","27.54222778","2024-05-25T20:25:52.590Z","ask"
"191.04","1.13166871","2024-05-25T20:25:52.590Z","ask"
"191.05","1.58283171","2024-05-25T20:25:52.590Z","ask"
"191.06","0.00067017","2024-05-25T20:25:52.590Z","ask"
"191.09","206.00082256","2024-05-25T20:25:52.590Z","ask"
"191.11","12.82073172","2024-05-25T20:25:52.590Z","ask"
"191.13","112.54178438","2024-05-25T20:25:52.590Z","ask"
"191.14","8.28465488","2024-05-25T20:25:52.590Z","ask"
"191.15","0.26758","2024-05-25T20:25:52.590Z","ask"
"191.16","0.29094629","2024-05-25T20:25:52.590Z","ask"
"191.17","0.65665469","2024-05-25T20:25:52.590Z","ask"
"191.21","74.11427492","2024-05-25T20:25:52.590Z","ask"
"191.22","6.53993583","2024-05-25T20:25:52.590Z","ask"
"191.24","2","2024-05-25T20:25:52.590Z","ask"
"191.25","55.16713391","2024-05-25T20:25:52.590Z","ask"
"191.26","0.15","2024-05-25T20:25:52.590Z","ask"
"191.27","0.01572385","2024-05-25T20:25:52.590Z","ask"
"191.28","0.06483869","2024-05-25T20:25:52.590Z","ask"
"191.3","0.1633779","2024-05-25T20:25:52.590Z","ask"
"191.32","0.34190253","2024-05-25T20:25:52.590Z","ask"
"191.33","0.3","2024-05-25T20:25:52.590Z","ask"
"191.35","0.00000001","2024-05-25T20:25:52.590Z","ask"
"191.37","1.11883471","2024-05-25T20:25:52.590Z","ask"
"191.38","0.49216219","2024-05-25T20:25:52.590Z","ask"
"191.39","6.043","2024-05-25T20:25:52.590Z","ask"
"191.4","0.00000001","2024-05-25T20:25:52.590Z","ask"
"191.42","0.15714412","2024-05-25T20:25:52.590Z","ask"
"191.44","0.00131634","2024-05-25T20:25:52.590Z","ask"
"191.45","8.13904454","2024-05-25T20:25:52.590Z","ask"
"191.46","10.44599394","2024-05-25T20:25:52.590Z","ask"
"191.48","21.97153933","2024-05-25T20:25:52.590Z","ask"
"191.5","86.63033551","2024-05-25T20:25:52.590Z","ask"
"191.53","8","2024-05-25T20:25:52.590Z","ask"
"191.55","17.72013925","2024-05-25T20:25:52.590Z","ask"
"191.56","0.10818052","2024-05-25T20:25:52.590Z","ask"
"191.57","2.02785147","2024-05-25T20:25:52.590Z","ask"
"191.58","0.00131212","2024-05-25T20:25:52.590Z","ask"
"191.6","19.48235865","2024-05-25T20:25:52.590Z","ask"
"191.61","0.31630942","2024-05-25T20:25:52.590Z","ask"
"191.62","33.22456364","2024-05-25T20:25:52.590Z","ask"
"191.63","0.97129028","2024-05-25T20:25:52.590Z","ask"
"191.65","0.1112859","2024-05-25T20:25:52.590Z","ask"
"191.66","2.75536381","2024-05-25T20:25:52.590Z","ask"
"191.67","8.00661559","2024-05-25T20:25:52.590Z","ask"
"191.68","0.167","2024-05-25T20:25:52.590Z","ask"
"191.69","14.00856718","2024-05-25T20:25:52.590Z","ask"
"191.71","0.14914842","2024-05-25T20:25:52.590Z","ask"
"191.73","2.05119024","2024-05-25T20:25:52.590Z","ask"
"191.75","12.70175716","2024-05-25T20:25:52.590Z","ask"
"191.76","380.1629412","2024-05-25T20:25:52.590Z","ask"
"191.77","362.36021957","2024-05-25T20:25:52.590Z","ask"
"191.78","0.31095824","2024-05-25T20:25:52.590Z","ask"
"191.8","0.53405348","2024-05-25T20:25:52.590Z","ask"
"191.81","0.23184834","2024-05-25T20:25:52.590Z","ask"
"191.84","0.00000001","2024-05-25T20:25:52.590Z","ask"
"191.85","27.43918245","2024-05-25T20:25:52.590Z","ask"
"191.86","0.12923547","2024-05-25T20:25:52.590Z","ask"
"191.87","0.00286785","2024-05-25T20:25:52.590Z","ask"
"191.89","0.08","2024-05-25T20:25:52.590Z","ask"
"191.9","0.26889353","2024-05-25T20:25:52.590Z","ask"
"191.93","0.35440118","2024-05-25T20:25:52.590Z","ask"
"191.94","0.05094631","2024-05-25T20:25:52.590Z","ask"
"191.96","5.20941862","2024-05-25T20:25:52.590Z","ask"
"191.97","0.24378809","2024-05-25T20:25:52.590Z","ask"
"191.98","1","2024-05-25T20:25:52.590Z","ask"
"191.99","6.87972846","2024-05-25T20:25:52.590Z","ask"
"192","1761.16961756","2024-05-25T20:25:52.590Z","ask"
"192.02","2.96158306","2024-05-25T20:25:52.590Z","ask"
"192.03","2","2024-05-25T20:25:52.590Z","ask"
"192.05","25.56147955","2024-05-25T20:25:52.590Z","ask"
"192.07","0.36814323","2024-05-25T20:25:52.590Z","ask"
"192.1","1.94059648","2024-05-25T20:25:52.590Z","ask"
"192.12","0.37256056","2024-05-25T20:25:52.590Z","ask"
"192.13","0.65336571","2024-05-25T20:25:52.590Z","ask"
"192.14","0.00165957","2024-05-25T20:25:52.590Z","ask"
"192.16","0.42332958","2024-05-25T20:25:52.590Z","ask"
"192.17","128.26353961","2024-05-25T20:25:52.590Z","ask"
"192.18","0.2175809","2024-05-25T20:25:52.590Z","ask"
"192.19","5.48606528","2024-05-25T20:25:52.590Z","ask"
"192.21","0.68108109","2024-05-25T20:25:52.590Z","ask"
"192.22","2.87595712","2024-05-25T20:25:52.590Z","ask"
"192.23","0.01569214","2024-05-25T20:25:52.590Z","ask"
"192.24","3.00035109","2024-05-25T20:25:52.590Z","ask"
"192.25","2.58385224","2024-05-25T20:25:52.590Z","ask"
"192.26","0.1778968","2024-05-25T20:25:52.590Z","ask"
"192.29","1","2024-05-25T20:25:52.590Z","ask"
"192.31","0.15","2024-05-25T20:25:52.590Z","ask"
"192.32","2","2024-05-25T20:25:52.590Z","ask"
"192.36","1.62956702","2024-05-25T20:25:52.590Z","ask"
"192.37","0.1","2024-05-25T20:25:52.590Z","ask"
"192.38","7.51701505","2024-05-25T20:25:52.590Z","ask"
"192.39","105.5517184","2024-05-25T20:25:52.590Z","ask"
"192.4","28.37571691","2024-05-25T20:25:52.590Z","ask"
"192.42","0.00130639","2024-05-25T20:25:52.590Z","ask"
"192.43","5.49035101","2024-05-25T20:25:52.590Z","ask"
"192.44","0.53860638","2024-05-25T20:25:52.590Z","ask"
"192.45","1.41160514","2024-05-25T20:25:52.590Z","ask"
"192.46","0.60485793","2024-05-25T20:25:52.590Z","ask"
"192.48","0.9025337","2024-05-25T20:25:52.590Z","ask"
"192.49","0.00035164","2024-05-25T20:25:52.590Z","ask"
"192.5","1471.15668298","2024-05-25T20:25:52.590Z","ask"
"192.51","0.00035039","2024-05-25T20:25:52.590Z","ask"
"192.53","0.17688568","2024-05-25T20:25:52.590Z","ask"
"192.55","887.92865768","2024-05-25T20:25:52.590Z","ask"
"192.56","0.06440819","2024-05-25T20:25:52.590Z","ask"
"192.57","26.22930057","2024-05-25T20:25:52.590Z","ask"
"192.58","2.5","2024-05-25T20:25:52.590Z","ask"
"192.59","5","2024-05-25T20:25:52.590Z","ask"
"192.6","13.2880156","2024-05-25T20:25:52.590Z","ask"
"192.61","0.11073573","2024-05-25T20:25:52.590Z","ask"
"192.62","3.74316901","2024-05-25T20:25:52.590Z","ask"
"192.64","0.10439161","2024-05-25T20:25:52.590Z","ask"
"192.69","0.7609399","2024-05-25T20:25:52.590Z","ask"
"192.7","0.00130449","2024-05-25T20:25:52.590Z","ask"
"192.73","14.76868321","2024-05-25T20:25:52.590Z","ask"
"192.74","6.71075999","2024-05-25T20:25:52.590Z","ask"
"192.76","0.0686704","2024-05-25T20:25:52.590Z","ask"
"192.77","9.63344908","2024-05-25T20:25:52.590Z","ask"
"192.78","6.8","2024-05-25T20:25:52.590Z","ask"
"192.79","0.00078428","2024-05-25T20:25:52.590Z","ask"
"192.8","0.53874799","2024-05-25T20:25:52.590Z","ask"
"192.82","0.002506","2024-05-25T20:25:52.590Z","ask"
"192.83","0.38342037","2024-05-25T20:25:52.590Z","ask"
"192.84","0.13841941","2024-05-25T20:25:52.590Z","ask"
"192.85","0.11958483","2024-05-25T20:25:52.590Z","ask"
"192.88","0.82861004","2024-05-25T20:25:52.590Z","ask"
"192.89","0.00035042","2024-05-25T20:25:52.590Z","ask"
"192.9","1.006","2024-05-25T20:25:52.590Z","ask"
"192.93","2.32148325","2024-05-25T20:25:52.590Z","ask"
"192.94","14.34506908","2024-05-25T20:25:52.590Z","ask"
"192.95","0.02605598","2024-05-25T20:25:52.590Z","ask"
"192.98","0.0013026","2024-05-25T20:25:52.590Z","ask"
"193","1904.55395236","2024-05-25T20:25:52.590Z","ask"
"193.02","0.08341758","2024-05-25T20:25:52.590Z","ask"
"193.04","0.51800655","2024-05-25T20:25:52.590Z","ask"
"193.06","0.15787813","2024-05-25T20:25:52.590Z","ask"
"193.08","0.5450098","2024-05-25T20:25:52.590Z","ask"
"193.09","0.6501095","2024-05-25T20:25:52.590Z","ask"
"193.12","0.21393957","2024-05-25T20:25:52.590Z","ask"
"193.13","0.00388934","2024-05-25T20:25:52.590Z","ask"
"193.15","0.51873253","2024-05-25T20:25:52.590Z","ask"
"193.16","3.57754484","2024-05-25T20:25:52.590Z","ask"
"193.18","1.06149711","2024-05-25T20:25:52.590Z","ask"
"193.2","9.4105342","2024-05-25T20:25:52.590Z","ask"
"193.21","0.09553996","2024-05-25T20:25:52.590Z","ask"
"193.22","5.54994776","2024-05-25T20:25:52.590Z","ask"
"193.24","2.7610113","2024-05-25T20:25:52.590Z","ask"
"193.25","19.03886654","2024-05-25T20:25:52.590Z","ask"
"193.26","6.90406322","2024-05-25T20:25:52.590Z","ask"
"193.27","28.38483865","2024-05-25T20:25:52.590Z","ask"
"193.3","5.5","2024-05-25T20:25:52.590Z","ask"
"193.31","0.01555792","2024-05-25T20:25:52.590Z","ask"
"193.33","0.05200952","2024-05-25T20:25:52.590Z","ask"
"193.34","0.00034658","2024-05-25T20:25:52.590Z","ask"
"193.35","2.9289921","2024-05-25T20:25:52.590Z","ask"
"193.36","0.42505234","2024-05-25T20:25:52.590Z","ask"
"193.37","4.4263354","2024-05-25T20:25:52.590Z","ask"
"193.38","0.0654159","2024-05-25T20:25:52.590Z","ask"
"193.42","0.01862756","2024-05-25T20:25:52.590Z","ask"
"193.43","0.333979","2024-05-25T20:25:52.590Z","ask"
"193.45","2.60726788","2024-05-25T20:25:52.590Z","ask"
"193.5","0.24794092","2024-05-25T20:25:52.590Z","ask"
"193.54","0.00129883","2024-05-25T20:25:52.590Z","ask"
"193.57","0.18487037","2024-05-25T20:25:52.590Z","ask"
"193.58","0.09490672","2024-05-25T20:25:52.590Z","ask"
"193.59","1","2024-05-25T20:25:52.590Z","ask"
"193.61","3","2024-05-25T20:25:52.590Z","ask"
"193.62","0.38735667","2024-05-25T20:25:52.590Z","ask"
"193.63","0.00034345","2024-05-25T20:25:52.590Z","ask"
"193.65","0.23793757","2024-05-25T20:25:52.590Z","ask"
"193.66","10.49576426","2024-05-25T20:25:52.590Z","ask"
"193.7","12.39996528","2024-05-25T20:25:52.590Z","ask"
"193.72","0.12052788","2024-05-25T20:25:52.590Z","ask"
"193.73","0.05762028","2024-05-25T20:25:52.590Z","ask"
"193.74","6.53582673","2024-05-25T20:25:52.590Z","ask"
"193.75","1.31315739","2024-05-25T20:25:52.590Z","ask"
"193.77","1.80435419","2024-05-25T20:25:52.590Z","ask"
"193.79","0.13149329","2024-05-25T20:25:52.590Z","ask"
"193.8","17.26085581","2024-05-25T20:25:52.590Z","ask"
"193.81","0.08472779","2024-05-25T20:25:52.590Z","ask"
"193.83","0.13027156","2024-05-25T20:25:52.590Z","ask"
"193.84","10","2024-05-25T20:25:52.590Z","ask"
"193.85","0.06398005","2024-05-25T20:25:52.590Z","ask"
"193.86","0.98","2024-05-25T20:25:52.590Z","ask"
"193.88","26.24654521","2024-05-25T20:25:52.590Z","ask"
"193.9","87.30903225","2024-05-25T20:25:52.590Z","ask"
"193.91","0.26559646","2024-05-25T20:25:52.590Z","ask"
"193.92","0.47161943","2024-05-25T20:25:52.590Z","ask"
"193.94","0.46087535","2024-05-25T20:25:52.590Z","ask"
"193.98","1.17891191","2024-05-25T20:25:52.590Z","ask"
"193.99","0.43957128","2024-05-25T20:25:52.590Z","ask"
"194","1069.33636081","2024-05-25T20:25:52.590Z","ask"
"194.02","0.81831486","2024-05-25T20:25:52.590Z","ask"
"194.04","0.1067946","2024-05-25T20:25:52.590Z","ask"
"194.06","0.93348827","2024-05-25T20:25:52.590Z","ask"
"194.07","2.26083789","2024-05-25T20:25:52.590Z","ask"
"194.08","3.00161891","2024-05-25T20:25:52.590Z","ask"
"194.09","2.15658472","2024-05-25T20:25:52.590Z","ask"
"194.11","0.26350461","2024-05-25T20:25:52.590Z","ask"
"194.12","150.00129495","2024-05-25T20:25:52.590Z","ask"
"194.14","100","2024-05-25T20:25:52.590Z","ask"
"194.15","2.00003","2024-05-25T20:25:52.590Z","ask"
"194.16","0.00165078","2024-05-25T20:25:52.590Z","ask"
"194.17","0.20930112","2024-05-25T20:25:52.590Z","ask"
"194.18","0.53816101","2024-05-25T20:25:52.590Z","ask"
"194.19","18","2024-05-25T20:25:52.590Z","ask"
"194.2","0.18544427","2024-05-25T20:25:52.590Z","ask"
"194.21","1.3","2024-05-25T20:25:52.590Z","ask"
"194.22","0.00034823","2024-05-25T20:25:52.590Z","ask"
"194.23","48","2024-05-25T20:25:52.590Z","ask"
"194.24","0.21526451","2024-05-25T20:25:52.590Z","ask"
"194.25","5.11216043","2024-05-25T20:25:52.590Z","ask"
"194.27","23.58285988","2024-05-25T20:25:52.590Z","ask"
"194.28","7.59784078","2024-05-25T20:25:52.590Z","ask"
"194.3","6.94738184","2024-05-25T20:25:52.590Z","ask"
"194.31","0.76883696","2024-05-25T20:25:52.590Z","ask"
"194.32","2.70390862","2024-05-25T20:25:52.590Z","ask"
"194.35","0.00161835","2024-05-25T20:25:52.590Z","ask"
"194.37","0.01247494","2024-05-25T20:25:52.590Z","ask"
"194.4","15.67592593","2024-05-25T20:25:52.590Z","ask"
"194.41","0.00129302","2024-05-25T20:25:52.590Z","ask"
"194.43","0.68493294","2024-05-25T20:25:52.590Z","ask"
"194.44","27.48282351","2024-05-25T20:25:52.590Z","ask"
"194.45","1","2024-05-25T20:25:52.590Z","ask"
"194.46","0.00034736","2024-05-25T20:25:52.590Z","ask"
"194.47","0.9962462","2024-05-25T20:25:52.590Z","ask"
"194.48","0.41828968","2024-05-25T20:25:52.590Z","ask"
"194.49","2.34662046","2024-05-25T20:25:52.590Z","ask"
"194.5","12.34687427","2024-05-25T20:25:52.590Z","ask"
"194.52","0.11432394","2024-05-25T20:25:52.590Z","ask"
"194.53","68.58418853","2024-05-25T20:25:52.590Z","ask"
"194.54","10.08125619","2024-05-25T20:25:52.590Z","ask"
"194.56","0.14696048","2024-05-25T20:25:52.590Z","ask"
"194.57","10","2024-05-25T20:25:52.590Z","ask"
"194.58","44.12847888","2024-05-25T20:25:52.590Z","ask"
"194.59","7.88665526","2024-05-25T20:25:52.590Z","ask"
"194.6","2.27254071","2024-05-25T20:25:52.590Z","ask"
"194.61","15.90872183","2024-05-25T20:25:52.590Z","ask"
"194.62","0.01852342","2024-05-25T20:25:52.590Z","ask"
"194.63","0.20358796","2024-05-25T20:25:52.590Z","ask"
"194.66","0.00207996","2024-05-25T20:25:52.590Z","ask"
"194.69","0.37460172","2024-05-25T20:25:52.590Z","ask"
"194.7","0.13039997","2024-05-25T20:25:52.590Z","ask"
"194.72","0.12792526","2024-05-25T20:25:52.590Z","ask"
"194.74","1","2024-05-25T20:25:52.590Z","ask"
"194.75","2.07522464","2024-05-25T20:25:52.590Z","ask"
"194.76","0.002481","2024-05-25T20:25:52.590Z","ask"
"194.77","0.1584884","2024-05-25T20:25:52.590Z","ask"
"194.79","5","2024-05-25T20:25:52.590Z","ask"
"194.8","100.0003403","2024-05-25T20:25:52.590Z","ask"
"194.82","13.86444603","2024-05-25T20:25:52.590Z","ask"
"194.86","7.55825881","2024-05-25T20:25:52.590Z","ask"
"194.87","100","2024-05-25T20:25:52.590Z","ask"
"194.88","1.551","2024-05-25T20:25:52.590Z","ask"
"194.89","0.55331568","2024-05-25T20:25:52.590Z","ask"
"194.93","0.81572831","2024-05-25T20:25:52.590Z","ask"
"194.94","1.14154049","2024-05-25T20:25:52.590Z","ask"
"194.95","203.78800154","2024-05-25T20:25:52.590Z","ask"
"194.96","0.19058257","2024-05-25T20:25:52.590Z","ask"
"194.99","2.00128917","2024-05-25T20:25:52.590Z","ask"
"195","6820.01275854","2024-05-25T20:25:52.590Z","ask"
"195.02","9.63337094","2024-05-25T20:25:52.590Z","ask"
"195.03","0.92883367","2024-05-25T20:25:52.590Z","ask"
"195.05","2.02578826","2024-05-25T20:25:52.590Z","ask"
"195.08","0.01526893","2024-05-25T20:25:52.590Z","ask"
"195.09","0.0985695","2024-05-25T20:25:52.590Z","ask"
"195.1","0.00114239","2024-05-25T20:25:52.590Z","ask"
"195.11","17.69191785","2024-05-25T20:25:52.590Z","ask"
"195.14","2","2024-05-25T20:25:52.590Z","ask"
"195.15","0.06355429","2024-05-25T20:25:52.590Z","ask"
"195.17","5.15885067","2024-05-25T20:25:52.590Z","ask"
"195.19","0.00297393","2024-05-25T20:25:52.590Z","ask"
"195.2","0.35502092","2024-05-25T20:25:52.590Z","ask"
"195.21","5","2024-05-25T20:25:52.590Z","ask"
"195.22","4.35413454","2024-05-25T20:25:52.590Z","ask"
"195.23","5","2024-05-25T20:25:52.590Z","ask"
"195.25","0.6642452","2024-05-25T20:25:52.590Z","ask"
"195.27","0.05823191","2024-05-25T20:25:52.590Z","ask"
"195.28","0.05638738","2024-05-25T20:25:52.590Z","ask"
"195.29","0.10611214","2024-05-25T20:25:52.590Z","ask"
"195.3","11.9","2024-05-25T20:25:52.590Z","ask"
"195.31","0.48313392","2024-05-25T20:25:52.590Z","ask"
"195.32","0.48223428","2024-05-25T20:25:52.590Z","ask"
"195.33","139.00550367","2024-05-25T20:25:52.590Z","ask"
"195.36","5.39675675","2024-05-25T20:25:52.590Z","ask"
"195.39","0.5161","2024-05-25T20:25:52.590Z","ask"
"195.4","574.06587663","2024-05-25T20:25:52.590Z","ask"
"195.42","4.35330908","2024-05-25T20:25:52.590Z","ask"
"195.43","0.51511571","2024-05-25T20:25:52.590Z","ask"
"195.44","5.47530927","2024-05-25T20:25:52.590Z","ask"
"195.45","20.2425","2024-05-25T20:25:52.590Z","ask"
"195.47","0.23942292","2024-05-25T20:25:52.590Z","ask"
"195.5","66.13875845","2024-05-25T20:25:52.590Z","ask"
"195.51","1.89541941","2024-05-25T20:25:52.590Z","ask"
"195.52","3.68754928","2024-05-25T20:25:52.590Z","ask"
"195.53","0.88474475","2024-05-25T20:25:52.590Z","ask"
"195.55","1.5","2024-05-25T20:25:52.590Z","ask"
"195.57","0.33160993","2024-05-25T20:25:52.590Z","ask"
"195.59","0.75646584","2024-05-25T20:25:52.590Z","ask"
"195.65","32.09875054","2024-05-25T20:25:52.590Z","ask"
"195.66","3.35746213","2024-05-25T20:25:52.590Z","ask"
"195.68","0.45747346","2024-05-25T20:25:52.590Z","ask"
"195.69","1.48241338","2024-05-25T20:25:52.590Z","ask"
"195.72","0.282","2024-05-25T20:25:52.590Z","ask"
"195.73","0.2324368","2024-05-25T20:25:52.590Z","ask"
"195.74","0.08307161","2024-05-25T20:25:52.590Z","ask"
"195.75","4.55018696","2024-05-25T20:25:52.590Z","ask"
"195.76","0.11958483","2024-05-25T20:25:52.590Z","ask"
"195.77","1.72651889","2024-05-25T20:25:52.590Z","ask"
"195.78","0.01384898","2024-05-25T20:25:52.590Z","ask"
"195.79","9.3272107","2024-05-25T20:25:52.590Z","ask"
"195.8","17.31545741","2024-05-25T20:25:52.590Z","ask"
"195.81","3.71862317","2024-05-25T20:25:52.590Z","ask"
"195.83","0.11216776","2024-05-25T20:25:52.590Z","ask"
"195.84","169.29947742","2024-05-25T20:25:52.590Z","ask"
"195.86","0.1256574","2024-05-25T20:25:52.591Z","ask"
"195.89","15.08751649","2024-05-25T20:25:52.591Z","ask"
"195.91","2.42296366","2024-05-25T20:25:52.591Z","ask"
"195.92","6.98","2024-05-25T20:25:52.591Z","ask"
"195.93","2.71857625","2024-05-25T20:25:52.591Z","ask"
"195.98","476.32684551","2024-05-25T20:25:52.591Z","ask"
"195.99","72","2024-05-25T20:25:52.591Z","ask"
"196","1371.75760052","2024-05-25T20:25:52.591Z","ask"
"196.01","0.4982016","2024-05-25T20:25:52.591Z","ask"
"196.02","1.00112018","2024-05-25T20:25:52.591Z","ask"
"196.04","0.9890909","2024-05-25T20:25:52.591Z","ask"
"196.06","10.0307712","2024-05-25T20:25:52.591Z","ask"
"196.07","0.02205304","2024-05-25T20:25:52.591Z","ask"
"196.09","25.65276108","2024-05-25T20:25:52.591Z","ask"
"196.1","8.69650256","2024-05-25T20:25:52.591Z","ask"
"196.12","0.35","2024-05-25T20:25:52.591Z","ask"
"196.13","0.26308233","2024-05-25T20:25:52.591Z","ask"
"196.15","0.15933649","2024-05-25T20:25:52.591Z","ask"
"196.16","0.01050145","2024-05-25T20:25:52.591Z","ask"
"196.19","1.04522429","2024-05-25T20:25:52.591Z","ask"
"196.2","7.37037203","2024-05-25T20:25:52.591Z","ask"
"196.21","0.94562673","2024-05-25T20:25:52.591Z","ask"
"196.22","0.50962295","2024-05-25T20:25:52.591Z","ask"
"196.23","2.91","2024-05-25T20:25:52.591Z","ask"
"196.24","0.524","2024-05-25T20:25:52.591Z","ask"
"196.25","8.10122699","2024-05-25T20:25:52.591Z","ask"
"196.26","0.367","2024-05-25T20:25:52.591Z","ask"
"196.27","32.57701126","2024-05-25T20:25:52.591Z","ask"
"196.31","1.27092441","2024-05-25T20:25:52.591Z","ask"
"196.32","1.08096724","2024-05-25T20:25:52.591Z","ask"
"196.35","3.17316954","2024-05-25T20:25:52.591Z","ask"
"196.37","12.73058267","2024-05-25T20:25:52.591Z","ask"
"196.4","0.00143876","2024-05-25T20:25:52.591Z","ask"
"196.41","1","2024-05-25T20:25:52.591Z","ask"
"196.42","6.37921777","2024-05-25T20:25:52.591Z","ask"
"196.43","0.09397512","2024-05-25T20:25:52.591Z","ask"
"196.44","4.35839588","2024-05-25T20:25:52.591Z","ask"
"196.45","1.64838334","2024-05-25T20:25:52.591Z","ask"
"196.47","221.1541827","2024-05-25T20:25:52.591Z","ask"
"196.48","0.10855481","2024-05-25T20:25:52.591Z","ask"
"196.5","7.95","2024-05-25T20:25:52.591Z","ask"
"196.51","0.06304009","2024-05-25T20:25:52.591Z","ask"
"196.54","0.03347232","2024-05-25T20:25:52.591Z","ask"
"196.55","0.34337051","2024-05-25T20:25:52.591Z","ask"
"196.56","0.1115858","2024-05-25T20:25:52.591Z","ask"
"196.6","0.34219722","2024-05-25T20:25:52.591Z","ask"
"196.61","24.22956213","2024-05-25T20:25:52.591Z","ask"
"196.66","13.42904011","2024-05-25T20:25:52.591Z","ask"
"196.67","1.948","2024-05-25T20:25:52.591Z","ask"
"196.68","1.719305","2024-05-25T20:25:52.591Z","ask"
