"price","volume","time","side","orderType"
"167.10000000","0.00239281","2024-05-25T20:25:47.296Z","sell","maker"
"167.10000000","5.89709251","2024-05-25T20:25:47.272Z","sell","maker"
"167.10000000","0.03500000","2024-05-25T20:25:47.272Z","sell","maker"
"167.10000000","0.03500000","2024-05-25T20:25:47.272Z","sell","maker"
"167.09000000","0.76213703","2024-05-25T20:25:47.227Z","buy","maker"
"167.10000000","5.95219411","2024-05-25T20:25:45.490Z","sell","maker"
"167.10000000","0.15313273","2024-05-25T20:25:45.490Z","sell","maker"
"167.08000000","0.05248668","2024-05-25T20:25:45.482Z","buy","maker"
"167.08000000","1.00000000","2024-05-25T20:25:45.152Z","buy","maker"
"167.08000000","0.18800000","2024-05-25T20:25:45.109Z","buy","maker"
"167.09000000","0.13316959","2024-05-25T20:25:40.361Z","sell","maker"
"167.09000000","0.03835715","2024-05-25T20:25:34.743Z","sell","maker"
"167.08000000","0.08886894","2024-05-25T20:25:30.829Z","sell","maker"
"167.10000000","0.01698463","2024-05-25T20:25:29.335Z","sell","maker"
"167.07000000","0.00304718","2024-05-25T20:25:21.965Z","buy","maker"
"167.07000000","13.82091043","2024-05-25T20:25:21.962Z","buy","maker"
"167.07000000","15.55076299","2024-05-25T20:25:21.962Z","buy","maker"
"167.07000000","0.66159803","2024-05-25T20:25:21.962Z","buy","maker"
"167.07000000","0.00377745","2024-05-25T20:25:21.960Z","buy","maker"
"167.05000000","9.70700667","2024-05-25T20:25:21.933Z","sell","maker"
"167.05000000","0.07304717","2024-05-25T20:25:21.933Z","sell","maker"
"167.05000000","0.07377745","2024-05-25T20:25:21.933Z","sell","maker"
"167.05000000","24.57192805","2024-05-25T20:25:21.933Z","sell","maker"
"167.05000000","2.71400000","2024-05-25T20:25:21.819Z","sell","maker"
"167.05000000","2.74734340","2024-05-25T20:25:21.743Z","sell","maker"
"167.05000000","0.11605854","2024-05-25T20:25:20.615Z","sell","maker"
"167.05000000","0.01738925","2024-05-25T20:25:18.798Z","sell","maker"
"167.04000000","0.06900299","2024-05-25T20:25:18.090Z","buy","maker"
"167.04000000","7.83780450","2024-05-25T20:25:17.938Z","buy","maker"
"167.05000000","0.00011967","2024-05-25T20:25:15.567Z","sell","maker"
"167.05000000","0.28124039","2024-05-25T20:25:15.548Z","sell","maker"
"167.04000000","5.84049478","2024-05-25T20:25:15.243Z","buy","maker"
"167.04000000","3.56775551","2024-05-25T20:25:15.243Z","buy","maker"
"167.04000000","1.77433462","2024-05-25T20:25:15.243Z","buy","maker"
"167.03000000","0.00755492","2024-05-25T20:25:15.233Z","sell","maker"
"167.01000000","0.00609435","2024-05-25T20:25:14.516Z","buy","maker"
"167.01000000","4.07726094","2024-05-25T20:25:14.514Z","buy","maker"
"167.01000000","15.55076299","2024-05-25T20:25:14.514Z","buy","maker"
"167.01000000","3.56775551","2024-05-25T20:25:14.514Z","buy","maker"
"167.01000000","2.83893540","2024-05-25T20:25:14.514Z","buy","maker"
"167.02000000","1.41946770","2024-05-25T20:25:14.514Z","buy","maker"
"167.00000000","0.07755490","2024-05-25T20:25:14.492Z","sell","maker"
"167.00000000","0.07609435","2024-05-25T20:25:14.492Z","sell","maker"
"167.00000000","11.93778954","2024-05-25T20:25:14.492Z","sell","maker"
"167.00000000","2.59906254","2024-05-25T20:25:14.492Z","sell","maker"
"167.00000000","21.48027131","2024-05-25T20:25:14.486Z","sell","maker"
"167.00000000","5.24805479","2024-05-25T20:25:14.426Z","sell","maker"
"167.00000000","0.07126056","2024-05-25T20:25:11.862Z","sell","maker"
"167.00000000","0.07293696","2024-05-25T20:25:10.462Z","sell","maker"
"166.99000000","0.00097300","2024-05-25T20:25:10.444Z","buy","maker"
"167.00000000","0.57067729","2024-05-25T20:25:09.113Z","sell","maker"
"166.99000000","0.03088824","2024-05-25T20:25:08.678Z","buy","maker"
"166.99000000","0.00828305","2024-05-25T20:25:08.677Z","buy","maker"
"166.99000000","0.11828305","2024-05-25T20:25:08.647Z","sell","maker"
"166.99000000","11.59673768","2024-05-25T20:25:08.647Z","sell","maker"
"166.99000000","0.02911176","2024-05-25T20:25:08.647Z","sell","maker"
"166.99000000","0.10266472","2024-05-25T20:25:08.647Z","sell","maker"
"166.99000000","0.92344489","2024-05-25T20:25:08.249Z","sell","maker"
"166.99000000","5.92849871","2024-05-25T20:25:07.150Z","sell","maker"
"166.99000000","0.00047887","2024-05-25T20:25:04.466Z","sell","maker"
"166.99000000","1.16086268","2024-05-25T20:25:04.441Z","sell","maker"
"166.99000000","0.10973651","2024-05-25T20:25:01.405Z","sell","maker"
"166.98000000","0.13596268","2024-05-25T20:24:58.592Z","buy","maker"
"166.99000000","0.13881881","2024-05-25T20:24:57.642Z","sell","maker"
"166.99000000","1.48224325","2024-05-25T20:24:55.234Z","sell","maker"
"166.99000000","0.09136947","2024-05-25T20:24:53.328Z","sell","maker"
"166.98000000","0.37801789","2024-05-25T20:24:49.320Z","buy","maker"
"166.99000000","5.47699845","2024-05-25T20:24:48.239Z","sell","maker"
"166.98000000","2.00000000","2024-05-25T20:24:46.091Z","buy","maker"
"166.99000000","1.19299180","2024-05-25T20:24:42.770Z","sell","maker"
"166.99000000","0.13941240","2024-05-25T20:24:35.693Z","sell","maker"
"166.98000000","1.08422188","2024-05-25T20:24:34.637Z","buy","maker"
"166.99000000","0.57071146","2024-05-25T20:24:34.328Z","sell","maker"
"166.99000000","0.64230459","2024-05-25T20:24:33.991Z","sell","maker"
"166.99000000","1.10435649","2024-05-25T20:24:33.991Z","sell","maker"
"166.99000000","1.13629111","2024-05-25T20:24:32.907Z","sell","maker"
"166.98000000","0.21171468","2024-05-25T20:24:30.616Z","buy","maker"
"166.98000000","0.96801246","2024-05-25T20:24:28.661Z","buy","maker"
"166.98000000","0.19500000","2024-05-25T20:24:27.293Z","sell","maker"
"166.98000000","8.87109983","2024-05-25T20:24:27.293Z","sell","maker"
"166.98000000","3.33143707","2024-05-25T20:24:27.280Z","sell","maker"
"166.98000000","3.13986579","2024-05-25T20:24:25.638Z","sell","maker"
"166.97000000","0.20032943","2024-05-25T20:24:25.509Z","sell","maker"
"166.97000000","0.00539220","2024-05-25T20:24:25.305Z","buy","maker"
"166.95000000","10.07356449","2024-05-25T20:24:25.277Z","sell","maker"
"166.95000000","0.20161926","2024-05-25T20:24:25.277Z","sell","maker"
"166.95000000","0.01460780","2024-05-25T20:24:25.277Z","sell","maker"
"166.95000000","0.00078440","2024-05-25T20:24:25.277Z","sell","maker"
"166.95000000","0.19371017","2024-05-25T20:24:25.277Z","sell","maker"
"166.91000000","11.09617868","2024-05-25T20:24:24.270Z","sell","maker"
"166.91000000","0.00599126","2024-05-25T20:24:24.270Z","sell","maker"
"166.91000000","6.00000000","2024-05-25T20:24:24.269Z","sell","maker"
"166.93000000","3.28228953","2024-05-25T20:24:22.361Z","buy","maker"
"166.93000000","3.20413682","2024-05-25T20:24:22.361Z","buy","maker"
"166.94000000","0.27403258","2024-05-25T20:24:22.357Z","buy","maker"
"166.94000000","19.00148902","2024-05-25T20:24:22.357Z","buy","maker"
"166.94000000","0.54777225","2024-05-25T20:24:17.250Z","buy","maker"
"166.94000000","3.31000000","2024-05-25T20:24:14.728Z","buy","maker"
"166.95000000","1.16801115","2024-05-25T20:24:13.657Z","sell","maker"
"166.95000000","0.00868176","2024-05-25T20:24:13.347Z","sell","maker"
"166.95000000","2.89934735","2024-05-25T20:24:10.405Z","sell","maker"
"166.95000000","0.01105696","2024-05-25T20:24:10.405Z","sell","maker"
"166.95000000","0.49427844","2024-05-25T20:24:10.023Z","sell","maker"
"166.95000000","0.02921560","2024-05-25T20:24:10.023Z","sell","maker"
"166.95000000","0.37716908","2024-05-25T20:24:10.023Z","sell","maker"
"166.95000000","0.00156880","2024-05-25T20:24:10.023Z","sell","maker"
"166.95000000","0.09992441","2024-05-25T20:24:10.023Z","sell","maker"
"166.95000000","0.29056526","2024-05-25T20:24:05.216Z","sell","maker"
"166.95000000","0.75800310","2024-05-25T20:24:02.812Z","sell","maker"
"166.95000000","0.25199690","2024-05-25T20:24:02.812Z","sell","maker"
"166.94000000","0.06000000","2024-05-25T20:24:00.587Z","buy","maker"
"166.95000000","1.21473163","2024-05-25T20:23:59.748Z","sell","maker"
"166.94000000","7.28765611","2024-05-25T20:23:56.341Z","buy","maker"
"166.95000000","0.39291644","2024-05-25T20:23:55.607Z","sell","maker"
"166.95000000","2.33765271","2024-05-25T20:23:50.975Z","sell","maker"
"166.95000000","0.59822946","2024-05-25T20:23:49.867Z","sell","maker"
"166.94000000","1.01337139","2024-05-25T20:23:49.391Z","buy","maker"
"166.95000000","0.59299191","2024-05-25T20:23:46.942Z","sell","maker"
"166.94000000","0.03011562","2024-05-25T20:23:46.517Z","buy","maker"
"166.95000000","0.33200423","2024-05-25T20:23:46.137Z","sell","maker"
"166.94000000","0.14974543","2024-05-25T20:23:44.711Z","buy","maker"
"166.95000000","2.83826727","2024-05-25T20:23:43.366Z","sell","maker"
"166.95000000","0.99766832","2024-05-25T20:23:35.132Z","sell","maker"
"166.94000000","0.82998342","2024-05-25T20:23:32.435Z","buy","maker"
"166.94000000","3.56775553","2024-05-25T20:23:32.435Z","buy","maker"
"166.95000000","1.07401498","2024-05-25T20:23:32.431Z","sell","maker"
"166.95000000","0.00052294","2024-05-25T20:23:32.431Z","sell","maker"
"166.95000000","0.02546208","2024-05-25T20:23:32.431Z","sell","maker"
"166.95000000","0.03558378","2024-05-25T20:23:31.899Z","sell","maker"
"166.94000000","3.02522015","2024-05-25T20:23:31.558Z","buy","maker"
"166.93000000","0.27901422","2024-05-25T20:23:31.040Z","sell","maker"
"166.93000000","2.28849277","2024-05-25T20:23:31.040Z","sell","maker"
"166.93000000","9.40028047","2024-05-25T20:23:31.040Z","sell","maker"
"166.93000000","0.00023952","2024-05-25T20:23:29.713Z","sell","maker"
"166.92000000","0.59905350","2024-05-25T20:23:29.701Z","buy","maker"
"166.93000000","0.59641871","2024-05-25T20:23:29.688Z","sell","maker"
"166.93000000","0.58186784","2024-05-25T20:23:28.329Z","sell","maker"
"166.93000000","0.10977595","2024-05-25T20:23:27.514Z","sell","maker"
"166.93000000","0.37517163","2024-05-25T20:23:27.498Z","sell","maker"
"166.92000000","1.00000000","2024-05-25T20:23:24.270Z","sell","maker"
"166.92000000","5.00000000","2024-05-25T20:23:24.270Z","sell","maker"
"166.92000000","6.00000000","2024-05-25T20:23:17.575Z","buy","maker"
"166.92000000","0.10572112","2024-05-25T20:23:12.307Z","buy","maker"
"166.93000000","1.11656722","2024-05-25T20:23:10.534Z","sell","maker"
"166.94000000","2.74120514","2024-05-25T20:23:09.235Z","buy","maker"
"166.94000000","4.81621938","2024-05-25T20:23:06.875Z","buy","maker"
"166.94000000","4.30979345","2024-05-25T20:23:06.875Z","buy","maker"
"166.94000000","0.75408729","2024-05-25T20:23:06.875Z","buy","maker"
"166.94000000","14.16376028","2024-05-25T20:23:06.831Z","buy","maker"
"166.94000000","3.56775559","2024-05-25T20:23:06.831Z","buy","maker"
"166.93000000","18.47774002","2024-05-25T20:23:06.803Z","sell","maker"
"166.93000000","11.49587788","2024-05-25T20:23:06.803Z","sell","maker"
"166.92000000","0.00599090","2024-05-25T20:23:06.197Z","sell","maker"
"166.92000000","11.75147286","2024-05-25T20:23:06.197Z","sell","maker"
"166.92000000","4.94577442","2024-05-25T20:23:05.268Z","sell","maker"
"166.92000000","1.05422558","2024-05-25T20:23:05.268Z","sell","maker"
"166.89000000","2.02907501","2024-05-25T20:23:03.267Z","sell","maker"
"166.89000000","3.56775557","2024-05-25T20:23:03.267Z","sell","maker"
"166.89000000","0.40316942","2024-05-25T20:23:03.267Z","sell","maker"
"166.91000000","2.99999983","2024-05-25T20:23:02.872Z","buy","maker"
"166.91000000","4.11526480","2024-05-25T20:23:02.655Z","buy","maker"
"166.91000000","1.55214032","2024-05-25T20:23:01.919Z","buy","maker"
"166.91000000","1.11671178","2024-05-25T20:23:01.919Z","buy","maker"
"166.92000000","0.05538445","2024-05-25T20:22:57.722Z","sell","maker"
"166.92000000","1.76073869","2024-05-25T20:22:57.134Z","sell","maker"
"166.91000000","0.19045764","2024-05-25T20:22:55.615Z","buy","maker"
"166.92000000","0.00097300","2024-05-25T20:22:55.606Z","sell","maker"
"166.91000000","0.05883058","2024-05-25T20:22:55.276Z","buy","maker"
"166.92000000","0.12822021","2024-05-25T20:22:53.978Z","sell","maker"
"166.92000000","0.56821362","2024-05-25T20:22:53.906Z","sell","maker"
"166.92000000","8.00000000","2024-05-25T20:22:53.640Z","buy","maker"
"166.92000000","0.00678816","2024-05-25T20:22:53.640Z","buy","maker"
"166.92000000","0.94064717","2024-05-25T20:22:53.640Z","buy","maker"
"166.92000000","0.08537535","2024-05-25T20:22:52.033Z","buy","maker"
"166.93000000","15.04358807","2024-05-25T20:22:51.267Z","sell","maker"
"166.93000000","2.84100881","2024-05-25T20:22:50.902Z","sell","maker"
"166.92000000","0.02995268","2024-05-25T20:22:48.236Z","buy","maker"
"166.93000000","0.59318157","2024-05-25T20:22:47.742Z","sell","maker"
"166.92000000","3.21861093","2024-05-25T20:22:45.455Z","buy","maker"
"166.92000000","10.56776071","2024-05-25T20:22:36.280Z","sell","maker"
"166.92000000","0.76000000","2024-05-25T20:22:36.280Z","sell","maker"
"166.91000000","6.00000000","2024-05-25T20:22:35.269Z","sell","maker"
"166.89000000","7.20000000","2024-05-25T20:22:34.647Z","buy","maker"
"166.92000000","0.02609541","2024-05-25T20:22:34.428Z","buy","maker"
"166.94000000","0.00796374","2024-05-25T20:22:30.098Z","sell","maker"
"166.94000000","2.62846062","2024-05-25T20:22:30.071Z","sell","maker"
"166.94000000","13.00000000","2024-05-25T20:22:30.071Z","sell","maker"
"166.94000000","4.22031485","2024-05-25T20:22:30.071Z","sell","maker"
"166.93000000","6.04935314","2024-05-25T20:22:29.890Z","buy","maker"
"166.94000000","1.55567134","2024-05-25T20:22:29.028Z","sell","maker"
"166.94000000","1.30133857","2024-05-25T20:22:28.986Z","sell","maker"
"166.94000000","5.21056093","2024-05-25T20:22:28.986Z","sell","maker"
"166.94000000","3.56775553","2024-05-25T20:22:28.986Z","sell","maker"
"166.95000000","0.57074564","2024-05-25T20:22:27.024Z","sell","maker"
"166.94000000","0.23361461","2024-05-25T20:22:25.582Z","buy","maker"
"166.95000000","0.59769681","2024-05-25T20:22:25.582Z","buy","maker"
"166.95000000","5.40181066","2024-05-25T20:22:25.195Z","buy","maker"
"166.95000000","0.59759036","2024-05-25T20:22:25.195Z","buy","maker"
"166.96000000","3.49571885","2024-05-25T20:22:24.557Z","sell","maker"
"166.96000000","17.51726130","2024-05-25T20:22:24.557Z","sell","maker"
"166.96000000","4.28427197","2024-05-25T20:22:24.557Z","sell","maker"
"166.96000000","3.56775553","2024-05-25T20:22:24.557Z","sell","maker"
"166.97000000","0.22541502","2024-05-25T20:22:20.722Z","sell","maker"
"166.97000000","1.14804287","2024-05-25T20:22:20.275Z","sell","maker"
"166.97000000","2.43224441","2024-05-25T20:22:16.920Z","sell","maker"
"166.97000000","3.56775559","2024-05-25T20:22:16.920Z","sell","maker"
"166.96000000","0.00035961","2024-05-25T20:22:16.454Z","buy","maker"
"166.96000000","1.86290522","2024-05-25T20:22:16.427Z","buy","maker"
"166.96000000","4.13195752","2024-05-25T20:22:16.427Z","buy","maker"
"166.97000000","30.20691738","2024-05-25T20:22:16.427Z","buy","maker"
"166.98000000","0.21322335","2024-05-25T20:22:15.420Z","sell","maker"
"166.98000000","1.28201435","2024-05-25T20:22:14.354Z","sell","maker"
"166.98000000","1.38244548","2024-05-25T20:22:14.085Z","sell","maker"
"166.98000000","0.00401085","2024-05-25T20:22:13.108Z","sell","maker"
"166.98000000","2.06007631","2024-05-25T20:22:13.078Z","sell","maker"
"166.98000000","6.08747744","2024-05-25T20:22:13.078Z","sell","maker"
"166.98000000","1.84838798","2024-05-25T20:22:13.078Z","sell","maker"
"166.98000000","1.71936759","2024-05-25T20:22:12.604Z","sell","maker"
"166.98000000","0.11948747","2024-05-25T20:22:06.877Z","sell","maker"
"166.98000000","0.11948747","2024-05-25T20:22:06.780Z","sell","maker"
"166.98000000","0.11948747","2024-05-25T20:22:06.733Z","sell","maker"
"166.98000000","0.11948747","2024-05-25T20:22:06.459Z","sell","maker"
"166.98000000","1.01000000","2024-05-25T20:22:05.914Z","sell","maker"
"166.99000000","0.00005985","2024-05-25T20:22:04.832Z","sell","maker"
"166.99000000","0.05303585","2024-05-25T20:22:04.803Z","sell","maker"
"166.96000000","17.95811267","2024-05-25T20:22:01.815Z","buy","maker"
"166.97000000","15.55076299","2024-05-25T20:22:01.815Z","buy","maker"
"166.97000000","3.56775556","2024-05-25T20:22:01.332Z","sell","maker"
"166.97000000","30.20691738","2024-05-25T20:22:00.368Z","buy","maker"
"166.98000000","2.90448171","2024-05-25T20:21:59.465Z","sell","maker"
"166.98000000","0.03907628","2024-05-25T20:21:58.292Z","sell","maker"
"166.99000000","0.00519729","2024-05-25T20:21:57.712Z","sell","maker"
"166.99000000","0.00023943","2024-05-25T20:21:54.056Z","sell","maker"
"166.99000000","0.59847909","2024-05-25T20:21:54.026Z","sell","maker"
"166.98000000","2.41814808","2024-05-25T20:21:52.850Z","buy","maker"
"166.98000000","10.92682666","2024-05-25T20:21:52.307Z","sell","maker"
"166.97000000","3.96354179","2024-05-25T20:21:51.300Z","sell","maker"
"166.97000000","6.00000000","2024-05-25T20:21:51.267Z","sell","maker"
"166.97000000","0.02000000","2024-05-25T20:21:50.513Z","sell","maker"
"166.97000000","1.81565116","2024-05-25T20:21:48.749Z","sell","maker"
"166.97000000","0.18124533","2024-05-25T20:21:48.617Z","buy","maker"
"166.98000000","9.84556629","2024-05-25T20:21:48.460Z","buy","maker"
"166.98000000","7.34825645","2024-05-25T20:21:48.460Z","buy","maker"
"166.98000000","6.10227220","2024-05-25T20:21:48.460Z","buy","maker"
"166.98000000","1.19774823","2024-05-25T20:21:48.460Z","buy","maker"
"166.99000000","33.73309360","2024-05-25T20:21:48.460Z","buy","maker"
"166.99000000","71.81472883","2024-05-25T20:21:48.460Z","buy","maker"
"166.99000000","1.75794298","2024-05-25T20:21:48.460Z","buy","maker"
"167.00000000","9.97078391","2024-05-25T20:21:48.460Z","buy","maker"
"167.00000000","23.95166616","2024-05-25T20:21:48.460Z","buy","maker"
"167.00000000","3.90000000","2024-05-25T20:21:48.460Z","buy","maker"
"167.03000000","13.00000000","2024-05-25T20:21:48.460Z","buy","maker"
"167.02000000","0.64619666","2024-05-25T20:21:48.455Z","buy","maker"
"167.03000000","13.00000000","2024-05-25T20:21:48.455Z","buy","maker"
"167.04000000","13.00000000","2024-05-25T20:21:48.455Z","buy","maker"
"167.01000000","7.27004518","2024-05-25T20:21:48.451Z","buy","maker"
"167.02000000","0.00000001","2024-05-25T20:21:48.450Z","buy","maker"
"167.02000000","1.18771930","2024-05-25T20:21:48.450Z","buy","maker"
"167.03000000","2.99986427","2024-05-25T20:21:48.450Z","buy","maker"
"167.05000000","12.01843071","2024-05-25T20:21:48.449Z","buy","maker"
"167.05000000","0.86287387","2024-05-25T20:21:48.449Z","buy","maker"
"167.06000000","9.57730850","2024-05-25T20:21:48.449Z","buy","maker"
"167.07000000","30.00000000","2024-05-25T20:21:48.449Z","buy","maker"
"167.07000000","8.00000000","2024-05-25T20:21:48.449Z","buy","maker"
"167.08000000","0.28445688","2024-05-25T20:21:44.516Z","sell","maker"
"167.07000000","0.00062338","2024-05-25T20:21:42.159Z","buy","maker"
"167.08000000","0.85132181","2024-05-25T20:21:40.233Z","sell","maker"
"167.07000000","2.90024419","2024-05-25T20:21:37.923Z","buy","maker"
"167.09000000","0.12099055","2024-05-25T20:21:37.408Z","sell","maker"
"167.09000000","7.01583969","2024-05-25T20:21:35.004Z","sell","maker"
"167.09000000","23.18783342","2024-05-25T20:21:35.004Z","sell","maker"
"167.09000000","7.29972562","2024-05-25T20:21:35.004Z","sell","maker"
"167.09000000","7.31884573","2024-05-25T20:21:35.004Z","sell","maker"
"167.09000000","3.56775554","2024-05-25T20:21:35.004Z","sell","maker"
"167.12000000","6.46714326","2024-05-25T20:21:33.178Z","sell","maker"
"167.12000000","0.91285674","2024-05-25T20:21:33.178Z","sell","maker"
"167.12000000","29.10783496","2024-05-25T20:21:33.177Z","sell","maker"
"167.12000000","0.06313759","2024-05-25T20:21:33.177Z","sell","maker"
"167.12000000","1.14885210","2024-05-25T20:21:33.177Z","sell","maker"
"167.12000000","4.75017535","2024-05-25T20:21:33.177Z","sell","maker"
"167.12000000","0.70944471","2024-05-25T20:21:33.112Z","sell","maker"
"167.11000000","12.20604011","2024-05-25T20:21:32.456Z","buy","maker"
"167.11000000","7.79395989","2024-05-25T20:21:32.456Z","buy","maker"
"167.11000000","1.00000000","2024-05-25T20:21:31.285Z","buy","maker"
"167.11000000","0.01000000","2024-05-25T20:21:31.028Z","buy","maker"
"167.11000000","0.00926720","2024-05-25T20:21:30.018Z","buy","maker"
"167.11000000","0.04073280","2024-05-25T20:21:29.000Z","buy","maker"
"167.11000000","0.00604183","2024-05-25T20:21:27.985Z","buy","maker"
"167.12000000","0.01163407","2024-05-25T20:21:27.969Z","sell","maker"
"167.11000000","0.13961910","2024-05-25T20:21:26.972Z","buy","maker"
"167.12000000","18.46686307","2024-05-25T20:21:26.304Z","sell","maker"
"167.11000000","0.06589553","2024-05-25T20:21:25.955Z","buy","maker"
"167.12000000","6.00000000","2024-05-25T20:21:25.278Z","sell","maker"
"167.11000000","0.31843736","2024-05-25T20:21:24.939Z","buy","maker"
"167.12000000","0.00146185","2024-05-25T20:21:24.170Z","sell","maker"
"167.11000000","0.19057803","2024-05-25T20:21:23.928Z","buy","maker"
"167.10000000","0.36426379","2024-05-25T20:21:23.906Z","sell","maker"
"167.08000000","7.79373595","2024-05-25T20:21:23.805Z","sell","maker"
"167.08000000","0.91532804","2024-05-25T20:21:23.805Z","sell","maker"
"167.08000000","22.23731115","2024-05-25T20:21:23.805Z","sell","maker"
"167.08000000","4.52950259","2024-05-25T20:21:23.553Z","sell","maker"
"167.08000000","3.26106510","2024-05-25T20:21:23.548Z","sell","maker"
"167.08000000","2.28885210","2024-05-25T20:21:23.548Z","sell","maker"
"167.06000000","2.89461731","2024-05-25T20:21:23.378Z","sell","maker"
"167.06000000","0.12313759","2024-05-25T20:21:23.378Z","sell","maker"
"167.06000000","10.03840343","2024-05-25T20:21:23.378Z","sell","maker"
"167.06000000","6.00000000","2024-05-25T20:21:23.366Z","sell","maker"
"167.06000000","3.91000000","2024-05-25T20:21:22.701Z","sell","maker"
"167.06000000","0.07970490","2024-05-25T20:21:21.118Z","sell","maker"
"167.06000000","0.00029917","2024-05-25T20:21:18.208Z","sell","maker"
"167.06000000","0.63718077","2024-05-25T20:21:18.182Z","sell","maker"
"167.06000000","0.02896339","2024-05-25T20:21:15.454Z","sell","maker"
"167.06000000","0.81888780","2024-05-25T20:21:09.635Z","sell","maker"
"167.06000000","11.46676672","2024-05-25T20:21:08.458Z","sell","maker"
"167.06000000","3.86392221","2024-05-25T20:21:08.458Z","sell","maker"
"167.06000000","0.59271998","2024-05-25T20:21:08.197Z","sell","maker"
"167.05000000","0.00674440","2024-05-25T20:21:04.813Z","sell","maker"
"167.05000000","0.01348880","2024-05-25T20:21:04.702Z","sell","maker"
"167.05000000","0.02697760","2024-05-25T20:21:04.582Z","sell","maker"
"167.05000000","0.01798506","2024-05-25T20:21:04.478Z","sell","maker"
"167.03000000","11.89972567","2024-05-25T20:21:04.286Z","sell","maker"
"167.03000000","6.00000000","2024-05-25T20:21:04.267Z","sell","maker"
"167.02000000","0.03270011","2024-05-25T20:21:03.770Z","sell","maker"
"167.00000000","8.26372572","2024-05-25T20:21:03.759Z","buy","maker"
"167.01000000","13.00000000","2024-05-25T20:21:03.759Z","buy","maker"
"167.01000000","0.34612876","2024-05-25T20:21:03.759Z","buy","maker"
"167.02000000","15.55076299","2024-05-25T20:21:03.759Z","buy","maker"
"167.05000000","15.55076299","2024-05-25T20:21:03.128Z","buy","maker"
"167.05000000","30.20691738","2024-05-25T20:21:03.128Z","buy","maker"
"167.05000000","1.35706985","2024-05-25T20:21:03.128Z","buy","maker"
"167.05000000","0.64000000","2024-05-25T20:21:02.916Z","buy","maker"
"167.07000000","0.01158737","2024-05-25T20:21:01.251Z","sell","maker"
"167.06000000","0.05000000","2024-05-25T20:20:59.223Z","buy","maker"
"167.07000000","0.14825114","2024-05-25T20:20:58.699Z","sell","maker"
"167.07000000","5.40214918","2024-05-25T20:20:58.162Z","buy","maker"
"167.07000000","0.10464037","2024-05-25T20:20:57.444Z","sell","maker"
"167.06000000","0.01359255","2024-05-25T20:20:57.144Z","sell","maker"
"167.06000000","30.20691738","2024-05-25T20:20:57.144Z","sell","maker"
"167.06000000","0.06976024","2024-05-25T20:20:57.144Z","sell","maker"
"167.08000000","0.93181350","2024-05-25T20:20:55.269Z","sell","maker"
"167.08000000","0.04153639","2024-05-25T20:20:54.937Z","sell","maker"
"167.08000000","0.02258425","2024-05-25T20:20:53.591Z","sell","maker"
"167.08000000","0.36888862","2024-05-25T20:20:52.846Z","sell","maker"
"167.08000000","0.11622815","2024-05-25T20:20:46.512Z","sell","maker"
"167.08000000","0.41140287","2024-05-25T20:20:46.453Z","sell","maker"
"167.08000000","0.58859713","2024-05-25T20:20:46.453Z","sell","maker"
"167.08000000","1.72699079","2024-05-25T20:20:45.971Z","sell","maker"
"167.08000000","1.08900488","2024-05-25T20:20:43.961Z","sell","maker"
"167.07000000","0.00077807","2024-05-25T20:20:41.051Z","buy","maker"
"167.08000000","0.11622815","2024-05-25T20:20:38.201Z","sell","maker"
"167.08000000","0.17506453","2024-05-25T20:20:37.886Z","sell","maker"
"167.08000000","11.63250000","2024-05-25T20:20:37.063Z","sell","maker"
"167.08000000","0.86663515","2024-05-25T20:20:36.356Z","sell","maker"
"167.07000000","0.27904098","2024-05-25T20:20:35.828Z","sell","maker"
"167.07000000","3.47733804","2024-05-25T20:20:35.726Z","sell","maker"
"167.07000000","3.56775551","2024-05-25T20:20:35.726Z","sell","maker"
"167.06000000","0.55808195","2024-05-25T20:20:35.726Z","sell","maker"
"167.05000000","0.00006006","2024-05-25T20:20:35.658Z","buy","maker"
"167.05000000","0.03879834","2024-05-25T20:20:35.635Z","buy","maker"
"167.07000000","0.55808196","2024-05-25T20:20:35.618Z","sell","maker"
"167.07000000","3.47733811","2024-05-25T20:20:35.618Z","sell","maker"
"167.07000000","3.56775558","2024-05-25T20:20:35.618Z","sell","maker"
"167.06000000","0.55808195","2024-05-25T20:20:35.618Z","sell","maker"
"167.03000000","54.00044280","2024-05-25T20:20:35.605Z","buy","maker"
"167.03000000","1.18771931","2024-05-25T20:20:35.605Z","buy","maker"
"167.04000000","23.63173021","2024-05-25T20:20:35.605Z","buy","maker"
"167.04000000","62.20305196","2024-05-25T20:20:35.605Z","buy","maker"
"167.04000000","15.55076299","2024-05-25T20:20:35.605Z","buy","maker"
"167.04000000","31.12339586","2024-05-25T20:20:35.605Z","buy","maker"
"167.04000000","10.51054253","2024-05-25T20:20:35.605Z","buy","maker"
"167.07000000","15.55076299","2024-05-25T20:20:35.605Z","buy","maker"
"167.07000000","9.57682408","2024-05-25T20:20:35.605Z","buy","maker"
"167.07000000","8.00000000","2024-05-25T20:20:35.605Z","buy","maker"
"167.07000000","30.00000000","2024-05-25T20:20:35.605Z","buy","maker"
"167.07000000","30.20691738","2024-05-25T20:20:35.605Z","buy","maker"
"167.08000000","0.57036988","2024-05-25T20:20:31.932Z","sell","maker"
"167.08000000","0.14813263","2024-05-25T20:20:29.989Z","sell","maker"
"167.08000000","0.05925305","2024-05-25T20:20:28.002Z","sell","maker"
"167.08000000","0.56170279","2024-05-25T20:20:27.537Z","sell","maker"
"167.08000000","2.85535196","2024-05-25T20:20:27.506Z","sell","maker"
"167.08000000","0.57036988","2024-05-25T20:20:26.540Z","sell","maker"
"167.08000000","1.74488389","2024-05-25T20:20:24.560Z","sell","maker"
"167.08000000","0.57465535","2024-05-25T20:20:19.406Z","sell","maker"
"167.08000000","0.00022004","2024-05-25T20:20:15.786Z","sell","maker"
"167.07000000","1.14204505","2024-05-25T20:20:13.812Z","buy","maker"
"167.07000000","0.98068648","2024-05-25T20:20:13.659Z","buy","maker"
"167.08000000","5.81523547","2024-05-25T20:20:13.613Z","sell","maker"
"167.08000000","0.03554332","2024-05-25T20:20:11.159Z","sell","maker"
"167.07000000","0.35658628","2024-05-25T20:20:10.735Z","sell","maker"
"167.07000000","0.71317256","2024-05-25T20:20:10.630Z","sell","maker"
"167.07000000","1.25049435","2024-05-25T20:20:10.529Z","sell","maker"
"167.07000000","0.17585077","2024-05-25T20:20:10.529Z","sell","maker"
"167.07000000","0.35170154","2024-05-25T20:20:10.426Z","sell","maker"
"167.08000000","1.07617849","2024-05-25T20:20:10.268Z","sell","maker"
"167.08000000","2.81361229","2024-05-25T20:20:10.268Z","sell","maker"
"167.07000000","1.40680615","2024-05-25T20:20:10.268Z","sell","maker"
"167.06000000","0.70340307","2024-05-25T20:20:10.268Z","sell","maker"
"167.10000000","0.60664423","2024-05-25T20:20:10.044Z","buy","maker"
"167.12000000","0.06226005","2024-05-25T20:20:05.376Z","sell","maker"
"167.11000000","7.18046912","2024-05-25T20:20:04.502Z","buy","maker"
"167.11000000","0.00091757","2024-05-25T20:20:01.431Z","buy","maker"
"167.12000000","0.59250718","2024-05-25T20:20:01.248Z","sell","maker"
"167.12000000","5.81488751","2024-05-25T20:19:58.172Z","sell","maker"
"167.12000000","0.03552015","2024-05-25T20:19:55.921Z","sell","maker"
"167.12000000","0.15640110","2024-05-25T20:19:54.700Z","sell","maker"
"167.12000000","3.08289457","2024-05-25T20:19:47.124Z","sell","maker"
"167.12000000","2.38994938","2024-05-25T20:19:47.124Z","sell","maker"
"167.12000000","5.67555768","2024-05-25T20:19:46.541Z","sell","maker"
"167.12000000","20.47177484","2024-05-25T20:19:44.076Z","sell","maker"
"167.11000000","0.42000000","2024-05-25T20:19:33.233Z","buy","maker"
"167.12000000","1.07376376","2024-05-25T20:19:32.579Z","sell","maker"
"167.11000000","11.98731375","2024-05-25T20:19:29.179Z","buy","maker"
"167.11000000","0.12087846","2024-05-25T20:19:24.153Z","buy","maker"
"167.11000000","0.33400000","2024-05-25T20:19:23.418Z","buy","maker"
"167.12000000","0.59587172","2024-05-25T20:19:23.125Z","sell","maker"
"167.12000000","0.04625242","2024-05-25T20:19:19.709Z","sell","maker"
"167.11000000","0.64000000","2024-05-25T20:19:18.159Z","buy","maker"
"167.12000000","1.01440349","2024-05-25T20:19:16.383Z","sell","maker"
"167.12000000","0.92555582","2024-05-25T20:19:16.219Z","sell","maker"
"167.11000000","0.08307393","2024-05-25T20:19:14.137Z","buy","maker"
"167.14000000","1.66358196","2024-05-25T20:19:08.634Z","sell","maker"
"167.14000000","0.38204505","2024-05-25T20:19:08.634Z","sell","maker"
"167.14000000","5.65711565","2024-05-25T20:19:08.634Z","sell","maker"
"167.14000000","0.29619435","2024-05-25T20:19:08.016Z","sell","maker"
"167.11000000","0.00556876","2024-05-25T20:19:06.008Z","buy","maker"
"167.10000000","7.12379429","2024-05-25T20:19:05.981Z","buy","maker"
"167.10000000","8.00000000","2024-05-25T20:19:05.981Z","buy","maker"
"167.11000000","2.86162419","2024-05-25T20:19:05.981Z","buy","maker"
"167.11000000","9.99604516","2024-05-25T20:19:05.981Z","buy","maker"
"167.12000000","9.57388130","2024-05-25T20:19:05.981Z","buy","maker"
"167.12000000","13.00000000","2024-05-25T20:19:05.981Z","buy","maker"
"167.13000000","15.55076299","2024-05-25T20:19:05.981Z","buy","maker"
"167.14000000","0.02258155","2024-05-25T20:19:05.794Z","sell","maker"
"167.13000000","0.00648646","2024-05-25T20:19:02.977Z","buy","maker"
"167.14000000","1.71989571","2024-05-25T20:19:02.946Z","sell","maker"
"167.14000000","3.17886949","2024-05-25T20:19:02.946Z","sell","maker"
"167.13000000","0.02351354","2024-05-25T20:19:02.943Z","sell","maker"
"167.13000000","0.37897748","2024-05-25T20:19:02.943Z","sell","maker"
"167.13000000","0.03297292","2024-05-25T20:19:02.943Z","sell","maker"
"167.13000000","0.38306757","2024-05-25T20:19:02.943Z","sell","maker"
"167.13000000","4.08023370","2024-05-25T20:19:02.943Z","sell","maker"
"167.13000000","0.36501907","2024-05-25T20:19:02.895Z","sell","maker"
"167.11000000","11.98877637","2024-05-25T20:19:02.843Z","sell","maker"
"167.11000000","10.35768768","2024-05-25T20:19:02.843Z","sell","maker"
"167.11000000","13.84922970","2024-05-25T20:19:02.836Z","sell","maker"
"167.11000000","6.00000000","2024-05-25T20:19:02.832Z","sell","maker"
"167.10000000","0.26106570","2024-05-25T20:19:01.971Z","sell","maker"
"167.10000000","3.17886944","2024-05-25T20:19:01.751Z","sell","maker"
"167.08000000","1.34931786","2024-05-25T20:19:00.922Z","sell","maker"
"167.09000000","14.14747157","2024-05-25T20:18:58.269Z","buy","maker"
"167.12000000","0.33429611","2024-05-25T20:18:56.858Z","sell","maker"
"167.12000000","0.04152396","2024-05-25T20:18:55.945Z","sell","maker"
"167.12000000","0.02755690","2024-05-25T20:18:55.798Z","sell","maker"
"167.12000000","0.27000000","2024-05-25T20:18:53.104Z","buy","maker"
"167.13000000","1.14661648","2024-05-25T20:18:51.284Z","sell","maker"
"167.13000000","0.28450796","2024-05-25T20:18:51.117Z","sell","maker"
"167.12000000","0.29012567","2024-05-25T20:18:47.823Z","buy","maker"
"167.13000000","0.29641925","2024-05-25T20:18:47.624Z","sell","maker"
"167.12000000","10.94802828","2024-05-25T20:18:46.216Z","buy","maker"
"167.10000000","0.01175677","2024-05-25T20:18:46.122Z","sell","maker"
"167.10000000","0.00000001","2024-05-25T20:18:46.122Z","sell","maker"
"167.10000000","0.04472967","2024-05-25T20:18:46.020Z","sell","maker"
"167.10000000","0.76613515","2024-05-25T20:18:46.020Z","sell","maker"
"167.10000000","0.01763516","2024-05-25T20:18:46.020Z","sell","maker"
"167.10000000","0.37693242","2024-05-25T20:18:46.020Z","sell","maker"
"167.10000000","6.88943747","2024-05-25T20:18:46.020Z","sell","maker"
"167.10000000","3.52936964","2024-05-25T20:18:44.263Z","sell","maker"
"167.10000000","0.06709451","2024-05-25T20:18:44.263Z","sell","maker"
"167.10000000","1.14920272","2024-05-25T20:18:44.263Z","sell","maker"
"167.10000000","6.61433313","2024-05-25T20:18:44.263Z","sell","maker"
"167.10000000","0.00002844","2024-05-25T20:18:44.255Z","sell","maker"
"167.10000000","1.20000000","2024-05-25T20:18:43.028Z","sell","maker"
"167.10000000","0.67199755","2024-05-25T20:18:43.026Z","sell","maker"
"167.10000000","1.00303723","2024-05-25T20:18:42.325Z","sell","maker"
"167.08000000","0.14019866","2024-05-25T20:18:41.282Z","buy","maker"
"167.06000000","0.12709451","2024-05-25T20:18:41.168Z","sell","maker"
"167.06000000","2.28920272","2024-05-25T20:18:41.168Z","sell","maker"
"167.06000000","11.39429714","2024-05-25T20:18:41.168Z","sell","maker"
"167.06000000","0.01420137","2024-05-25T20:18:41.168Z","sell","maker"
"167.05000000","0.35000000","2024-05-25T20:18:39.626Z","buy","maker"
"167.06000000","0.56913444","2024-05-25T20:18:38.195Z","sell","maker"
"167.06000000","0.12628701","2024-05-25T20:18:37.131Z","sell","maker"
"167.06000000","0.09487269","2024-05-25T20:18:36.665Z","sell","maker"
"167.06000000","1.16290041","2024-05-25T20:18:35.436Z","sell","maker"
"167.06000000","0.46668495","2024-05-25T20:18:34.804Z","sell","maker"
"167.07000000","0.00669403","2024-05-25T20:18:31.422Z","buy","maker"
"167.08000000","1.16201687","2024-05-25T20:18:30.904Z","sell","maker"
"167.08000000","5.99495745","2024-05-25T20:18:30.542Z","buy","maker"
"167.08000000","6.04017877","2024-05-25T20:18:30.542Z","buy","maker"
"167.08000000","0.00598487","2024-05-25T20:18:30.542Z","buy","maker"
"167.10000000","1.92649474","2024-05-25T20:18:27.989Z","sell","maker"
"167.11000000","0.59238238","2024-05-25T20:18:27.301Z","sell","maker"
"167.13000000","0.25474065","2024-05-25T20:18:24.879Z","sell","maker"
"167.13000000","0.10963147","2024-05-25T20:18:23.363Z","sell","maker"
"167.14000000","0.46116593","2024-05-25T20:18:22.330Z","buy","maker"
"167.15000000","0.29240214","2024-05-25T20:18:22.224Z","sell","maker"
"167.15000000","0.00598265","2024-05-25T20:18:21.963Z","sell","maker"
"167.15000000","0.00005980","2024-05-25T20:18:21.106Z","sell","maker"
"167.15000000","0.14831040","2024-05-25T20:18:21.082Z","sell","maker"
"167.15000000","0.57013102","2024-05-25T20:18:20.378Z","sell","maker"
"167.15000000","0.32727566","2024-05-25T20:18:15.337Z","sell","maker"
"167.15000000","1.00076380","2024-05-25T20:18:14.736Z","sell","maker"
"167.16000000","0.58303889","2024-05-25T20:18:12.029Z","sell","maker"
"167.16000000","4.41615325","2024-05-25T20:18:09.177Z","sell","maker"
"167.15000000","18.04835000","2024-05-25T20:18:09.099Z","buy","maker"
"167.20000000","0.05815634","2024-05-25T20:18:02.243Z","sell","maker"
"167.21000000","0.21323220","2024-05-25T20:18:01.571Z","sell","maker"
"167.21000000","0.53099534","2024-05-25T20:17:59.809Z","sell","maker"
"167.21000000","0.02966329","2024-05-25T20:17:59.344Z","sell","maker"
"167.21000000","0.10959213","2024-05-25T20:17:56.786Z","sell","maker"
"167.21000000","12.80233595","2024-05-25T20:17:55.002Z","sell","maker"
"167.20000000","0.02597474","2024-05-25T20:17:54.584Z","buy","maker"
"167.21000000","0.35539003","2024-05-25T20:17:52.579Z","sell","maker"
"167.21000000","0.00023912","2024-05-25T20:17:52.320Z","sell","maker"
"167.21000000","0.59541998","2024-05-25T20:17:52.291Z","sell","maker"
"167.21000000","0.05920699","2024-05-25T20:17:51.695Z","sell","maker"
"167.21000000","2.25114997","2024-05-25T20:17:47.690Z","sell","maker"
"167.20000000","1.10000000","2024-05-25T20:17:47.545Z","buy","maker"
"167.19000000","0.02772750","2024-05-25T20:17:45.584Z","buy","maker"
"167.16000000","8.97702718","2024-05-25T20:17:45.429Z","buy","maker"
"167.17000000","21.57359057","2024-05-25T20:17:45.429Z","buy","maker"
"167.17000000","29.91066573","2024-05-25T20:17:45.429Z","buy","maker"
"167.18000000","33.94729704","2024-05-25T20:17:45.429Z","buy","maker"
"167.18000000","24.13492461","2024-05-25T20:17:45.429Z","buy","maker"
"167.18000000","0.74702683","2024-05-25T20:17:45.429Z","buy","maker"
"167.19000000","12.03564631","2024-05-25T20:17:45.429Z","buy","maker"
"167.20000000","9.56935811","2024-05-25T20:17:45.429Z","buy","maker"
"167.21000000","15.55076299","2024-05-25T20:17:45.429Z","buy","maker"
"167.21000000","29.78649742","2024-05-25T20:17:45.429Z","buy","maker"
"167.21000000","0.42041996","2024-05-25T20:17:44.418Z","buy","maker"
"167.22000000","0.05920345","2024-05-25T20:17:44.391Z","sell","maker"
"167.22000000","0.23681378","2024-05-25T20:17:43.215Z","sell","maker"
"167.22000000","0.56722820","2024-05-25T20:17:42.009Z","sell","maker"
"167.22000000","0.20721206","2024-05-25T20:17:37.773Z","sell","maker"
"167.22000000","9.24579290","2024-05-25T20:17:37.624Z","sell","maker"
"167.22000000","10.04850256","2024-05-25T20:17:37.624Z","sell","maker"
"167.22000000","0.24284125","2024-05-25T20:17:37.624Z","sell","maker"
"167.22000000","0.49536024","2024-05-25T20:17:37.427Z","sell","maker"
"167.22000000","1.53901345","2024-05-25T20:17:28.217Z","sell","maker"
"167.22000000","0.29599952","2024-05-25T20:17:27.775Z","sell","maker"
"167.22000000","0.02959818","2024-05-25T20:17:25.154Z","sell","maker"
"167.22000000","0.20000000","2024-05-25T20:17:24.809Z","sell","maker"
"167.22000000","0.29608251","2024-05-25T20:17:24.461Z","sell","maker"
"167.22000000","0.07997429","2024-05-25T20:17:24.271Z","sell","maker"
"167.23000000","0.00298972","2024-05-25T20:17:20.336Z","sell","maker"
"167.22000000","0.00903002","2024-05-25T20:17:20.186Z","buy","maker"
"167.23000000","0.28420175","2024-05-25T20:17:19.970Z","sell","maker"
"167.22000000","0.11120261","2024-05-25T20:17:19.935Z","buy","maker"
"167.22000000","11.89127610","2024-05-25T20:17:19.858Z","buy","maker"
"167.22000000","0.03384396","2024-05-25T20:17:18.972Z","sell","maker"
"167.23000000","1.34515148","2024-05-25T20:17:16.903Z","buy","maker"
"167.24000000","0.18646109","2024-05-25T20:17:16.802Z","sell","maker"
"167.24000000","0.00472186","2024-05-25T20:17:11.455Z","sell","maker"
"167.24000000","11.90644287","2024-05-25T20:17:11.425Z","sell","maker"
"167.23000000","0.90000000","2024-05-25T20:17:08.009Z","buy","maker"
"167.25000000","0.14693769","2024-05-25T20:17:00.950Z","sell","maker"
"167.21000000","0.34000000","2024-05-25T20:16:59.638Z","buy","maker"
"167.25000000","1.16236603","2024-05-25T20:16:57.725Z","buy","maker"
"167.26000000","0.00023905","2024-05-25T20:16:54.685Z","sell","maker"
"167.26000000","0.59428578","2024-05-25T20:16:54.662Z","sell","maker"
"167.25000000","0.59787158","2024-05-25T20:16:54.147Z","buy","maker"
"167.25000000","0.24154012","2024-05-25T20:16:53.213Z","buy","maker"
"167.25000000","2.30134237","2024-05-25T20:16:45.409Z","buy","maker"
"167.25000000","2.36095313","2024-05-25T20:16:45.306Z","buy","maker"
"167.25000000","1.14400001","2024-05-25T20:16:45.272Z","buy","maker"
"167.27000000","7.39940719","2024-05-25T20:16:43.793Z","buy","maker"
"167.27000000","0.02271197","2024-05-25T20:16:43.793Z","buy","maker"
"167.28000000","0.08056770","2024-05-25T20:16:42.104Z","sell","maker"
"167.28000000","0.49529636","2024-05-25T20:16:39.208Z","sell","maker"
"167.27000000","0.57837579","2024-05-25T20:16:35.139Z","buy","maker"
"167.28000000","0.06548626","2024-05-25T20:16:31.541Z","sell","maker"
"167.28000000","0.05799840","2024-05-25T20:16:29.892Z","sell","maker"
"167.28000000","1.74279770","2024-05-25T20:16:26.288Z","sell","maker"
"167.28000000","0.05917160","2024-05-25T20:16:22.977Z","sell","maker"
"167.28000000","21.81955770","2024-05-25T20:16:22.391Z","sell","maker"
"167.28000000","0.00870016","2024-05-25T20:16:20.536Z","sell","maker"
"167.28000000","0.05331042","2024-05-25T20:16:18.439Z","sell","maker"
"167.30000000","0.02935249","2024-05-25T20:16:16.713Z","buy","maker"
"167.31000000","0.71751479","2024-05-25T20:16:14.355Z","sell","maker"
"167.30000000","0.07222832","2024-05-25T20:16:14.203Z","buy","maker"
"167.31000000","30.20691738","2024-05-25T20:16:13.880Z","buy","maker"
"167.34000000","4.32113050","2024-05-25T20:16:08.829Z","sell","maker"
"167.34000000","3.17886950","2024-05-25T20:16:08.829Z","sell","maker"
"167.32000000","0.44357442","2024-05-25T20:16:07.865Z","buy","maker"
"167.32000000","0.72826451","2024-05-25T20:16:07.123Z","buy","maker"
"167.33000000","1.36600000","2024-05-25T20:16:07.123Z","buy","maker"
"167.33000000","0.05937982","2024-05-25T20:16:06.274Z","sell","maker"
"167.34000000","0.16770795","2024-05-25T20:16:03.766Z","sell","maker"
"167.31000000","7.12597981","2024-05-25T20:16:03.581Z","sell","maker"
"167.31000000","0.92563454","2024-05-25T20:16:02.005Z","sell","maker"
"167.31000000","0.52643647","2024-05-25T20:16:02.005Z","sell","maker"
"167.30000000","0.41838503","2024-05-25T20:16:01.001Z","buy","maker"
"167.30000000","5.00000000","2024-05-25T20:15:58.863Z","buy","maker"
"167.30000000","2.21186719","2024-05-25T20:15:58.550Z","buy","maker"
"167.31000000","0.59171598","2024-05-25T20:15:56.057Z","sell","maker"
"167.31000000","0.22566002","2024-05-25T20:15:51.907Z","sell","maker"
"167.30000000","4.04715780","2024-05-25T20:15:45.675Z","buy","maker"
"167.31000000","0.83248851","2024-05-25T20:15:45.486Z","sell","maker"
"167.31000000","0.85015178","2024-05-25T20:15:45.438Z","sell","maker"
"167.31000000","0.15241668","2024-05-25T20:15:40.975Z","sell","maker"
"167.35000000","2.65109402","2024-05-25T20:15:32.727Z","sell","maker"
"167.35000000","3.15510781","2024-05-25T20:15:32.727Z","sell","maker"
"167.35000000","0.02376167","2024-05-25T20:15:30.983Z","sell","maker"
"167.34000000","2.31832355","2024-05-25T20:15:28.169Z","sell","maker"
"167.36000000","0.02957519","2024-05-25T20:15:26.736Z","sell","maker"
"167.35000000","0.06474168","2024-05-25T20:15:26.475Z","buy","maker"
"167.36000000","1.18307839","2024-05-25T20:15:25.638Z","sell","maker"
"167.36000000","0.10948736","2024-05-25T20:15:24.036Z","sell","maker"
"167.36000000","0.10494632","2024-05-25T20:15:22.479Z","sell","maker"
"167.36000000","0.00005972","2024-05-25T20:15:22.325Z","sell","maker"
"167.36000000","0.25440581","2024-05-25T20:15:22.316Z","sell","maker"
"167.36000000","0.14973695","2024-05-25T20:15:22.302Z","sell","maker"
"167.36000000","0.05925099","2024-05-25T20:15:21.244Z","sell","maker"
"167.36000000","0.41622849","2024-05-25T20:15:20.475Z","sell","maker"
"167.36000000","15.38698845","2024-05-25T20:15:19.174Z","buy","maker"
"167.37000000","0.05550689","2024-05-25T20:15:19.150Z","sell","maker"
"167.37000000","0.59169286","2024-05-25T20:15:18.567Z","sell","maker"
"167.37000000","1.47902474","2024-05-25T20:15:17.038Z","sell","maker"
"167.36000000","0.77840000","2024-05-25T20:15:14.806Z","buy","maker"
"167.38000000","0.14790247","2024-05-25T20:15:12.414Z","sell","maker"
"167.37000000","0.00515149","2024-05-25T20:15:11.065Z","buy","maker"
"167.37000000","0.67515148","2024-05-25T20:15:11.038Z","sell","maker"
"167.36000000","2.01773079","2024-05-25T20:15:10.822Z","buy","maker"
"167.36000000","4.99853939","2024-05-25T20:15:10.822Z","buy","maker"
"167.35000000","29.97943231","2024-05-25T20:15:10.674Z","sell","maker"
"167.34000000","0.00597586","2024-05-25T20:15:10.504Z","sell","maker"
"167.33000000","0.14629630","2024-05-25T20:15:09.799Z","buy","maker"
"167.34000000","5.80446781","2024-05-25T20:15:08.857Z","sell","maker"
"167.34000000","3.17886950","2024-05-25T20:15:08.781Z","sell","maker"
"167.35000000","2.10581806","2024-05-25T20:15:03.347Z","sell","maker"
"167.35000000","3.17886943","2024-05-25T20:15:03.347Z","sell","maker"
"167.35000000","7.83035157","2024-05-25T20:15:03.292Z","buy","maker"
"167.36000000","30.20691738","2024-05-25T20:15:03.280Z","buy","maker"
"167.38000000","3.90000000","2024-05-25T20:15:02.218Z","buy","maker"
"167.42000000","0.00545446","2024-05-25T20:15:00.979Z","buy","maker"
"167.42000000","1.01227277","2024-05-25T20:15:00.953Z","sell","maker"
"167.42000000","7.00711456","2024-05-25T20:15:00.953Z","sell","maker"
"167.42000000","0.00318168","2024-05-25T20:15:00.953Z","sell","maker"
"167.42000000","24.02643479","2024-05-25T20:15:00.953Z","sell","maker"
"167.42000000","6.18048259","2024-05-25T20:15:00.924Z","sell","maker"
"167.42000000","0.90455942","2024-05-25T20:14:58.039Z","sell","maker"
"167.42000000","0.27814261","2024-05-25T20:14:58.039Z","sell","maker"
"167.42000000","0.06729072","2024-05-25T20:14:56.562Z","sell","maker"
"167.42000000","1.79111694","2024-05-25T20:14:55.185Z","sell","maker"
"167.42000000","1.79111694","2024-05-25T20:14:55.014Z","sell","maker"
"167.42000000","1.79111694","2024-05-25T20:14:54.514Z","sell","maker"
"167.42000000","1.79111694","2024-05-25T20:14:54.014Z","sell","maker"
"167.41000000","0.32501195","2024-05-25T20:14:54.000Z","buy","maker"
"167.42000000","1.79070000","2024-05-25T20:14:54.000Z","sell","maker"
"167.42000000","1.06193052","2024-05-25T20:14:53.834Z","sell","maker"
"167.42000000","3.17886948","2024-05-25T20:14:53.834Z","sell","maker"
"167.41000000","16.59829315","2024-05-25T20:14:53.800Z","sell","maker"
"167.41000000","1.38396153","2024-05-25T20:14:53.800Z","sell","maker"
"167.41000000","1.79490794","2024-05-25T20:14:53.726Z","sell","maker"
"167.41000000","1.52318168","2024-05-25T20:14:53.698Z","sell","maker"
"167.41000000","22.49580045","2024-05-25T20:14:53.698Z","sell","maker"
"167.40000000","1.38775248","2024-05-25T20:14:53.698Z","sell","maker"
"167.40000000","1.79111694","2024-05-25T20:14:53.661Z","sell","maker"
"167.41000000","5.91999999","2024-05-25T20:14:53.600Z","sell","maker"
"167.40000000","0.00000001","2024-05-25T20:14:53.600Z","sell","maker"
"167.40000000","6.55751327","2024-05-25T20:14:53.592Z","sell","maker"
"167.40000000","3.17886950","2024-05-25T20:14:53.592Z","sell","maker"
"167.41000000","1.79111694","2024-05-25T20:14:53.492Z","sell","maker"
"167.40000000","5.60177014","2024-05-25T20:14:53.486Z","sell","maker"
"167.40000000","3.17886946","2024-05-25T20:14:53.486Z","sell","maker"
"167.43000000","1.79111694","2024-05-25T20:14:53.094Z","sell","maker"
"167.43000000","15.52362301","2024-05-25T20:14:52.766Z","sell","maker"
"167.43000000","3.17886949","2024-05-25T20:14:52.766Z","sell","maker"
"167.44000000","1.79111694","2024-05-25T20:14:52.754Z","sell","maker"
"167.43000000","16.59829313","2024-05-25T20:14:52.621Z","sell","maker"
"167.43000000","1.38775251","2024-05-25T20:14:52.621Z","sell","maker"
"167.43000000","1.79111694","2024-05-25T20:14:52.584Z","sell","maker"
"167.43000000","0.00954504","2024-05-25T20:14:52.527Z","sell","maker"
"167.43000000","7.46342884","2024-05-25T20:14:52.413Z","sell","maker"
"167.43000000","2.28954504","2024-05-25T20:14:52.413Z","sell","maker"
"167.43000000","9.91615525","2024-05-25T20:14:52.413Z","sell","maker"
"167.43000000","0.58740119","2024-05-25T20:14:52.407Z","sell","maker"
"167.43000000","1.79111694","2024-05-25T20:14:52.089Z","sell","maker"
"167.43000000","1.79111694","2024-05-25T20:14:51.588Z","sell","maker"
"167.43000000","1.79111694","2024-05-25T20:14:51.089Z","sell","maker"
"167.43000000","1.79111694","2024-05-25T20:14:50.589Z","sell","maker"
"167.42000000","0.00005993","2024-05-25T20:14:50.396Z","buy","maker"
"167.42000000","0.00671258","2024-05-25T20:14:50.368Z","buy","maker"
"167.43000000","1.79111694","2024-05-25T20:14:50.094Z","sell","maker"
"167.43000000","1.79129604","2024-05-25T20:14:49.730Z","sell","maker"
"167.43000000","1.79129604","2024-05-25T20:14:49.171Z","sell","maker"
"167.43000000","1.79129604","2024-05-25T20:14:48.672Z","sell","maker"
"167.43000000","1.79129604","2024-05-25T20:14:48.171Z","sell","maker"
"167.43000000","1.79129604","2024-05-25T20:14:47.671Z","sell","maker"
"167.42000000","0.00282543","2024-05-25T20:14:47.281Z","buy","maker"
"167.43000000","1.79129604","2024-05-25T20:14:47.170Z","sell","maker"
"167.43000000","1.79129604","2024-05-25T20:14:46.671Z","sell","maker"
"167.43000000","1.79129604","2024-05-25T20:14:46.171Z","sell","maker"
"167.43000000","1.00301326","2024-05-25T20:14:45.671Z","sell","maker"
"167.43000000","0.78828278","2024-05-25T20:14:45.671Z","sell","maker"
"167.43000000","1.79129604","2024-05-25T20:14:45.170Z","sell","maker"
"167.43000000","1.79129604","2024-05-25T20:14:44.664Z","sell","maker"
"167.42000000","0.30761421","2024-05-25T20:14:44.618Z","buy","maker"
"167.43000000","1.23870699","2024-05-25T20:14:44.586Z","sell","maker"
"167.43000000","1.79129604","2024-05-25T20:14:44.163Z","sell","maker"
"167.43000000","0.40372262","2024-05-25T20:14:43.993Z","sell","maker"
"167.43000000","1.38757342","2024-05-25T20:14:43.993Z","sell","maker"
"167.43000000","1.79129604","2024-05-25T20:14:43.824Z","sell","maker"
"167.42000000","24.39829318","2024-05-25T20:14:43.782Z","sell","maker"
"167.42000000","1.38778731","2024-05-25T20:14:43.782Z","sell","maker"
"167.42000000","1.79108219","2024-05-25T20:14:43.655Z","sell","maker"
"167.42000000","7.67660326","2024-05-25T20:14:43.610Z","sell","maker"
"167.42000000","16.59829319","2024-05-25T20:14:43.610Z","sell","maker"
"167.42000000","1.38778732","2024-05-25T20:14:43.610Z","sell","maker"
"167.42000000","1.79108219","2024-05-25T20:14:43.486Z","sell","maker"
"167.42000000","30.20691738","2024-05-25T20:14:43.419Z","sell","maker"
"167.42000000","6.68138859","2024-05-25T20:14:43.307Z","sell","maker"
"167.42000000","3.17886948","2024-05-25T20:14:43.307Z","sell","maker"
"167.44000000","8.00000000","2024-05-25T20:14:43.281Z","buy","maker"
"167.44000000","7.75422262","2024-05-25T20:14:43.281Z","buy","maker"
"167.45000000","22.85450000","2024-05-25T20:14:43.080Z","sell","maker"
"167.45000000","4.72215871","2024-05-25T20:14:42.916Z","sell","maker"
"167.45000000","1.21692758","2024-05-25T20:14:42.916Z","sell","maker"
"167.45000000","0.01145315","2024-05-25T20:14:40.753Z","sell","maker"
"167.45000000","0.86843449","2024-05-25T20:14:40.482Z","sell","maker"
"167.45000000","0.08005240","2024-05-25T20:14:36.257Z","sell","maker"
"167.45000000","1.47985053","2024-05-25T20:14:36.208Z","sell","maker"
"167.45000000","0.03790138","2024-05-25T20:14:33.588Z","sell","maker"
"167.45000000","4.68446978","2024-05-25T20:14:32.867Z","sell","maker"
"167.45000000","0.51004838","2024-05-25T20:14:32.077Z","sell","maker"
"167.45000000","0.03553240","2024-05-25T20:14:30.512Z","sell","maker"
"167.45000000","1.13289818","2024-05-25T20:14:30.190Z","sell","maker"
"167.45000000","2.61800000","2024-05-25T20:14:29.909Z","sell","maker"
"167.45000000","4.00000000","2024-05-25T20:14:29.762Z","sell","maker"
"167.45000000","5.00904900","2024-05-25T20:14:29.753Z","sell","maker"
"167.45000000","3.50000038","2024-05-25T20:14:29.738Z","sell","maker"
"167.45000000","6.00000000","2024-05-25T20:14:29.671Z","sell","maker"
"167.45000000","20.00000000","2024-05-25T20:14:29.671Z","sell","maker"
"167.44000000","1.19438638","2024-05-25T20:14:29.582Z","buy","maker"
"167.44000000","0.14025798","2024-05-25T20:14:29.522Z","buy","maker"
"167.44000000","0.46679474","2024-05-25T20:14:24.090Z","buy","maker"
"167.45000000","1.79076151","2024-05-25T20:14:18.125Z","sell","maker"
"167.45000000","0.05913272","2024-05-25T20:14:18.071Z","sell","maker"
"167.43000000","6.00000000","2024-05-25T20:14:18.060Z","sell","maker"
"167.43000000","20.00000000","2024-05-25T20:14:18.060Z","sell","maker"
"167.43000000","30.20691738","2024-05-25T20:14:18.040Z","sell","maker"
"167.44000000","5.97228858","2024-05-25T20:14:17.688Z","buy","maker"
"167.45000000","0.83189185","2024-05-25T20:14:17.676Z","sell","maker"
"167.45000000","0.05912919","2024-05-25T20:14:17.476Z","sell","maker"
"167.45000000","0.31484179","2024-05-25T20:14:17.191Z","sell","maker"
"167.45000000","0.04859859","2024-05-25T20:14:16.016Z","sell","maker"
"167.45000000","0.86472022","2024-05-25T20:14:13.992Z","sell","maker"
"167.45000000","7.27500000","2024-05-25T20:14:13.612Z","sell","maker"
"167.45000000","11.93825856","2024-05-25T20:14:13.553Z","sell","maker"
"167.45000000","1.79118911","2024-05-25T20:14:13.493Z","sell","maker"
"167.45000000","40.00000000","2024-05-25T20:14:13.446Z","sell","maker"
"167.45000000","86.75043868","2024-05-25T20:14:13.442Z","sell","maker"
"167.45000000","4.00000000","2024-05-25T20:14:13.441Z","sell","maker"
"167.45000000","161.09000000","2024-05-25T20:14:13.441Z","sell","maker"
"167.45000000","40.34634756","2024-05-25T20:14:13.440Z","sell","maker"
"167.45000000","20.00000000","2024-05-25T20:14:13.439Z","sell","maker"
"167.45000000","6.00000000","2024-05-25T20:14:13.439Z","sell","maker"
"167.43000000","0.00011986","2024-05-25T20:14:13.430Z","sell","maker"
"167.43000000","0.00023972","2024-05-25T20:14:13.430Z","sell","maker"
"167.43000000","0.00035958","2024-05-25T20:14:13.430Z","sell","maker"
"167.43000000","5.91293920","2024-05-25T20:14:13.430Z","sell","maker"
"167.43000000","0.00053937","2024-05-25T20:14:13.430Z","sell","maker"
"167.43000000","23.19819762","2024-05-25T20:14:13.430Z","sell","maker"
"167.42000000","0.02985966","2024-05-25T20:14:11.337Z","buy","maker"
"167.43000000","1.16074676","2024-05-25T20:14:11.246Z","sell","maker"
"167.43000000","5.84797300","2024-05-25T20:14:11.235Z","sell","maker"
"167.42000000","0.00790965","2024-05-25T20:14:09.803Z","sell","maker"
"167.43000000","0.03163861","2024-05-25T20:14:09.547Z","sell","maker"
"167.43000000","3.17886947","2024-05-25T20:14:09.547Z","sell","maker"
"167.42000000","0.01581930","2024-05-25T20:14:09.547Z","sell","maker"
"167.42000000","0.06327722","2024-05-25T20:14:09.447Z","sell","maker"
"167.42000000","30.20691738","2024-05-25T20:14:09.447Z","sell","maker"
"167.42000000","30.20691738","2024-05-25T20:14:09.076Z","sell","maker"
"167.42000000","30.20691738","2024-05-25T20:14:08.974Z","sell","maker"
"167.42000000","0.04218481","2024-05-25T20:14:08.974Z","sell","maker"
"167.44000000","0.16873925","2024-05-25T20:14:08.872Z","sell","maker"
"167.44000000","9.55566172","2024-05-25T20:14:08.865Z","buy","maker"
"167.45000000","0.34465133","2024-05-25T20:14:08.684Z","sell","maker"
"167.45000000","0.23233415","2024-05-25T20:14:07.177Z","sell","maker"
"167.45000000","0.29590559","2024-05-25T20:14:05.799Z","sell","maker"
"167.45000000","7.18307491","2024-05-25T20:14:05.619Z","sell","maker"
"167.45000000","2.00000000","2024-05-25T20:14:05.612Z","sell","maker"
"167.45000000","6.00000000","2024-05-25T20:14:05.611Z","sell","maker"
"167.45000000","20.00000000","2024-05-25T20:14:05.611Z","sell","maker"
"167.45000000","4.77300000","2024-05-25T20:14:04.235Z","sell","maker"
"167.45000000","24.82610659","2024-05-25T20:14:04.159Z","sell","maker"
"167.45000000","4.26417628","2024-05-25T20:14:04.159Z","sell","maker"
"167.44000000","6.66507422","2024-05-25T20:14:03.990Z","sell","maker"
"167.44000000","13.60000814","2024-05-25T20:14:03.987Z","sell","maker"
"167.44000000","3.82205563","2024-05-25T20:14:03.928Z","sell","maker"
"167.44000000","3.17886946","2024-05-25T20:14:03.928Z","sell","maker"
"167.40000000","0.00025799","2024-05-25T20:14:03.795Z","buy","maker"
"167.40000000","0.00120262","2024-05-25T20:14:03.795Z","buy","maker"
"167.43000000","3.34107491","2024-05-25T20:14:03.770Z","sell","maker"
"167.42000000","13.00000000","2024-05-25T20:14:03.770Z","sell","maker"
"167.39000000","0.08120261","2024-05-25T20:14:03.770Z","sell","maker"
"167.39000000","0.10025798","2024-05-25T20:14:03.770Z","sell","maker"
"167.39000000","2.00796214","2024-05-25T20:14:03.770Z","sell","maker"
"167.38000000","3.76977339","2024-05-25T20:14:03.742Z","sell","maker"
"167.38000000","0.41169916","2024-05-25T20:14:03.742Z","sell","maker"
"167.37000000","2.00000000","2024-05-25T20:14:03.740Z","sell","maker"
"167.38000000","6.00000000","2024-05-25T20:14:03.738Z","sell","maker"
"167.35000000","13.00000000","2024-05-25T20:14:03.738Z","sell","maker"
"167.37000000","0.00000003","2024-05-25T20:14:03.732Z","sell","maker"
"167.37000000","1.36399997","2024-05-25T20:14:03.732Z","sell","maker"
"167.37000000","15.55076299","2024-05-25T20:14:03.732Z","sell","maker"
"167.36000000","30.20691738","2024-05-25T20:14:03.732Z","sell","maker"
"167.36000000","1.27050727","2024-05-25T20:14:03.732Z","sell","maker"
"167.35000000","13.00000000","2024-05-25T20:14:03.732Z","sell","maker"
"167.35000000","5.00000000","2024-05-25T20:14:03.732Z","sell","maker"
"167.35000000","0.63525363","2024-05-25T20:14:03.732Z","sell","maker"
"167.34000000","0.33747849","2024-05-25T20:14:03.732Z","sell","maker"
"167.34000000","0.67495699","2024-05-25T20:14:03.669Z","sell","maker"
"167.34000000","1.34991397","2024-05-25T20:14:03.567Z","sell","maker"
"167.34000000","0.15881341","2024-05-25T20:14:03.464Z","sell","maker"
"167.34000000","0.31762682","2024-05-25T20:14:03.374Z","sell","maker"
"167.36000000","4.06562463","2024-05-25T20:14:03.248Z","sell","maker"
"167.42000000","4.60000000","2024-05-25T20:13:59.334Z","sell","maker"
"167.42000000","4.20000000","2024-05-25T20:13:59.316Z","sell","maker"
"167.42000000","6.03428012","2024-05-25T20:13:59.160Z","sell","maker"
"167.36000000","0.00360784","2024-05-25T20:13:59.082Z","buy","maker"
"167.36000000","0.00077396","2024-05-25T20:13:59.080Z","buy","maker"
"167.36000000","25.52662387","2024-05-25T20:13:59.077Z","buy","maker"
"167.36000000","2.96853896","2024-05-25T20:13:59.077Z","buy","maker"
"167.37000000","1.48426948","2024-05-25T20:13:59.077Z","buy","maker"
"167.37000000","6.00000000","2024-05-25T20:13:59.059Z","sell","maker"
"167.37000000","3.73369831","2024-05-25T20:13:59.052Z","sell","maker"
"167.37000000","2.99765253","2024-05-25T20:13:59.052Z","sell","maker"
"167.36000000","21.62237842","2024-05-25T20:13:59.052Z","sell","maker"
"167.36000000","0.15077395","2024-05-25T20:13:59.052Z","sell","maker"
"167.36000000","29.97764099","2024-05-25T20:13:59.052Z","sell","maker"
"167.35000000","0.12360784","2024-05-25T20:13:59.052Z","sell","maker"
"167.35000000","7.12685846","2024-05-25T20:13:59.052Z","sell","maker"
"167.34000000","0.62922063","2024-05-25T20:13:57.785Z","sell","maker"
"167.34000000","0.59431538","2024-05-25T20:13:57.671Z","buy","maker"
"167.35000000","0.01723188","2024-05-25T20:13:56.057Z","sell","maker"
"167.36000000","0.29078850","2024-05-25T20:13:53.818Z","sell","maker"
"167.36000000","1.20023686","2024-05-25T20:13:53.749Z","sell","maker"
"167.36000000","0.21827647","2024-05-25T20:13:53.726Z","sell","maker"
"167.36000000","0.83965000","2024-05-25T20:13:53.726Z","sell","maker"
"167.36000000","3.26412250","2024-05-25T20:13:53.636Z","sell","maker"
"167.36000000","4.98076156","2024-05-25T20:13:53.636Z","sell","maker"
"167.36000000","0.99900000","2024-05-25T20:13:53.632Z","sell","maker"
"167.36000000","0.67056063","2024-05-25T20:13:53.629Z","sell","maker"
"167.36000000","5.32478879","2024-05-25T20:13:53.580Z","sell","maker"
"167.36000000","0.96497435","2024-05-25T20:13:53.580Z","sell","maker"
"167.36000000","3.56820130","2024-05-25T20:13:53.579Z","sell","maker"
"167.36000000","1.03179870","2024-05-25T20:13:53.579Z","sell","maker"
"167.36000000","3.99389006","2024-05-25T20:13:53.552Z","sell","maker"
"167.36000000","1.24294170","2024-05-25T20:13:53.542Z","sell","maker"
"167.36000000","0.07669638","2024-05-25T20:13:53.540Z","sell","maker"
"167.36000000","0.91170438","2024-05-25T20:13:53.540Z","sell","maker"
"167.36000000","3.62623466","2024-05-25T20:13:53.540Z","sell","maker"
"167.36000000","0.22119089","2024-05-25T20:13:53.531Z","sell","maker"
"167.35000000","3.62623465","2024-05-25T20:13:53.530Z","sell","maker"
"167.35000000","0.22180396","2024-05-25T20:13:53.520Z","sell","maker"
"167.35000000","3.32845144","2024-05-25T20:13:53.513Z","sell","maker"
"167.35000000","1.38974648","2024-05-25T20:13:53.513Z","sell","maker"
"167.35000000","4.60024145","2024-05-25T20:13:53.486Z","sell","maker"
"167.35000000","3.37493821","2024-05-25T20:13:53.388Z","sell","maker"
"167.35000000","3.17886951","2024-05-25T20:13:53.388Z","sell","maker"
"167.31000000","13.77197104","2024-05-25T20:13:53.329Z","buy","maker"
"167.32000000","1.24711537","2024-05-25T20:13:53.329Z","buy","maker"
"167.32000000","0.00232188","2024-05-25T20:13:53.326Z","buy","maker"
"167.31000000","6.22576995","2024-05-25T20:13:53.316Z","buy","maker"
"167.30000000","12.14180823","2024-05-25T20:13:53.298Z","sell","maker"
"167.30000000","0.44383906","2024-05-25T20:13:53.298Z","sell","maker"
"167.30000000","14.96930568","2024-05-25T20:13:53.298Z","sell","maker"
"167.30000000","0.00848280","2024-05-25T20:13:53.298Z","sell","maker"
"167.30000000","15.01908641","2024-05-25T20:13:53.298Z","sell","maker"
"167.30000000","14.80250320","2024-05-25T20:13:53.298Z","sell","maker"
"167.30000000","7.00000000","2024-05-25T20:13:53.289Z","sell","maker"
"167.29000000","6.00000000","2024-05-25T20:13:53.279Z","sell","maker"
"167.29000000","13.00000000","2024-05-25T20:13:53.273Z","sell","maker"
"167.28000000","3.19618215","2024-05-25T20:13:53.273Z","sell","maker"
"167.26000000","8.00629787","2024-05-25T20:13:52.633Z","buy","maker"
"167.22000000","0.00508191","2024-05-25T20:13:46.958Z","buy","maker"
"167.22000000","0.75092670","2024-05-25T20:13:46.857Z","buy","maker"
"167.26000000","4.61722678","2024-05-25T20:13:44.414Z","sell","maker"
"167.26000000","3.17886947","2024-05-25T20:13:44.414Z","sell","maker"
"167.25000000","4.85814785","2024-05-25T20:13:44.414Z","sell","maker"
"167.25000000","5.86620780","2024-05-25T20:13:44.414Z","sell","maker"
"167.25000000","8.49848878","2024-05-25T20:13:44.414Z","sell","maker"
"167.25000000","0.00597908","2024-05-25T20:13:44.414Z","sell","maker"
"167.25000000","2.78679572","2024-05-25T20:13:44.414Z","sell","maker"
"167.24000000","0.14346404","2024-05-25T20:13:41.917Z","buy","maker"
"167.25000000","0.00239067","2024-05-25T20:13:41.742Z","sell","maker"
"167.25000000","1.20714219","2024-05-25T20:13:41.717Z","sell","maker"
"167.25000000","4.74569341","2024-05-25T20:13:41.717Z","sell","maker"
"167.24000000","0.00167394","2024-05-25T20:13:41.257Z","buy","maker"
"167.25000000","2.57581992","2024-05-25T20:13:40.747Z","sell","maker"
"167.25000000","3.17886950","2024-05-25T20:13:40.747Z","sell","maker"
"167.24000000","2.27552678","2024-05-25T20:13:39.694Z","buy","maker"
"167.25000000","1.01773599","2024-05-25T20:13:39.694Z","buy","maker"
"167.26000000","0.82673723","2024-05-25T20:13:39.694Z","buy","maker"
"167.27000000","5.40214918","2024-05-25T20:13:34.645Z","sell","maker"
"167.27000000","0.05981943","2024-05-25T20:13:26.784Z","sell","maker"
"167.27000000","2.95875672","2024-05-25T20:13:26.502Z","sell","maker"
"167.27000000","0.00071711","2024-05-25T20:13:23.401Z","sell","maker"
"167.27000000","1.80761078","2024-05-25T20:13:23.382Z","sell","maker"
"167.26000000","0.05391835","2024-05-25T20:13:23.188Z","buy","maker"
"167.27000000","0.17065495","2024-05-25T20:13:20.819Z","sell","maker"
"167.27000000","0.02499272","2024-05-25T20:13:19.132Z","sell","maker"
"167.27000000","0.05331680","2024-05-25T20:13:18.513Z","sell","maker"
"167.26000000","0.00119567","2024-05-25T20:13:18.176Z","buy","maker"
"167.27000000","0.28344889","2024-05-25T20:13:15.484Z","sell","maker"
"167.27000000","0.59175135","2024-05-25T20:13:15.311Z","sell","maker"
"167.28000000","0.05917513","2024-05-25T20:13:12.341Z","sell","maker"
"167.30000000","1.45215780","2024-05-25T20:13:11.998Z","sell","maker"
"167.30000000","0.17752540","2024-05-25T20:13:11.637Z","sell","maker"
"167.30000000","1.47949671","2024-05-25T20:13:11.459Z","sell","maker"
"167.30000000","4.99562379","2024-05-25T20:13:09.422Z","buy","maker"
"167.30000000","7.14104791","2024-05-25T20:13:09.395Z","sell","maker"
"167.30000000","0.67075860","2024-05-25T20:13:09.395Z","sell","maker"
"167.30000000","15.01908641","2024-05-25T20:13:09.395Z","sell","maker"
"167.30000000","14.96930568","2024-05-25T20:13:09.395Z","sell","maker"
"167.30000000","0.00772420","2024-05-25T20:13:09.395Z","sell","maker"
"167.30000000","19.02603277","2024-05-25T20:13:09.395Z","sell","maker"
"167.30000000","0.21206242","2024-05-25T20:13:07.326Z","sell","maker"
"167.30000000","0.56386366","2024-05-25T20:13:07.204Z","sell","maker"
"167.30000000","0.00298744","2024-05-25T20:13:04.863Z","sell","maker"
"167.30000000","7.46025558","2024-05-25T20:13:04.838Z","sell","maker"
"167.30000000","2.64216484","2024-05-25T20:13:04.500Z","sell","maker"
"167.30000000","7.58421374","2024-05-25T20:13:04.500Z","sell","maker"
"167.30000000","15.01908641","2024-05-25T20:13:04.500Z","sell","maker"
"167.30000000","1.01113790","2024-05-25T20:13:04.500Z","sell","maker"
"167.30000000","2.76705596","2024-05-25T20:13:04.500Z","sell","maker"
"167.29000000","0.13515452","2024-05-25T20:13:04.391Z","buy","maker"
"167.30000000","0.00023899","2024-05-25T20:13:03.926Z","sell","maker"
"167.30000000","0.59300846","2024-05-25T20:13:03.894Z","sell","maker"
"167.30000000","9.73000000","2024-05-25T20:13:03.799Z","sell","maker"
"167.29000000","0.44443780","2024-05-25T20:13:03.158Z","buy","maker"
"167.30000000","0.01715943","2024-05-25T20:13:02.935Z","sell","maker"
"167.30000000","0.17405499","2024-05-25T20:13:02.768Z","sell","maker"
"167.30000000","0.48714525","2024-05-25T20:13:02.738Z","sell","maker"
"167.30000000","0.05917513","2024-05-25T20:13:02.295Z","sell","maker"
"167.30000000","0.05917513","2024-05-25T20:13:00.829Z","sell","maker"
"167.30000000","0.56961985","2024-05-25T20:12:58.568Z","sell","maker"
"167.30000000","0.00005974","2024-05-25T20:12:57.650Z","sell","maker"
"167.30000000","0.23774112","2024-05-25T20:12:57.628Z","sell","maker"
"167.30000000","0.00011949","2024-05-25T20:12:56.689Z","sell","maker"
"167.30000000","0.27475214","2024-05-25T20:12:56.658Z","sell","maker"
"167.30000000","0.00658630","2024-05-25T20:12:56.658Z","sell","maker"
"167.30000000","0.04309843","2024-05-25T20:12:56.658Z","sell","maker"
"167.30000000","20.65000000","2024-05-25T20:12:56.442Z","sell","maker"
"167.30000000","5.00000000","2024-05-25T20:12:56.056Z","sell","maker"
"167.30000000","2.13257579","2024-05-25T20:12:55.906Z","sell","maker"
"167.30000000","2.38124316","2024-05-25T20:12:54.635Z","sell","maker"
"167.30000000","7.00586259","2024-05-25T20:12:54.635Z","sell","maker"
"167.30000000","0.34289425","2024-05-25T20:12:54.635Z","sell","maker"
"167.30000000","0.01746034","2024-05-25T20:12:49.854Z","sell","maker"
"167.30000000","0.57575892","2024-05-25T20:12:49.747Z","sell","maker"
"167.29000000","0.11954573","2024-05-25T20:12:49.634Z","buy","maker"
"167.30000000","0.00597729","2024-05-25T20:12:48.802Z","sell","maker"
"167.29000000","0.04786038","2024-05-25T20:12:47.534Z","buy","maker"
"167.30000000","0.63015738","2024-05-25T20:12:46.510Z","sell","maker"
"167.29000000","4.37138282","2024-05-25T20:12:45.545Z","buy","maker"
"167.29000000","8.56354885","2024-05-25T20:12:45.545Z","buy","maker"
"167.30000000","1.00000000","2024-05-25T20:12:41.795Z","sell","maker"
"167.30000000","7.00000000","2024-05-25T20:12:41.428Z","sell","maker"
"167.30000000","0.02969523","2024-05-25T20:12:40.242Z","sell","maker"
"167.29000000","0.97027296","2024-05-25T20:12:40.174Z","buy","maker"
"167.30000000","0.70000000","2024-05-25T20:12:40.167Z","sell","maker"
"167.30000000","0.99900000","2024-05-25T20:12:40.165Z","sell","maker"
"167.30000000","0.63800000","2024-05-25T20:12:40.164Z","sell","maker"
"167.30000000","0.11545069","2024-05-25T20:12:38.684Z","sell","maker"
"167.29000000","0.01839147","2024-05-25T20:12:38.070Z","buy","maker"
"167.30000000","2.97078206","2024-05-25T20:12:37.077Z","sell","maker"
"167.29000000","0.01201650","2024-05-25T20:12:36.891Z","buy","maker"
"167.30000000","11.93000000","2024-05-25T20:12:34.734Z","sell","maker"
"167.30000000","3.03321593","2024-05-25T20:12:34.669Z","sell","maker"
"167.30000000","1.02009435","2024-05-25T20:12:34.669Z","sell","maker"
"167.30000000","0.00017924","2024-05-25T20:12:28.345Z","sell","maker"
"167.30000000","0.49643325","2024-05-25T20:12:28.314Z","sell","maker"
"167.30000000","0.00987946","2024-05-25T20:12:28.314Z","sell","maker"
"167.28000000","7.23711484","2024-05-25T20:12:25.282Z","sell","maker"
"167.28000000","0.00597801","2024-05-25T20:12:25.282Z","sell","maker"
"167.27000000","3.51536346","2024-05-25T20:12:23.870Z","buy","maker"
"167.28000000","0.20000000","2024-05-25T20:12:23.186Z","sell","maker"
"167.28000000","8.26103290","2024-05-25T20:12:20.532Z","sell","maker"
"167.28000000","2.31358088","2024-05-25T20:12:20.532Z","sell","maker"
"167.27000000","0.12177188","2024-05-25T20:12:19.959Z","buy","maker"
"167.28000000","0.86528863","2024-05-25T20:12:19.405Z","sell","maker"
"167.27000000","8.35808868","2024-05-25T20:12:17.684Z","sell","maker"
"167.27000000","0.00900402","2024-05-25T20:12:17.581Z","sell","maker"
"167.27000000","0.01800804","2024-05-25T20:12:17.479Z","sell","maker"
"167.27000000","0.00982257","2024-05-25T20:12:17.377Z","sell","maker"
"167.27000000","0.01964513","2024-05-25T20:12:17.114Z","sell","maker"
"167.27000000","0.02619351","2024-05-25T20:12:16.975Z","sell","maker"
"167.27000000","0.01309675","2024-05-25T20:12:16.975Z","sell","maker"
"167.28000000","2.27905462","2024-05-25T20:12:15.999Z","buy","maker"
"167.29000000","0.10477403","2024-05-25T20:12:11.118Z","sell","maker"
"167.29000000","0.20954807","2024-05-25T20:12:11.016Z","sell","maker"
"167.29000000","0.41909614","2024-05-25T20:12:10.907Z","sell","maker"
"167.30000000","0.91366931","2024-05-25T20:12:10.816Z","sell","maker"
"167.30000000","1.20689514","2024-05-25T20:12:10.816Z","sell","maker"
"167.29000000","0.83819227","2024-05-25T20:12:10.816Z","sell","maker"
"167.30000000","0.00298864","2024-05-25T20:12:10.143Z","sell","maker"
"167.30000000","0.03900154","2024-05-25T20:12:09.808Z","sell","maker"
"167.30000000","1.04099412","2024-05-25T20:12:05.224Z","sell","maker"