"price","volume","timestamp","type"
"1.083","883.69","2024-05-25T19:44:12.988Z","ask"
"1.084","4468.47","2024-05-25T19:44:12.988Z","ask"
"1.085","6060.45","2024-05-25T19:44:12.988Z","ask"
"1.086","7508.5","2024-05-25T19:44:12.988Z","ask"
"1.087","3036.57","2024-05-25T19:44:12.988Z","ask"
"1.088","919.1","2024-05-25T19:44:12.988Z","ask"
"1.089","7120.28","2024-05-25T19:44:12.988Z","ask"
"1.09","126.65","2024-05-25T19:44:12.988Z","ask"
"1.091","733.57","2024-05-25T19:44:12.988Z","ask"
"1.092","1043.73","2024-05-25T19:44:12.988Z","ask"
"1.093","9811.85","2024-05-25T19:44:12.988Z","ask"
"1.094","122.16","2024-05-25T19:44:12.988Z","ask"
"1.095","3724.77","2024-05-25T19:44:12.988Z","ask"
"1.096","14.58","2024-05-25T19:44:12.988Z","ask"
"1.099","1528.71","2024-05-25T19:44:12.988Z","ask"
"1.1","5279.99","2024-05-25T19:44:12.988Z","ask"
"1.101","6143.28","2024-05-25T19:44:12.988Z","ask"
"1.102","4085.03","2024-05-25T19:44:12.988Z","ask"
"1.103","28.55","2024-05-25T19:44:12.988Z","ask"
"1.105","14.51","2024-05-25T19:44:12.988Z","ask"
"1.106","49.15","2024-05-25T19:44:12.988Z","ask"
"1.11","2550.36","2024-05-25T19:44:12.988Z","ask"
"1.112","9.2","2024-05-25T19:44:12.988Z","ask"
"1.114","8138.38","2024-05-25T19:44:12.988Z","ask"
"1.115","123.96","2024-05-25T19:44:12.988Z","ask"
"1.117","1","2024-05-25T19:44:12.988Z","ask"
"1.12","1","2024-05-25T19:44:12.988Z","ask"
"1.123","8061.83","2024-05-25T19:44:12.988Z","ask"
"1.124","2.5","2024-05-25T19:44:12.988Z","ask"
"1.125","906.11","2024-05-25T19:44:12.988Z","ask"
"1.13","1471.65","2024-05-25T19:44:12.988Z","ask"
"1.131","9.41","2024-05-25T19:44:12.988Z","ask"
"1.132","5095.71","2024-05-25T19:44:12.988Z","ask"
"1.136","200","2024-05-25T19:44:12.988Z","ask"
"1.138","2.5","2024-05-25T19:44:12.988Z","ask"
"1.143","438.1","2024-05-25T19:44:12.988Z","ask"
"1.147","511.91","2024-05-25T19:44:12.988Z","ask"
"1.15","2587.66","2024-05-25T19:44:12.988Z","ask"
"1.154","38.06","2024-05-25T19:44:12.989Z","ask"
"1.155","15","2024-05-25T19:44:12.989Z","ask"
"1.16","107952.46","2024-05-25T19:44:12.989Z","ask"
"1.166","1526.99","2024-05-25T19:44:12.989Z","ask"
"1.167","5.1","2024-05-25T19:44:12.989Z","ask"
"1.175","853.2","2024-05-25T19:44:12.989Z","ask"
"1.18","5892.03","2024-05-25T19:44:12.989Z","ask"
"1.185","22354.31","2024-05-25T19:44:12.989Z","ask"
"1.186","22354.31","2024-05-25T19:44:12.989Z","ask"
"1.19","728.78","2024-05-25T19:44:12.989Z","ask"
"1.191","3418.91","2024-05-25T19:44:12.989Z","ask"
"1.192","5.34","2024-05-25T19:44:12.989Z","ask"
"1.195","30","2024-05-25T19:44:12.989Z","ask"
"1.2","382.09","2024-05-25T19:44:12.989Z","ask"
"1.21","50.16","2024-05-25T19:44:12.989Z","ask"
"1.22","144.38","2024-05-25T19:44:12.989Z","ask"
"1.221","103.27","2024-05-25T19:44:12.989Z","ask"
"1.23","412.6","2024-05-25T19:44:12.989Z","ask"
"1.235","16349.58","2024-05-25T19:44:12.989Z","ask"
"1.24","3362.45","2024-05-25T19:44:12.989Z","ask"
"1.25","7144.68","2024-05-25T19:44:12.989Z","ask"
"1.253","100.63","2024-05-25T19:44:12.989Z","ask"
"1.257","797.54","2024-05-25T19:44:12.989Z","ask"
"1.26","79.36","2024-05-25T19:44:12.989Z","ask"
"1.27","624.4","2024-05-25T19:44:12.989Z","ask"
"1.276","2.37","2024-05-25T19:44:12.989Z","ask"
"1.277","4.1","2024-05-25T19:44:12.989Z","ask"
"1.28","1863.62","2024-05-25T19:44:12.989Z","ask"
"1.286","98.04","2024-05-25T19:44:12.989Z","ask"
"1.32","95.5","2024-05-25T19:44:12.989Z","ask"
"1.34","1997.22","2024-05-25T19:44:12.989Z","ask"
"1.345","4287.4","2024-05-25T19:44:12.989Z","ask"
"1.35","2230.66","2024-05-25T19:44:12.989Z","ask"
"1.354","93.1","2024-05-25T19:44:12.989Z","ask"
"1.36","500","2024-05-25T19:44:12.989Z","ask"
"1.37","3750","2024-05-25T19:44:12.989Z","ask"
"1.375","374.58","2024-05-25T19:44:12.989Z","ask"
"1.379","2.5","2024-05-25T19:44:12.989Z","ask"
"1.381","436.84","2024-05-25T19:44:12.989Z","ask"
"1.39","5120.61","2024-05-25T19:44:12.989Z","ask"
"1.399","1.47","2024-05-25T19:44:12.989Z","ask"
"1.4","4416.58","2024-05-25T19:44:12.989Z","ask"
"1.427","4.47","2024-05-25T19:44:12.989Z","ask"
"1.43","340.72","2024-05-25T19:44:12.989Z","ask"
"1.433","4.39","2024-05-25T19:44:12.989Z","ask"
"1.44","197.62","2024-05-25T19:44:12.989Z","ask"
"1.445","30","2024-05-25T19:44:12.989Z","ask"
"1.45","6121.64","2024-05-25T19:44:12.989Z","ask"
"1.46","51.57","2024-05-25T19:44:12.989Z","ask"
"1.475","1019.5","2024-05-25T19:44:12.989Z","ask"
"1.48","754.28","2024-05-25T19:44:12.989Z","ask"
"1.49","2656.51","2024-05-25T19:44:12.989Z","ask"
"1.5","17791.11","2024-05-25T19:44:12.989Z","ask"
"1.51","28.87","2024-05-25T19:44:12.989Z","ask"
"1.52","7999.7","2024-05-25T19:44:12.989Z","ask"
"1.522","34.58","2024-05-25T19:44:12.989Z","ask"
"1.53","45.38","2024-05-25T19:44:12.989Z","ask"
"1.541","8.91","2024-05-25T19:44:12.989Z","ask"
"1.546","13.7","2024-05-25T19:44:12.989Z","ask"
"1.556","396.42","2024-05-25T19:44:12.989Z","ask"
"1.557","1.33","2024-05-25T19:44:12.989Z","ask"
"1.56","7.12","2024-05-25T19:44:12.989Z","ask"
"1.566","2.64","2024-05-25T19:44:12.989Z","ask"
"1.579","1269.8","2024-05-25T19:44:12.989Z","ask"
"1.58","200","2024-05-25T19:44:12.989Z","ask"
"1.59","34016.99","2024-05-25T19:44:12.989Z","ask"
"1.6","3903.15","2024-05-25T19:44:12.989Z","ask"
"1.631","5","2024-05-25T19:44:12.989Z","ask"
"1.633","207.57","2024-05-25T19:44:12.989Z","ask"
"1.64","9.95","2024-05-25T19:44:12.989Z","ask"
"1.66","155.91","2024-05-25T19:44:12.989Z","ask"
"1.672","48.71","2024-05-25T19:44:12.989Z","ask"
"1.674","50","2024-05-25T19:44:12.989Z","ask"
"1.676","21.33","2024-05-25T19:44:12.989Z","ask"
"1.678","462.19","2024-05-25T19:44:12.989Z","ask"
"1.68","242.48","2024-05-25T19:44:12.989Z","ask"
"1.685","9.87","2024-05-25T19:44:12.989Z","ask"
"1.69","3194.59","2024-05-25T19:44:12.989Z","ask"
"1.7","3300","2024-05-25T19:44:12.989Z","ask"
"1.71","20","2024-05-25T19:44:12.989Z","ask"
"1.72","6.5","2024-05-25T19:44:12.989Z","ask"
"1.724","100","2024-05-25T19:44:12.989Z","ask"
"1.74","2910.77","2024-05-25T19:44:12.989Z","ask"
"1.743","59.89","2024-05-25T19:44:12.989Z","ask"
"1.75","2697.69","2024-05-25T19:44:12.989Z","ask"
"1.751","8600","2024-05-25T19:44:12.989Z","ask"
"1.766","6.35","2024-05-25T19:44:12.989Z","ask"
"1.774","3.61","2024-05-25T19:44:12.989Z","ask"
"1.775","1.16","2024-05-25T19:44:12.989Z","ask"
"1.78","6651.1","2024-05-25T19:44:12.989Z","ask"
"1.788","55.92","2024-05-25T19:44:12.989Z","ask"
"1.79","11.21","2024-05-25T19:44:12.989Z","ask"
"1.792","27.89","2024-05-25T19:44:12.989Z","ask"
"1.8","8208.95","2024-05-25T19:44:12.989Z","ask"
"1.81","1157.59","2024-05-25T19:44:12.989Z","ask"
"1.82","233.58","2024-05-25T19:44:12.989Z","ask"
"1.825","1494.65","2024-05-25T19:44:12.989Z","ask"
"1.844","75","2024-05-25T19:44:12.989Z","ask"
"1.85","10.48","2024-05-25T19:44:12.989Z","ask"
"1.86","5000","2024-05-25T19:44:12.989Z","ask"
"1.87","3750","2024-05-25T19:44:12.989Z","ask"
"1.88","355.41","2024-05-25T19:44:12.989Z","ask"
"1.888","4.51","2024-05-25T19:44:12.989Z","ask"
"1.89","699.18","2024-05-25T19:44:12.989Z","ask"
"1.891","17.55","2024-05-25T19:44:12.989Z","ask"
"1.9","2219.05","2024-05-25T19:44:12.989Z","ask"
"1.903","13136.67","2024-05-25T19:44:12.989Z","ask"
"1.91","21.03","2024-05-25T19:44:12.989Z","ask"
"1.922","49.17","2024-05-25T19:44:12.989Z","ask"
"1.93","52042.89","2024-05-25T19:44:12.989Z","ask"
"1.939","8505.71","2024-05-25T19:44:12.989Z","ask"
"1.94","961.54","2024-05-25T19:44:12.989Z","ask"
"1.944","75","2024-05-25T19:44:12.989Z","ask"
"1.947","52.33","2024-05-25T19:44:12.989Z","ask"
"1.95","1575.47","2024-05-25T19:44:12.989Z","ask"
"1.98","189.7","2024-05-25T19:44:12.989Z","ask"
"1.987","100","2024-05-25T19:44:12.989Z","ask"
"1.99","2717.16","2024-05-25T19:44:12.989Z","ask"
"2","11577.74","2024-05-25T19:44:12.989Z","ask"
"2.05","56.12","2024-05-25T19:44:12.989Z","ask"
"2.06","48.84","2024-05-25T19:44:12.989Z","ask"
"2.062","10.53","2024-05-25T19:44:12.989Z","ask"
"2.09","129","2024-05-25T19:44:12.989Z","ask"
"2.092","5","2024-05-25T19:44:12.989Z","ask"
"2.099","5","2024-05-25T19:44:12.989Z","ask"
"2.1","1822.59","2024-05-25T19:44:12.989Z","ask"
"2.11","206.26","2024-05-25T19:44:12.989Z","ask"
"2.15","445.91","2024-05-25T19:44:12.989Z","ask"
"2.162","5.11","2024-05-25T19:44:12.989Z","ask"
"2.2","4854.54","2024-05-25T19:44:12.989Z","ask"
"2.25","11.55","2024-05-25T19:44:12.989Z","ask"
"2.27","20","2024-05-25T19:44:12.989Z","ask"
"2.29","7.01","2024-05-25T19:44:12.989Z","ask"
"2.3","180930.4","2024-05-25T19:44:12.989Z","ask"
"2.35","18.75","2024-05-25T19:44:12.989Z","ask"
"2.4","3.12","2024-05-25T19:44:12.989Z","ask"
"2.45","1911.18","2024-05-25T19:44:12.989Z","ask"
"2.49","5403.79","2024-05-25T19:44:12.989Z","ask"
"2.5","833.28","2024-05-25T19:44:12.989Z","ask"
"2.53","208.36","2024-05-25T19:44:12.989Z","ask"
"2.6","452.8","2024-05-25T19:44:12.989Z","ask"
"2.69","36","2024-05-25T19:44:12.989Z","ask"
"2.7","1","2024-05-25T19:44:12.989Z","ask"
"2.75","430.2","2024-05-25T19:44:12.989Z","ask"
"2.8","31.63","2024-05-25T19:44:12.989Z","ask"
"2.82","3","2024-05-25T19:44:12.989Z","ask"
"2.823","35.59","2024-05-25T19:44:12.989Z","ask"
"2.869","15.33","2024-05-25T19:44:12.989Z","ask"
"2.87","6.29","2024-05-25T19:44:12.989Z","ask"
"2.89","363.98","2024-05-25T19:44:12.989Z","ask"
"2.9","155.17","2024-05-25T19:44:12.989Z","ask"
"2.95","200","2024-05-25T19:44:12.989Z","ask"
"3","6321.25","2024-05-25T19:44:12.989Z","ask"
"3.1","25","2024-05-25T19:44:12.989Z","ask"
"3.11","6.45","2024-05-25T19:44:12.989Z","ask"
"3.2","4000","2024-05-25T19:44:12.989Z","ask"
"3.25","312.44","2024-05-25T19:44:12.989Z","ask"
"3.48","23.08","2024-05-25T19:44:12.989Z","ask"
"3.49","2858.74","2024-05-25T19:44:12.989Z","ask"
"3.5","311.27","2024-05-25T19:44:12.989Z","ask"
"3.612","15.33","2024-05-25T19:44:12.989Z","ask"
"3.72","27.68","2024-05-25T19:44:12.989Z","ask"
"3.767","110","2024-05-25T19:44:12.989Z","ask"
"3.8","422.03","2024-05-25T19:44:12.989Z","ask"
"3.9","1","2024-05-25T19:44:12.989Z","ask"
"3.942","255.1","2024-05-25T19:44:12.989Z","ask"
"3.98","1484.82","2024-05-25T19:44:12.989Z","ask"
"3.99","19.36","2024-05-25T19:44:12.989Z","ask"
"4","1632.56","2024-05-25T19:44:12.989Z","ask"
"4.2","500","2024-05-25T19:44:12.989Z","ask"
"4.3","29.65","2024-05-25T19:44:12.989Z","ask"
"4.32","185.82","2024-05-25T19:44:12.989Z","ask"
"4.393","400","2024-05-25T19:44:12.989Z","ask"
"4.79","5.24","2024-05-25T19:44:12.989Z","ask"
"4.806","15.33","2024-05-25T19:44:12.989Z","ask"
"5","1211.21","2024-05-25T19:44:12.989Z","ask"
"5.036","462.18","2024-05-25T19:44:12.989Z","ask"
"5.231","108.53","2024-05-25T19:44:12.989Z","ask"
"5.7","28","2024-05-25T19:44:12.989Z","ask"
"5.72","258.64","2024-05-25T19:44:12.989Z","ask"
"5.84","2438.58","2024-05-25T19:44:12.989Z","ask"
"6","11.21","2024-05-25T19:44:12.989Z","ask"
"6.743","15.33","2024-05-25T19:44:12.989Z","ask"
"6.9","500","2024-05-25T19:44:12.989Z","ask"
"6.96","5.6","2024-05-25T19:44:12.989Z","ask"
"6.964","28.22","2024-05-25T19:44:12.989Z","ask"
"7.7","20","2024-05-25T19:44:12.989Z","ask"
"7.92","6.33","2024-05-25T19:44:12.989Z","ask"
"8","18570.17","2024-05-25T19:44:12.989Z","ask"
"8.309","15.33","2024-05-25T19:44:12.989Z","ask"
"8.5","25","2024-05-25T19:44:12.989Z","ask"
"9","10.5","2024-05-25T19:44:12.989Z","ask"
"9.777","50","2024-05-25T19:44:12.989Z","ask"
"9.874","15.33","2024-05-25T19:44:12.989Z","ask"
"10","2551.3","2024-05-25T19:44:12.989Z","ask"
"10.2","100","2024-05-25T19:44:12.989Z","ask"
"12","151","2024-05-25T19:44:12.989Z","ask"
"12.129","15.33","2024-05-25T19:44:12.989Z","ask"
"13.429","15.33","2024-05-25T19:44:12.989Z","ask"
"14.942","15.33","2024-05-25T19:44:12.989Z","ask"
"17","29.3","2024-05-25T19:44:12.989Z","ask"
"18","13.22","2024-05-25T19:44:12.989Z","ask"
"19.777","45","2024-05-25T19:44:12.989Z","ask"
"20","19.99","2024-05-25T19:44:12.989Z","ask"
"21","69.21","2024-05-25T19:44:12.989Z","ask"
"21.987","4.82","2024-05-25T19:44:12.989Z","ask"
"24","10","2024-05-25T19:44:12.989Z","ask"
"29.777","45","2024-05-25T19:44:12.989Z","ask"
"30","4827.64","2024-05-25T19:44:12.989Z","ask"
"33","33","2024-05-25T19:44:12.989Z","ask"
"35","25","2024-05-25T19:44:12.989Z","ask"
"38","1","2024-05-25T19:44:12.989Z","ask"
"45","25","2024-05-25T19:44:12.989Z","ask"
"50","244.72","2024-05-25T19:44:12.989Z","ask"
"54","2.09","2024-05-25T19:44:12.989Z","ask"
"100","2601.4","2024-05-25T19:44:12.989Z","ask"
"123","1","2024-05-25T19:44:12.989Z","ask"
"150","1","2024-05-25T19:44:12.989Z","ask"
"487","1","2024-05-25T19:44:12.989Z","ask"
"500","2","2024-05-25T19:44:12.989Z","ask"
"1000","11","2024-05-25T19:44:12.989Z","ask"
"1628","956.79","2024-05-25T19:44:12.989Z","ask"
"9999999.999","1","2024-05-25T19:44:12.989Z","ask"
"1.082","323.89","2024-05-25T19:44:12.989Z","bid"
"1.081","5874.96","2024-05-25T19:44:12.989Z","bid"
"1.08","24378.89","2024-05-25T19:44:12.989Z","bid"
"1.079","5775.04","2024-05-25T19:44:12.989Z","bid"
"1.078","5526.98","2024-05-25T19:44:12.989Z","bid"
"1.077","12832.32","2024-05-25T19:44:12.989Z","bid"
"1.076","1669.66","2024-05-25T19:44:12.989Z","bid"
"1.075","15560.34","2024-05-25T19:44:12.989Z","bid"
"1.074","2373.38","2024-05-25T19:44:12.989Z","bid"
"1.072","5927.13","2024-05-25T19:44:12.989Z","bid"
"1.071","6082.9","2024-05-25T19:44:12.989Z","bid"
"1.07","3765.65","2024-05-25T19:44:12.989Z","bid"
"1.069","1773.66","2024-05-25T19:44:12.989Z","bid"
"1.068","4361.64","2024-05-25T19:44:12.989Z","bid"
"1.066","5256.54","2024-05-25T19:44:12.989Z","bid"
"1.065","7.77","2024-05-25T19:44:12.989Z","bid"
"1.063","6406.02","2024-05-25T19:44:12.989Z","bid"
"1.062","7574.89","2024-05-25T19:44:12.989Z","bid"
"1.059","3123.34","2024-05-25T19:44:12.989Z","bid"
"1.057","2644.14","2024-05-25T19:44:12.989Z","bid"
"1.056","473.4","2024-05-25T19:44:12.989Z","bid"
"1.054","25.27","2024-05-25T19:44:12.989Z","bid"
"1.052","7903.01","2024-05-25T19:44:12.989Z","bid"
"1.047","1570.83","2024-05-25T19:44:12.989Z","bid"
"1.046","3024.88","2024-05-25T19:44:12.989Z","bid"
"1.042","8199.28","2024-05-25T19:44:12.989Z","bid"
"1.04","0.67","2024-05-25T19:44:12.989Z","bid"
"1.039","2.5","2024-05-25T19:44:12.989Z","bid"
"1.038","140.61","2024-05-25T19:44:12.989Z","bid"
"1.036","1561.66","2024-05-25T19:44:12.989Z","bid"
"1.034","5288.29","2024-05-25T19:44:12.989Z","bid"
"1.032","0.48","2024-05-25T19:44:12.989Z","bid"
"1.03","31.14","2024-05-25T19:44:12.989Z","bid"
"1.029","10.1","2024-05-25T19:44:12.989Z","bid"
"1.025","2.5","2024-05-25T19:44:12.989Z","bid"
"1.024","0.48","2024-05-25T19:44:12.989Z","bid"
"1.022","23.86","2024-05-25T19:44:12.989Z","bid"
"1.02","0.48","2024-05-25T19:44:12.989Z","bid"
"1.018","5.17","2024-05-25T19:44:12.989Z","bid"
"1.014","33.86","2024-05-25T19:44:12.989Z","bid"
"1.011","2707.36","2024-05-25T19:44:12.989Z","bid"
"1.006","23.85","2024-05-25T19:44:12.989Z","bid"
"1.002","2250","2024-05-25T19:44:12.989Z","bid"
"1","1236.4","2024-05-25T19:44:12.989Z","bid"
"0.998","75.02","2024-05-25T19:44:12.990Z","bid"
"0.993","10.1","2024-05-25T19:44:12.990Z","bid"
"0.99","24.24","2024-05-25T19:44:12.990Z","bid"
"0.987","5.59","2024-05-25T19:44:12.990Z","bid"
"0.985","123.82","2024-05-25T19:44:12.990Z","bid"
"0.984","2.02","2024-05-25T19:44:12.990Z","bid"
"0.982","51","2024-05-25T19:44:12.990Z","bid"
"0.981","24.46","2024-05-25T19:44:12.990Z","bid"
"0.98","50.73","2024-05-25T19:44:12.990Z","bid"
"0.976","10.41","2024-05-25T19:44:12.990Z","bid"
"0.975","10.26","2024-05-25T19:44:12.990Z","bid"
"0.974","255.64","2024-05-25T19:44:12.990Z","bid"
"0.973","24.66","2024-05-25T19:44:12.990Z","bid"
"0.972","510.26","2024-05-25T19:44:12.990Z","bid"
"0.971","102.98","2024-05-25T19:44:12.990Z","bid"
"0.966","51.02","2024-05-25T19:44:12.990Z","bid"
"0.96","10.41","2024-05-25T19:44:12.990Z","bid"
"0.955","4373.97","2024-05-25T19:44:12.990Z","bid"
"0.951","50.98","2024-05-25T19:44:12.990Z","bid"
"0.945","65.73","2024-05-25T19:44:12.990Z","bid"
"0.943","1010.41","2024-05-25T19:44:12.990Z","bid"
"0.942","47.78","2024-05-25T19:44:12.990Z","bid"
"0.936","62.11","2024-05-25T19:44:12.990Z","bid"
"0.934","51.38","2024-05-25T19:44:12.990Z","bid"
"0.924","1076.29","2024-05-25T19:44:12.990Z","bid"
"0.923","215.81","2024-05-25T19:44:12.990Z","bid"
"0.921","51.01","2024-05-25T19:44:12.990Z","bid"
"0.92","2234.78","2024-05-25T19:44:12.990Z","bid"
"0.914","1307.8","2024-05-25T19:44:12.990Z","bid"
"0.908","88","2024-05-25T19:44:12.990Z","bid"
"0.906","50.98","2024-05-25T19:44:12.990Z","bid"
"0.9","11091.33","2024-05-25T19:44:12.990Z","bid"
"0.897","5011.37","2024-05-25T19:44:12.990Z","bid"
"0.893","556.83","2024-05-25T19:44:12.990Z","bid"
"0.892","51","2024-05-25T19:44:12.990Z","bid"
"0.888","33.96","2024-05-25T19:44:12.990Z","bid"
"0.882","281.78","2024-05-25T19:44:12.990Z","bid"
"0.88","1006.25","2024-05-25T19:44:12.990Z","bid"
"0.878","51.02","2024-05-25T19:44:12.990Z","bid"
"0.864","50.98","2024-05-25T19:44:12.990Z","bid"
"0.86","4222.44","2024-05-25T19:44:12.990Z","bid"
"0.858","11.66","2024-05-25T19:44:12.990Z","bid"
"0.857","10000","2024-05-25T19:44:12.990Z","bid"
"0.85","50.99","2024-05-25T19:44:12.990Z","bid"
"0.849","585.68","2024-05-25T19:44:12.990Z","bid"
"0.847","73.33","2024-05-25T19:44:12.990Z","bid"
"0.84","1102.13","2024-05-25T19:44:12.990Z","bid"
"0.837","10000","2024-05-25T19:44:12.990Z","bid"
"0.836","51.01","2024-05-25T19:44:12.990Z","bid"
"0.835","239.46","2024-05-25T19:44:12.990Z","bid"
"0.83","301.2","2024-05-25T19:44:12.990Z","bid"
"0.827","601.26","2024-05-25T19:44:12.990Z","bid"
"0.824","72.81","2024-05-25T19:44:12.990Z","bid"
"0.823","50.98","2024-05-25T19:44:12.990Z","bid"
"0.82","49853.65","2024-05-25T19:44:12.990Z","bid"
"0.819","12.21","2024-05-25T19:44:12.990Z","bid"
"0.814","1071.51","2024-05-25T19:44:12.990Z","bid"
"0.813","100","2024-05-25T19:44:12.990Z","bid"
"0.81","2515.19","2024-05-25T19:44:12.990Z","bid"
"0.807","1847.45","2024-05-25T19:44:12.990Z","bid"
"0.805","4073.72","2024-05-25T19:44:12.990Z","bid"
"0.801","1500","2024-05-25T19:44:12.990Z","bid"
"0.8","55368.07","2024-05-25T19:44:12.990Z","bid"
"0.799","9.99","2024-05-25T19:44:12.990Z","bid"
"0.797","51.01","2024-05-25T19:44:12.990Z","bid"
"0.793","63.02","2024-05-25T19:44:12.990Z","bid"
"0.79","936.35","2024-05-25T19:44:12.990Z","bid"
"0.789","2000","2024-05-25T19:44:12.990Z","bid"
"0.784","1551.03","2024-05-25T19:44:12.990Z","bid"
"0.781","3831.62","2024-05-25T19:44:12.990Z","bid"
"0.78","6486.91","2024-05-25T19:44:12.990Z","bid"
"0.773","4594.4","2024-05-25T19:44:12.990Z","bid"
"0.771","7475.41","2024-05-25T19:44:12.990Z","bid"
"0.77","3163.87","2024-05-25T19:44:12.990Z","bid"
"0.762","2869.06","2024-05-25T19:44:12.990Z","bid"
"0.761","986.66","2024-05-25T19:44:12.990Z","bid"
"0.76","704.27","2024-05-25T19:44:12.990Z","bid"
"0.759","51","2024-05-25T19:44:12.990Z","bid"
"0.757","656.86","2024-05-25T19:44:12.990Z","bid"
"0.751","4667.39","2024-05-25T19:44:12.990Z","bid"
"0.75","1104.99","2024-05-25T19:44:12.990Z","bid"
"0.747","51.02","2024-05-25T19:44:12.990Z","bid"
"0.74","162.15","2024-05-25T19:44:12.990Z","bid"
"0.736","17.55","2024-05-25T19:44:12.990Z","bid"
"0.735","200.96","2024-05-25T19:44:12.990Z","bid"
"0.732","300","2024-05-25T19:44:12.990Z","bid"
"0.73","34.24","2024-05-25T19:44:12.990Z","bid"
"0.723","6.88","2024-05-25T19:44:12.990Z","bid"
"0.72","277.77","2024-05-25T19:44:12.990Z","bid"
"0.719","81160.78","2024-05-25T19:44:12.990Z","bid"
"0.715","4335.31","2024-05-25T19:44:12.990Z","bid"
"0.712","27.94","2024-05-25T19:44:12.990Z","bid"
"0.71","1.4","2024-05-25T19:44:12.990Z","bid"
"0.708","200","2024-05-25T19:44:12.990Z","bid"
"0.702","4.25","2024-05-25T19:44:12.990Z","bid"
"0.7","2616.35","2024-05-25T19:44:12.990Z","bid"
"0.695","200","2024-05-25T19:44:12.990Z","bid"
"0.69","210.68","2024-05-25T19:44:12.990Z","bid"
"0.689","1.44","2024-05-25T19:44:12.990Z","bid"
"0.66","7.53","2024-05-25T19:44:12.990Z","bid"
"0.65","479.99","2024-05-25T19:44:12.990Z","bid"
"0.633","400","2024-05-25T19:44:12.990Z","bid"
"0.62","585","2024-05-25T19:44:12.990Z","bid"
"0.6","1909.06","2024-05-25T19:44:12.990Z","bid"
"0.589","16.98","2024-05-25T19:44:12.990Z","bid"
"0.55","690.27","2024-05-25T19:44:12.990Z","bid"
"0.53","900","2024-05-25T19:44:12.990Z","bid"
"0.506","133.41","2024-05-25T19:44:12.990Z","bid"
"0.5","2084.53","2024-05-25T19:44:12.990Z","bid"
"0.45","33.33","2024-05-25T19:44:12.990Z","bid"
"0.4","40.5","2024-05-25T19:44:12.990Z","bid"
"0.35","42.85","2024-05-25T19:44:12.990Z","bid"
"0.346","0.01","2024-05-25T19:44:12.990Z","bid"
"0.3","50","2024-05-25T19:44:12.990Z","bid"
"0.25","64","2024-05-25T19:44:12.990Z","bid"
"0.2","75","2024-05-25T19:44:12.990Z","bid"
"0.173","143.35","2024-05-25T19:44:12.990Z","bid"
"0.15","100","2024-05-25T19:44:12.990Z","bid"
"0.1","150","2024-05-25T19:44:12.990Z","bid"
"0.05","300","2024-05-25T19:44:12.990Z","bid"
"0.042","6625.03","2024-05-25T19:44:12.990Z","bid"
"0.003","8266.66","2024-05-25T19:44:12.990Z","bid"