"price","volume","time","side","orderType"
"1.08300000","478.22000000","2024-05-25T19:42:41.469Z","sell",
"1.08300000","323.89000000","2024-05-25T19:42:41.469Z","sell",
"1.08200000","323.39000000","2024-05-25T19:40:26.629Z","sell",
"1.08100000","323.39000000","2024-05-25T19:40:14.444Z","buy",
"1.08200000","215.59000000","2024-05-25T19:40:10.730Z","sell",
"1.08100000","13.06000000","2024-05-25T19:39:13.813Z","buy",
"1.08100000","80.00000000","2024-05-25T19:37:16.112Z","buy",
"1.08100000","230.00000000","2024-05-25T19:37:16.039Z","buy",
"1.08100000","15.12000000","2024-05-25T19:34:34.132Z","sell",
"1.07800000","2.78000000","2024-05-25T19:33:41.561Z","buy",
"1.07900000","7.36000000","2024-05-25T19:31:44.749Z","sell",
"1.07700000","76.82000000","2024-05-25T19:30:03.982Z","buy",
"1.07700000","323.89000000","2024-05-25T19:30:03.982Z","buy",
"1.07800000","20.87000000","2024-05-25T19:29:41.046Z","buy",
"1.08000000","355.70000000","2024-05-25T19:26:13.584Z","sell",
"1.08000000","625.00000000","2024-05-25T19:26:13.579Z","sell",
"1.07800000","1.39000000","2024-05-25T19:26:11.831Z","buy",
"1.08100000","323.89000000","2024-05-25T19:23:43.939Z","sell",
"1.08200000","323.89000000","2024-05-25T19:23:21.946Z","sell",
"1.08400000","1276.71000000","2024-05-25T19:20:44.570Z","buy",
"1.08600000","7.77000000","2024-05-25T19:19:31.662Z","sell",
"1.08600000","22.26000000","2024-05-25T19:19:31.662Z","sell",
"1.08200000","25.31000000","2024-05-25T19:16:49.017Z","buy",
"1.08100000","2.13000000","2024-05-25T19:14:08.323Z","buy",
"1.07900000","277.60000000","2024-05-25T19:06:30.825Z","buy",
"1.07900000","6.70000000","2024-05-25T19:06:30.750Z","buy",
"1.08200000","24.07000000","2024-05-25T19:06:06.828Z","sell",
"1.08200000","323.89000000","2024-05-25T19:06:06.828Z","sell",
"1.08100000","323.89000000","2024-05-25T19:06:06.828Z","sell",
"1.07900000","26.88000000","2024-05-25T19:05:30.663Z","buy",
"1.07900000","139.30000000","2024-05-25T19:04:54.269Z","sell",
"1.07900000","323.89000000","2024-05-25T19:04:54.269Z","sell",
"1.07800000","1206.48000000","2024-05-25T19:04:17.078Z","buy",
"1.07800000","185.60000000","2024-05-25T19:04:16.610Z","buy",
"1.07800000","281.40000000","2024-05-25T19:04:16.190Z","buy",
"1.07800000","185.60000000","2024-05-25T19:04:12.326Z","buy",
"1.07800000","185.61000000","2024-05-25T19:04:10.035Z","buy",
"1.07800000","185.61000000","2024-05-25T19:04:09.535Z","buy",
"1.07800000","148.30000000","2024-05-25T19:04:09.353Z","buy",
"1.07800000","169.70000000","2024-05-25T19:04:09.347Z","buy",
"1.07800000","185.61000000","2024-05-25T19:04:09.036Z","buy",
"1.07800000","400.00000000","2024-05-25T19:04:08.976Z","buy",
"1.07800000","185.54000000","2024-05-25T19:04:06.615Z","buy",
"1.07900000","2.31000000","2024-05-25T19:03:59.878Z","buy",
"1.08300000","198.20000000","2024-05-25T19:03:03.546Z","buy",
"1.08300000","184.69000000","2024-05-25T19:02:27.409Z","sell",
"1.08100000","7.34000000","2024-05-25T19:02:27.092Z","sell",
"1.08300000","2427.23000000","2024-05-25T19:02:27.061Z","sell",
"1.08300000","140.58000000","2024-05-25T19:02:27.061Z","sell",
"1.08300000","1000.00000000","2024-05-25T19:02:27.061Z","sell",
"1.08300000","1160.79000000","2024-05-25T19:02:27.061Z","sell",
"1.08200000","281.30000000","2024-05-25T19:02:27.061Z","sell",
"1.08200000","964.17000000","2024-05-25T19:02:27.061Z","sell",
"1.08200000","184.97000000","2024-05-25T19:02:27.061Z","sell",
"1.08200000","564.02000000","2024-05-25T19:02:27.061Z","sell",
"1.08200000","651.38000000","2024-05-25T19:02:27.061Z","sell",
"1.08200000","2227.86000000","2024-05-25T19:02:27.061Z","sell",
"1.08200000","1863.98000000","2024-05-25T19:02:27.061Z","sell",
"1.08200000","2780.00000000","2024-05-25T19:02:27.061Z","sell",
"1.08200000","843.12000000","2024-05-25T19:02:27.061Z","sell",
"1.08200000","499.07000000","2024-05-25T19:02:27.061Z","sell",
"1.08200000","323.89000000","2024-05-25T19:02:27.061Z","sell",
"1.08100000","1030.00000000","2024-05-25T19:02:27.061Z","sell",
"1.08100000","279.20000000","2024-05-25T19:02:27.061Z","sell",
"1.08100000","612.80000000","2024-05-25T19:02:27.061Z","sell",
"1.08100000","185.48000000","2024-05-25T19:02:27.061Z","sell",
"1.08100000","323.89000000","2024-05-25T19:02:27.061Z","sell",
"1.08300000","273.29000000","2024-05-25T18:54:23.027Z","buy",
"1.08200000","98.57000000","2024-05-25T18:53:38.063Z","buy",
"1.08200000","64.04000000","2024-05-25T18:53:11.850Z","sell",
"1.08200000","141.00000000","2024-05-25T18:53:11.812Z","sell",
"1.08200000","185.30000000","2024-05-25T18:53:11.792Z","sell",
"1.08200000","185.30000000","2024-05-25T18:53:11.786Z","sell",
"1.08200000","162.21000000","2024-05-25T18:53:11.784Z","sell",
"1.08200000","22.79000000","2024-05-25T18:53:11.784Z","sell",
"1.08000000","968.15000000","2024-05-25T18:53:11.733Z","sell",
"1.08000000","6670.00000000","2024-05-25T18:53:11.725Z","sell",
"1.08000000","1230.00000000","2024-05-25T18:53:11.722Z","sell",
"1.08000000","278.99000000","2024-05-25T18:53:11.720Z","sell",
"1.08000000","830.00000000","2024-05-25T18:53:11.718Z","sell",
"1.08000000","300.00000000","2024-05-25T18:53:11.701Z","sell",
"1.08000000","2082.44000000","2024-05-25T18:53:11.656Z","sell",
"1.08000000","4450.00000000","2024-05-25T18:53:11.650Z","sell",
"1.08000000","1200.00000000","2024-05-25T18:53:11.629Z","sell",
"1.08000000","625.00000000","2024-05-25T18:53:11.629Z","sell",
"1.07800000","275.69000000","2024-05-25T18:49:53.577Z","buy",
"1.08000000","400.00000000","2024-05-25T18:47:55.284Z","sell",
"1.08000000","185.08000000","2024-05-25T18:47:51.050Z","sell",
"1.08000000","185.00000000","2024-05-25T18:47:50.659Z","sell",
"1.08000000","185.00000000","2024-05-25T18:47:50.551Z","sell",
"1.08000000","277.20000000","2024-05-25T18:47:50.503Z","sell",
"1.08000000","280.50000000","2024-05-25T18:47:50.497Z","sell",
"1.08000000","400.00000000","2024-05-25T18:47:50.488Z","sell",
"1.08000000","2082.68000000","2024-05-25T18:47:49.915Z","sell",
"1.08000000","185.10000000","2024-05-25T18:47:48.978Z","sell",
"1.08000000","185.00000000","2024-05-25T18:47:48.638Z","sell",
"1.08000000","185.10000000","2024-05-25T18:47:48.561Z","sell",
"1.08000000","185.10000000","2024-05-25T18:47:48.559Z","sell",
"1.08000000","214.90000000","2024-05-25T18:47:48.526Z","sell",
"1.08000000","2082.80000000","2024-05-25T18:47:48.286Z","sell",
"1.08000000","185.50000000","2024-05-25T18:47:14.763Z","sell",
"1.08000000","137.21000000","2024-05-25T18:47:14.722Z","sell",
"1.07900000","95.59000000","2024-05-25T18:47:14.530Z","sell",
"1.07900000","148.86000000","2024-05-25T18:47:14.482Z","sell",
"1.07800000","400.00000000","2024-05-25T18:47:03.300Z","sell",
"1.07900000","71.72000000","2024-05-25T18:44:44.282Z","sell",
"1.07900000","203.12000000","2024-05-25T18:44:44.282Z","sell",
"1.07600000","400.00000000","2024-05-25T18:41:48.362Z","sell",
"1.07800000","8.27000000","2024-05-25T18:40:25.679Z","sell",
"1.07900000","5.08000000","2024-05-25T18:38:20.557Z","buy",
"1.08100000","400.00000000","2024-05-25T18:35:01.209Z","buy",
"1.07500000","400.00000000","2024-05-25T18:33:13.537Z","buy",
"1.07600000","6.33000000","2024-05-25T18:33:00.440Z","buy",
"1.07800000","198.28000000","2024-05-25T18:29:21.927Z","sell",
"1.07600000","7.77000000","2024-05-25T18:28:15.077Z","buy",
"1.07800000","45.57000000","2024-05-25T18:28:12.725Z","buy",
"1.07800000","22.26000000","2024-05-25T18:28:12.725Z","buy",
"1.07900000","63.95000000","2024-05-25T18:25:14.014Z","buy",
"1.08200000","1019.95000000","2024-05-25T18:23:45.973Z","buy",
"1.08200000","2080.17000000","2024-05-25T18:23:45.966Z","buy",
"1.08200000","2080.16000000","2024-05-25T18:23:44.354Z","buy",
"1.08200000","567.47000000","2024-05-25T18:23:43.275Z","buy",
"1.08200000","2080.11000000","2024-05-25T18:23:42.801Z","buy",
"1.08200000","625.00000000","2024-05-25T18:23:42.133Z","buy",
"1.08200000","462.14000000","2024-05-25T18:23:42.085Z","sell",
"1.08200000","323.89000000","2024-05-25T18:23:42.085Z","sell",
"1.08500000","0.71000000","2024-05-25T18:20:50.548Z","buy",
"1.08500000","400.00000000","2024-05-25T18:20:50.521Z","buy",
"1.08500000","0.88000000","2024-05-25T18:20:40.107Z","sell",
"1.08800000","63.37000000","2024-05-25T18:19:09.667Z","sell",
"1.08800000","879.00000000","2024-05-25T18:19:06.311Z","sell",
"1.08800000","323.89000000","2024-05-25T18:19:06.311Z","sell",
"1.08800000","189.47000000","2024-05-25T18:19:06.311Z","sell",
"1.08800000","37.51000000","2024-05-25T18:19:06.311Z","sell",
"1.08600000","9.20000000","2024-05-25T18:18:29.722Z","sell",
"1.08600000","38.97000000","2024-05-25T18:18:25.261Z","sell",
"1.08600000","22.26000000","2024-05-25T18:18:25.261Z","sell",
"1.08300000","1146.88000000","2024-05-25T18:18:17.831Z","sell",
"1.08300000","400.00000000","2024-05-25T18:18:17.829Z","sell",
"1.08300000","203.27000000","2024-05-25T18:18:11.330Z","sell",
"1.08300000","400.00000000","2024-05-25T18:18:10.725Z","sell",
"1.08300000","1219.16000000","2024-05-25T18:18:08.269Z","sell",
"1.08300000","2076.99000000","2024-05-25T18:18:06.739Z","sell",
"1.08300000","400.00000000","2024-05-25T18:18:05.785Z","sell",
"1.08300000","2076.77000000","2024-05-25T18:18:05.220Z","sell",
"1.08300000","2076.93000000","2024-05-25T18:18:03.678Z","sell",
"1.08200000","0.89000000","2024-05-25T18:17:55.312Z","buy",
"1.08100000","287.33000000","2024-05-25T18:17:20.650Z","buy",
"1.08200000","735.25000000","2024-05-25T18:17:20.650Z","buy",
"1.08300000","61.66000000","2024-05-25T18:17:20.512Z","buy",
"1.08300000","270.00000000","2024-05-25T18:17:20.507Z","buy",
"1.08300000","330.00000000","2024-05-25T18:17:20.504Z","buy",
"1.08300000","300.00000000","2024-05-25T18:17:20.495Z","buy",
"1.08500000","461.99000000","2024-05-25T18:17:17.823Z","sell",
"1.08300000","869.28000000","2024-05-25T18:17:17.758Z","sell",
"1.08300000","992.22000000","2024-05-25T18:17:17.742Z","sell",
"1.08200000","140.00000000","2024-05-25T18:17:15.096Z","buy",
"1.08200000","953.77000000","2024-05-25T18:17:15.008Z","sell",
"1.08100000","0.97000000","2024-05-25T18:17:07.564Z","sell",
"1.08100000","23.27000000","2024-05-25T18:17:05.949Z","sell",
"1.07900000","4.88000000","2024-05-25T18:17:03.143Z","buy",
"1.08300000","150.00000000","2024-05-25T18:16:57.882Z","sell",
"1.08300000","32.11000000","2024-05-25T18:16:57.882Z","sell",
"1.08300000","4.01000000","2024-05-25T18:16:57.882Z","sell",
"1.08200000","347.61000000","2024-05-25T18:16:57.882Z","sell",
"1.08200000","184.98000000","2024-05-25T18:16:57.882Z","sell",
"1.08200000","323.89000000","2024-05-25T18:16:57.882Z","sell",
"1.08200000","2.50000000","2024-05-25T18:16:57.882Z","sell",
"1.08100000","481.01000000","2024-05-25T18:16:57.882Z","sell",
"1.08100000","323.89000000","2024-05-25T18:16:57.882Z","sell",
"1.07900000","745.70000000","2024-05-25T18:16:57.700Z","sell",
"1.07900000","1000.00000000","2024-05-25T18:16:57.700Z","sell",
"1.07900000","39.19000000","2024-05-25T18:16:57.700Z","sell",
"1.07800000","967.10000000","2024-05-25T18:16:57.685Z","sell",
"1.07800000","22.42000000","2024-05-25T18:16:57.685Z","sell",
"1.07600000","19.59000000","2024-05-25T18:16:37.651Z","sell",
"1.07400000","714.07000000","2024-05-25T18:16:29.357Z","buy",
"1.07400000","323.89000000","2024-05-25T18:16:29.357Z","buy",
"1.07500000","318.98000000","2024-05-25T18:16:29.357Z","buy",
"1.07500000","323.89000000","2024-05-25T18:16:29.357Z","buy",
"1.07200000","19.59000000","2024-05-25T18:15:21.976Z","sell",
"1.07100000","481.55000000","2024-05-25T18:13:01.232Z","sell",
"1.07100000","625.00000000","2024-05-25T18:12:56.457Z","sell",
"1.07200000","368.84000000","2024-05-25T18:12:05.014Z","sell",
"1.06900000","140.00000000","2024-05-25T18:11:31.941Z","buy",
"1.07100000","556.91000000","2024-05-25T18:09:10.140Z","buy",
"1.07100000","400.00000000","2024-05-25T18:09:10.039Z","buy",
"1.07300000","186.41000000","2024-05-25T18:08:48.457Z","sell",
"1.07300000","298.80000000","2024-05-25T18:08:48.457Z","sell",
"1.07300000","323.89000000","2024-05-25T18:08:48.457Z","sell",
"1.07200000","156.92000000","2024-05-25T18:08:48.457Z","sell",
"1.07200000","590.00000000","2024-05-25T18:08:48.440Z","sell",
"1.07100000","553.81000000","2024-05-25T18:08:48.388Z","sell",
"1.07100000","400.00000000","2024-05-25T18:08:48.368Z","sell",
"1.07000000","22.42000000","2024-05-25T18:08:43.156Z","buy",
"1.07900000","2.00000000","2024-05-25T18:04:27.911Z","sell",
"1.07900000","555.61000000","2024-05-25T18:04:27.887Z","sell",
"1.07900000","673.88000000","2024-05-25T18:04:27.887Z","sell",
"1.07900000","1068.87000000","2024-05-25T18:04:27.887Z","sell",
"1.07900000","958.56000000","2024-05-25T18:04:27.887Z","sell",
"1.07900000","323.89000000","2024-05-25T18:04:27.887Z","sell",
"1.07800000","770.78000000","2024-05-25T18:04:27.887Z","sell",
"1.07800000","323.89000000","2024-05-25T18:04:27.887Z","sell",
"1.07700000","323.89000000","2024-05-25T18:04:27.887Z","sell",
"1.07800000","6.40000000","2024-05-25T18:04:00.930Z","sell",
"1.07800000","400.00000000","2024-05-25T18:03:38.280Z","buy",
"1.07600000","78.27000000","2024-05-25T18:02:36.694Z","buy",
"1.07600000","323.89000000","2024-05-25T18:02:34.064Z","sell",
"1.07800000","22.42000000","2024-05-25T18:02:03.814Z","sell",
"1.07500000","156.98000000","2024-05-25T18:02:03.772Z","buy",
"1.07600000","315.20000000","2024-05-25T18:02:03.771Z","sell",
"1.07500000","4480.00000000","2024-05-25T18:02:03.657Z","buy",
"1.07500000","625.00000000","2024-05-25T18:02:03.638Z","buy",
"1.07500000","824.98000000","2024-05-25T18:02:03.620Z","buy",
"1.07500000","907.10000000","2024-05-25T18:02:03.600Z","buy",
"1.07500000","785.90000000","2024-05-25T18:02:03.591Z","buy",
"1.07500000","275.85000000","2024-05-25T18:02:03.591Z","buy",
"1.07500000","322.15000000","2024-05-25T18:02:03.587Z","buy",
"1.07500000","2227.86000000","2024-05-25T18:02:03.579Z","sell",
"1.07400000","1000.00000000","2024-05-25T18:02:03.579Z","sell",
"1.07400000","1203.32000000","2024-05-25T18:02:03.579Z","sell",
"1.07400000","1170.00000000","2024-05-25T18:02:03.579Z","sell",
"1.07400000","481.38000000","2024-05-25T18:02:03.579Z","sell",
"1.07400000","544.00000000","2024-05-25T18:02:03.579Z","sell",
"1.07400000","651.28000000","2024-05-25T18:02:03.579Z","sell",
"1.07400000","1863.98000000","2024-05-25T18:02:03.579Z","sell",
"1.07400000","746.21000000","2024-05-25T18:02:03.579Z","sell",
"1.07400000","502.79000000","2024-05-25T18:02:03.579Z","sell",
"1.07400000","2800.00000000","2024-05-25T18:02:03.579Z","sell",
"1.07400000","1650.11000000","2024-05-25T18:02:03.579Z","sell",
"1.07300000","2476.37000000","2024-05-25T18:02:03.579Z","sell",
"1.07300000","974.64000000","2024-05-25T18:02:03.579Z","sell",
"1.07300000","185.07000000","2024-05-25T18:02:03.579Z","sell",
"1.07300000","186.54000000","2024-05-25T18:02:03.579Z","sell",
"1.07300000","323.89000000","2024-05-25T18:02:03.579Z","sell",
"1.07300000","487.91000000","2024-05-25T18:02:03.579Z","sell",
"1.07200000","551.82000000","2024-05-25T18:02:03.579Z","sell",
"1.07200000","323.89000000","2024-05-25T18:02:03.579Z","sell",
"1.07100000","238.67000000","2024-05-25T18:01:51.158Z","sell",
"1.07100000","751.33000000","2024-05-25T18:01:51.158Z","sell",
"1.06900000","185.07000000","2024-05-25T18:00:36.614Z","buy",
"1.06900000","400.00000000","2024-05-25T18:00:36.583Z","buy",
"1.07000000","22.42000000","2024-05-25T18:00:36.513Z","buy",
"1.07400000","106.85000000","2024-05-25T17:58:14.312Z","sell",
"1.07300000","6.46000000","2024-05-25T17:55:37.868Z","buy",
"1.08000000","35.93000000","2024-05-25T17:52:35.322Z","sell",
"1.08000000","604.36000000","2024-05-25T17:50:50.260Z","buy",
"1.08000000","323.89000000","2024-05-25T17:50:50.260Z","buy",
"1.08100000","24.64000000","2024-05-25T17:50:25.416Z","sell",
"1.07900000","0.93000000","2024-05-25T17:50:21.418Z","buy",
"1.08000000","3.87000000","2024-05-25T17:49:35.828Z","buy",
"1.08000000","996.13000000","2024-05-25T17:49:35.828Z","buy",
"1.08000000","0.89000000","2024-05-25T17:49:18.135Z","sell",
"1.07900000","248.29000000","2024-05-25T17:48:05.701Z","sell",
"1.07900000","489.12000000","2024-05-25T17:48:05.701Z","sell",
"1.07900000","252.59000000","2024-05-25T17:48:05.701Z","sell",
"1.07800000","746.84000000","2024-05-25T17:48:05.600Z","sell",
"1.07400000","322.10000000","2024-05-25T17:47:52.899Z","buy",
"1.07400000","1.79000000","2024-05-25T17:47:52.890Z","buy",
"1.07500000","978.21000000","2024-05-25T17:47:52.890Z","buy",
"1.07600000","38.82000000","2024-05-25T17:47:52.816Z","buy",
"1.07600000","400.00000000","2024-05-25T17:47:52.813Z","buy",
"1.07600000","304.50000000","2024-05-25T17:47:52.809Z","buy",
"1.07500000","271.89000000","2024-05-25T17:46:12.380Z","buy",
"1.07600000","90.10000000","2024-05-25T17:45:41.743Z","buy",
"1.07600000","323.89000000","2024-05-25T17:45:41.743Z","buy",
"1.07300000","588.76000000","2024-05-25T17:44:41.605Z","sell",
"1.07300000","151.10000000","2024-05-25T17:44:41.602Z","sell",
"1.07300000","157.30000000","2024-05-25T17:44:41.600Z","sell",
"1.07300000","422.14000000","2024-05-25T17:44:29.836Z","sell",
"1.07300000","323.89000000","2024-05-25T17:44:29.836Z","sell",
"1.07400000","0.58000000","2024-05-25T17:43:51.667Z","sell",
"1.07400000","909.06000000","2024-05-25T17:43:51.667Z","sell",
"1.07400000","90.10000000","2024-05-25T17:43:40.478Z","sell",
"1.07400000","323.89000000","2024-05-25T17:43:40.478Z","sell",
"1.07900000","185.29000000","2024-05-25T17:40:39.923Z","buy",
"1.08000000","65.00000000","2024-05-25T17:40:34.831Z","buy",
"1.08100000","171.08000000","2024-05-25T17:40:34.780Z","sell",
"1.08100000","258.92000000","2024-05-25T17:40:34.780Z","sell",
"1.08100000","240.61000000","2024-05-25T17:40:34.773Z","sell",
"1.08000000","323.89000000","2024-05-25T17:40:34.773Z","sell",
"1.08000000","398.88000000","2024-05-25T17:40:34.773Z","sell",
"1.08000000","745.62000000","2024-05-25T17:40:34.773Z","sell",
"1.08000000","1.00000000","2024-05-25T17:40:34.773Z","sell",
"1.07800000","117.68000000","2024-05-25T17:40:34.623Z","sell",
"1.07800000","420.00000000","2024-05-25T17:40:34.622Z","sell",
"1.07800000","440.00000000","2024-05-25T17:40:34.618Z","sell",
"1.07700000","800.00000000","2024-05-25T17:40:34.568Z","sell",
"1.07700000","625.00000000","2024-05-25T17:40:34.563Z","sell",
"1.07700000","122.13000000","2024-05-25T17:40:13.945Z","sell",
"1.07800000","361.02000000","2024-05-25T17:39:03.242Z","sell",
"1.07800000","602.58000000","2024-05-25T17:39:03.233Z","sell",
"1.07800000","22.42000000","2024-05-25T17:39:03.233Z","sell",
"1.07400000","410.63000000","2024-05-25T17:37:45.055Z","buy",
"1.07400000","2095.98000000","2024-05-25T17:37:45.050Z","buy",
"1.07400000","625.00000000","2024-05-25T17:37:44.882Z","buy",
"1.07400000","469.34000000","2024-05-25T17:37:44.761Z","sell",
"1.07400000","719.01000000","2024-05-25T17:37:44.761Z","sell",
"1.07400000","323.89000000","2024-05-25T17:37:44.761Z","sell",
"1.07100000","25.46000000","2024-05-25T17:36:23.129Z","buy",
"1.07000000","218.99000000","2024-05-25T17:34:52.682Z","sell",
"1.06700000","1142.78000000","2024-05-25T17:34:47.496Z","buy",
"1.06800000","602.40000000","2024-05-25T17:34:47.496Z","buy",
"1.06800000","273.89000000","2024-05-25T17:34:47.496Z","buy",
"1.06800000","50.00000000","2024-05-25T17:34:44.042Z","buy",
"1.06900000","400.00000000","2024-05-25T17:34:35.199Z","buy",
"1.07000000","32.92000000","2024-05-25T17:33:40.004Z","buy",
"1.07000000","22.42000000","2024-05-25T17:33:40.004Z","buy",
"1.07300000","97.18000000","2024-05-25T17:33:09.541Z","buy",
"1.07500000","199.77000000","2024-05-25T17:32:01.327Z","sell",
"1.07500000","988.43000000","2024-05-25T17:32:01.327Z","sell",
"1.07500000","453.16000000","2024-05-25T17:32:01.327Z","sell",
"1.07500000","53.82000000","2024-05-25T17:32:01.327Z","sell",
"1.07500000","323.89000000","2024-05-25T17:32:01.327Z","sell",
"1.07700000","0.89000000","2024-05-25T17:31:06.054Z","sell",
"1.07800000","4.01000000","2024-05-25T17:30:44.519Z","sell",
"1.07800000","22.42000000","2024-05-25T17:30:44.519Z","sell",
"1.07300000","66.33000000","2024-05-25T17:28:58.889Z","buy",
"1.07300000","400.00000000","2024-05-25T17:28:58.678Z","buy",
"1.07200000","75.44000000","2024-05-25T17:28:41.059Z","buy",
"1.07000000","25.00000000","2024-05-25T17:28:08.907Z","buy",
"1.07100000","400.00000000","2024-05-25T17:27:14.133Z","buy",
"1.07000000","93.45000000","2024-05-25T17:26:29.498Z","buy",
"1.07000000","46.68000000","2024-05-25T17:26:16.477Z","buy",
"1.07100000","4.57000000","2024-05-25T17:25:36.785Z","sell",
"1.07200000","0.89000000","2024-05-25T17:24:56.510Z","buy",
"1.07400000","20.00000000","2024-05-25T17:24:47.498Z","sell",
"1.07300000","437.29000000","2024-05-25T17:24:47.442Z","sell",
"1.07300000","187.71000000","2024-05-25T17:24:47.442Z","sell",
"1.07000000","640.00000000","2024-05-25T17:23:24.667Z","sell",
"1.06500000","349.04000000","2024-05-25T17:21:36.184Z","buy",
"1.06500000","625.00000000","2024-05-25T17:21:36.152Z","buy",
"1.06500000","400.00000000","2024-05-25T17:21:36.104Z","buy",
"1.06700000","400.00000000","2024-05-25T17:20:10.077Z","buy",
"1.07000000","323.89000000","2024-05-25T17:19:37.983Z","sell",
"1.07000000","188.05000000","2024-05-25T17:19:37.975Z","sell",
"1.07000000","22.59000000","2024-05-25T17:19:37.975Z","sell",
"1.07000000","1.00000000","2024-05-25T17:19:37.975Z","sell",
"1.06900000","323.89000000","2024-05-25T17:19:37.975Z","sell",
"1.06900000","464.47000000","2024-05-25T17:19:37.975Z","sell",
"1.06700000","811.40000000","2024-05-25T17:19:37.832Z","sell",
"1.06600000","756.32000000","2024-05-25T17:18:42.228Z","sell",
"1.06500000","87.94000000","2024-05-25T17:18:42.174Z","sell",
"1.06500000","100.00000000","2024-05-25T17:18:42.174Z","sell",
"1.06400000","981.58000000","2024-05-25T17:18:42.166Z","sell",
"1.06400000","443.83000000","2024-05-25T17:18:42.166Z","sell",
"1.06400000","551.96000000","2024-05-25T17:18:42.163Z","sell",
"1.06000000","133.97000000","2024-05-25T17:17:52.241Z","sell",
"1.06000000","625.00000000","2024-05-25T17:17:52.083Z","sell",
"1.05900000","20.25000000","2024-05-25T17:17:23.757Z","sell",
"1.05800000","70.00000000","2024-05-25T17:15:43.530Z","buy",
"1.05900000","754.06000000","2024-05-25T17:15:43.385Z","buy",
"1.05900000","131.57000000","2024-05-25T17:15:43.385Z","buy",
"1.05900000","845.39000000","2024-05-25T17:15:43.380Z","buy",
"1.05900000","114.61000000","2024-05-25T17:15:43.380Z","buy",
"1.05900000","170.00000000","2024-05-25T17:15:43.378Z","buy",
"1.06000000","400.00000000","2024-05-25T17:15:43.318Z","buy",
"1.06100000","341.12000000","2024-05-25T17:14:14.585Z","buy",
"1.06100000","702.65000000","2024-05-25T17:14:14.585Z","buy",
"1.06000000","140.07000000","2024-05-25T17:14:05.438Z","buy",
"1.06000000","323.89000000","2024-05-25T17:14:05.438Z","buy",
"1.06100000","1035.76000000","2024-05-25T17:14:05.438Z","buy",
"1.06100000","627.92000000","2024-05-25T17:14:05.438Z","buy",
"1.06100000","682.36000000","2024-05-25T17:14:05.438Z","buy",
"1.06100000","482.58000000","2024-05-25T17:14:05.438Z","buy",
"1.06100000","906.53000000","2024-05-25T17:14:05.438Z","buy",
"1.06100000","323.89000000","2024-05-25T17:14:05.438Z","buy",
"1.06200000","22.59000000","2024-05-25T17:12:54.561Z","buy",
"1.06300000","964.63000000","2024-05-25T17:12:32.128Z","buy",
"1.06600000","753.49000000","2024-05-25T17:12:14.767Z","buy",
"1.06700000","99.10000000","2024-05-25T17:11:28.059Z","buy",
"1.06700000","323.89000000","2024-05-25T17:11:28.059Z","buy",
"1.06800000","323.89000000","2024-05-25T17:11:28.059Z","buy",
"1.07000000","187.05000000","2024-05-25T17:09:20.818Z","sell",
"1.07000000","726.86000000","2024-05-25T17:09:20.802Z","sell",
"1.06900000","273.14000000","2024-05-25T17:09:20.802Z","sell",
"1.06700000","156.11000000","2024-05-25T17:09:20.586Z","sell",
"1.06700000","323.89000000","2024-05-25T17:09:20.586Z","sell",
"1.07100000","319.50000000","2024-05-25T17:06:39.403Z","buy",
"1.07100000","295.52000000","2024-05-25T17:06:39.400Z","buy",
"1.07000000","704.31000000","2024-05-25T17:05:52.949Z","sell",
"1.07000000","105.54000000","2024-05-25T17:05:52.938Z","sell",
"1.07000000","164.90000000","2024-05-25T17:05:52.935Z","sell",
"1.06900000","4.59000000","2024-05-25T17:04:43.816Z","buy",
"1.07000000","31.72000000","2024-05-25T17:04:24.473Z","sell",
"1.07000000","311.69000000","2024-05-25T17:03:38.379Z","buy",
"1.07200000","400.00000000","2024-05-25T17:03:24.576Z","buy",
"1.07300000","25.37000000","2024-05-25T17:02:24.729Z","buy",
"1.07400000","3.02000000","2024-05-25T17:02:21.617Z","buy",
"1.07400000","7.14000000","2024-05-25T17:02:18.252Z","buy",
"1.07400000","10.10000000","2024-05-25T17:02:14.929Z","sell",
"1.07300000","377.62000000","2024-05-25T17:02:13.919Z","buy",
"1.07300000","49.93000000","2024-05-25T17:02:13.919Z","buy",
"1.07300000","316.78000000","2024-05-25T17:02:13.919Z","buy",
"1.07300000","7.11000000","2024-05-25T17:01:59.431Z","buy",
"1.07200000","11.18000000","2024-05-25T17:01:56.972Z","buy",
"1.07200000","2.97000000","2024-05-25T17:01:51.059Z","buy",
"1.07200000","5.88000000","2024-05-25T17:01:45.351Z","buy",
"1.06800000","286.82000000","2024-05-25T17:01:02.531Z","buy",
"1.06800000","323.89000000","2024-05-25T17:01:02.531Z","buy",
"1.06900000","389.29000000","2024-05-25T17:01:02.531Z","buy",
"1.06900000","360.00000000","2024-05-25T17:01:02.525Z","buy",
"1.07200000","0.93000000","2024-05-25T17:00:59.599Z","sell",
"1.07200000","221.74000000","2024-05-25T17:00:59.574Z","sell",
"1.07200000","636.46000000","2024-05-25T17:00:59.574Z","sell",
"1.07200000","173.48000000","2024-05-25T17:00:59.574Z","sell",
"1.07200000","969.77000000","2024-05-25T17:00:59.574Z","sell",
"1.07200000","323.89000000","2024-05-25T17:00:59.574Z","sell",
"1.07000000","10.32000000","2024-05-25T17:00:22.773Z","buy",
"1.07000000","7.76000000","2024-05-25T17:00:16.848Z","buy",
"1.07000000","9.88000000","2024-05-25T17:00:02.470Z","buy",
"1.07000000","7.10000000","2024-05-25T16:59:58.447Z","buy",
"1.07000000","5.47000000","2024-05-25T16:59:48.840Z","buy",
"1.07000000","4.97000000","2024-05-25T16:59:43.578Z","buy",
"1.07000000","7.41000000","2024-05-25T16:59:40.893Z","buy",
"1.06800000","5.74000000","2024-05-25T16:59:12.344Z","buy",
"1.06900000","0.42000000","2024-05-25T16:59:01.044Z","buy",
"1.06900000","3.09000000","2024-05-25T16:59:00.598Z","buy",
"1.06600000","1.40000000","2024-05-25T16:56:47.278Z","buy",
"1.07000000","5.30000000","2024-05-25T16:55:55.108Z","buy",
"1.07000000","5.20000000","2024-05-25T16:55:37.797Z","buy",
"1.07000000","5.68000000","2024-05-25T16:55:16.137Z","buy",
"1.07200000","89.81000000","2024-05-25T16:55:10.355Z","sell",
"1.07200000","953.54000000","2024-05-25T16:55:10.355Z","sell",
"1.07000000","5.82000000","2024-05-25T16:54:57.612Z","buy",
"1.07100000","4.38000000","2024-05-25T16:54:54.579Z","buy",
"1.07100000","5.92000000","2024-05-25T16:54:48.586Z","buy",
"1.07000000","8.95000000","2024-05-25T16:54:35.489Z","buy",
"1.07000000","6.78000000","2024-05-25T16:54:23.938Z","buy",
"1.06900000","5.11000000","2024-05-25T16:54:21.342Z","buy",
"1.06900000","10.35000000","2024-05-25T16:54:13.611Z","buy",
"1.06900000","3.38000000","2024-05-25T16:54:09.302Z","buy",
"1.06900000","8.02000000","2024-05-25T16:54:05.680Z","buy",
"1.06900000","6.41000000","2024-05-25T16:54:03.223Z","buy",
"1.06900000","9.03000000","2024-05-25T16:54:00.153Z","buy",
"1.06900000","2.99000000","2024-05-25T16:53:54.598Z","buy",
"1.06900000","10.88000000","2024-05-25T16:53:16.147Z","buy",
"1.07000000","22.59000000","2024-05-25T16:53:12.487Z","sell",
"1.06900000","3.35000000","2024-05-25T16:53:09.594Z","buy",
"1.06900000","3.32000000","2024-05-25T16:53:05.728Z","buy",
"1.06900000","3.42000000","2024-05-25T16:53:02.736Z","buy",
"1.06800000","439.52000000","2024-05-25T16:52:56.659Z","buy",
"1.06800000","312.47000000","2024-05-25T16:52:56.659Z","buy",
"1.06800000","8.05000000","2024-05-25T16:52:51.340Z","buy",
"1.06800000","3.37000000","2024-05-25T16:52:47.799Z","buy",
"1.06800000","10.79000000","2024-05-25T16:52:39.654Z","buy",
"1.06800000","2.80000000","2024-05-25T16:52:36.136Z","buy",
"1.06800000","9.27000000","2024-05-25T16:52:31.979Z","buy",
"1.06600000","3.30000000","2024-05-25T16:52:23.111Z","buy",
"1.06600000","2.76000000","2024-05-25T16:52:19.648Z","buy",
"1.06500000","8.29000000","2024-05-25T16:52:16.250Z","buy",
"1.06500000","7.65000000","2024-05-25T16:52:08.179Z","buy",
"1.06500000","320.00000000","2024-05-25T16:52:04.115Z","buy",
"1.06600000","5.77000000","2024-05-25T16:52:01.879Z","buy",
"1.06600000","5.22000000","2024-05-25T16:51:55.195Z","buy",
"1.06600000","5.04000000","2024-05-25T16:51:41.967Z","buy",
"1.06700000","2.88000000","2024-05-25T16:51:39.121Z","buy",
"1.06700000","3.91000000","2024-05-25T16:51:34.982Z","buy",
"1.06800000","2.35000000","2024-05-25T16:51:24.859Z","buy",
"1.06800000","3.50000000","2024-05-25T16:51:20.418Z","buy",
"1.06800000","5.38000000","2024-05-25T16:51:16.666Z","buy",
"1.06600000","860.00000000","2024-05-25T16:49:03.298Z","sell",
"1.06400000","1768.19000000","2024-05-25T16:49:03.297Z","sell",
"1.06400000","1600.00000000","2024-05-25T16:49:03.282Z","sell",
"1.06300000","1356.27000000","2024-05-25T16:48:33.252Z","sell",
"1.06300000","323.89000000","2024-05-25T16:48:33.252Z","sell",
"1.06200000","91.60000000","2024-05-25T16:46:31.546Z","buy",
"1.06400000","323.89000000","2024-05-25T16:46:04.079Z","sell",
"1.06800000","320.00000000","2024-05-25T16:44:54.402Z","sell",
"1.06300000","749.05000000","2024-05-25T16:43:48.405Z","buy",
"1.06400000","347.17000000","2024-05-25T16:43:48.288Z","buy",
"1.06400000","625.00000000","2024-05-25T16:43:48.287Z","buy",
"1.06500000","210.00000000","2024-05-25T16:43:47.825Z","sell",
"1.06500000","490.00000000","2024-05-25T16:43:47.813Z","sell",
"1.06400000","146.11000000","2024-05-25T16:43:47.685Z","sell",
"1.06400000","323.89000000","2024-05-25T16:43:47.685Z","sell",
"1.06300000","362.45000000","2024-05-25T16:43:47.666Z","sell",
"1.06300000","115.48000000","2024-05-25T16:43:47.666Z","sell",
"1.06200000","2.07000000","2024-05-25T16:43:47.666Z","sell",
"1.06200000","480.00000000","2024-05-25T16:43:47.663Z","sell",
"1.06300000","1.27000000","2024-05-25T16:43:43.573Z","sell",
"1.06300000","486.78000000","2024-05-25T16:43:43.545Z","sell",
"1.06300000","39.39000000","2024-05-25T16:43:43.545Z","sell",
"1.06300000","323.89000000","2024-05-25T16:43:43.545Z","sell",
"1.06300000","999.71000000","2024-05-25T16:43:43.545Z","sell",
"1.06200000","487.22000000","2024-05-25T16:43:43.545Z","sell",
"1.06200000","516.29000000","2024-05-25T16:43:43.545Z","sell",
"1.06200000","323.89000000","2024-05-25T16:43:43.545Z","sell",
"1.06300000","400.00000000","2024-05-25T16:43:02.785Z","buy",
"1.06600000","467.14000000","2024-05-25T16:42:57.298Z","sell",
"1.06600000","482.86000000","2024-05-25T16:42:57.298Z","sell",
"1.06100000","290.00000000","2024-05-25T16:42:45.826Z","sell",
"1.06100000","396.11000000","2024-05-25T16:42:45.819Z","sell",
"1.06100000","323.89000000","2024-05-25T16:42:45.819Z","sell",
"1.05900000","323.89000000","2024-05-25T16:42:45.760Z","sell",
"1.05900000","4.01000000","2024-05-25T16:41:49.119Z","buy",
"1.06200000","22.59000000","2024-05-25T16:41:41.809Z","buy",
"1.06400000","9.18000000","2024-05-25T16:41:20.587Z","buy",
"1.06400000","57.60000000","2024-05-25T16:41:17.010Z","buy",
"1.06400000","11.02000000","2024-05-25T16:41:15.886Z","buy",
"1.06400000","8.61000000","2024-05-25T16:41:12.798Z","buy",
"1.06300000","4.89000000","2024-05-25T16:41:10.517Z","buy",
"1.06600000","11.33000000","2024-05-25T16:41:07.857Z","buy",
"1.06600000","3.26000000","2024-05-25T16:41:04.758Z","buy",
"1.06400000","196.25000000","2024-05-25T16:40:53.360Z","buy",
"1.06400000","31.46000000","2024-05-25T16:40:53.360Z","buy",
"1.06400000","323.89000000","2024-05-25T16:40:53.360Z","buy",
"1.06500000","573.29000000","2024-05-25T16:40:53.360Z","buy",
"1.06500000","989.48000000","2024-05-25T16:40:53.360Z","buy",
"1.06500000","711.04000000","2024-05-25T16:40:53.360Z","buy",
"1.06500000","317.32000000","2024-05-25T16:40:53.360Z","buy",
"1.06500000","6.57000000","2024-05-25T16:40:51.032Z","buy",
"1.06500000","7.46000000","2024-05-25T16:40:47.953Z","buy",
"1.06500000","5.28000000","2024-05-25T16:40:45.109Z","buy",
"1.06500000","5.76000000","2024-05-25T16:40:39.764Z","buy",
"1.06600000","398.09000000","2024-05-25T16:40:39.184Z","buy",
"1.06600000","187.39000000","2024-05-25T16:40:39.167Z","buy",
"1.06600000","187.39000000","2024-05-25T16:40:38.481Z","buy",
"1.06600000","281.90000000","2024-05-25T16:40:38.475Z","buy",
"1.06600000","9.01000000","2024-05-25T16:40:37.487Z","buy",
"1.06600000","11.27000000","2024-05-25T16:39:47.025Z","buy",
"1.06600000","9.77000000","2024-05-25T16:39:34.447Z","buy",
"1.06700000","5.17000000","2024-05-25T16:39:31.269Z","buy",
"1.06700000","10.89000000","2024-05-25T16:39:25.477Z","buy",
"1.06700000","4.90000000","2024-05-25T16:39:21.106Z","buy",
"1.06900000","3.66000000","2024-05-25T16:39:12.056Z","buy",
"1.07100000","160.42000000","2024-05-25T16:38:37.631Z","buy",
"1.07100000","276.40000000","2024-05-25T16:38:37.570Z","buy",
"1.07100000","284.00000000","2024-05-25T16:38:37.544Z","buy",
"1.07100000","2.91000000","2024-05-25T16:38:37.332Z","buy",
"1.07100000","9.09000000","2024-05-25T16:38:34.643Z","buy",
"1.07200000","48.42000000","2024-05-25T16:38:33.802Z","buy",
"1.07200000","280.10000000","2024-05-25T16:38:33.322Z","buy",
"1.07200000","400.00000000","2024-05-25T16:38:33.246Z","buy",
"1.07200000","4.59000000","2024-05-25T16:38:31.934Z","buy",
"1.07200000","9.16000000","2024-05-25T16:38:29.235Z","buy",
"1.07200000","6.62000000","2024-05-25T16:38:24.355Z","buy",
"1.07200000","6.14000000","2024-05-25T16:38:21.110Z","buy",
"1.07100000","2.98000000","2024-05-25T16:38:15.223Z","buy",
"1.07100000","3.57000000","2024-05-25T16:38:07.233Z","buy",
"1.07200000","3.36000000","2024-05-25T16:38:04.510Z","buy",
"1.07100000","8.36000000","2024-05-25T16:38:01.798Z","buy",
"1.07000000","10.37000000","2024-05-25T16:37:56.256Z","buy",
"1.07000000","2.41000000","2024-05-25T16:37:51.534Z","buy",
"1.07000000","8.48000000","2024-05-25T16:37:46.205Z","buy",
"1.07000000","6.15000000","2024-05-25T16:37:39.784Z","buy",
"1.07000000","4.74000000","2024-05-25T16:37:36.429Z","buy",
"1.07000000","5.66000000","2024-05-25T16:37:33.149Z","buy",
"1.07100000","9.04000000","2024-05-25T16:37:20.653Z","buy",
"1.07100000","4.11000000","2024-05-25T16:37:18.354Z","buy",
"1.07300000","296.94000000","2024-05-25T16:37:16.253Z","buy",
"1.07300000","400.00000000","2024-05-25T16:37:16.127Z","buy",
"1.07300000","6.89000000","2024-05-25T16:37:14.644Z","buy",
"1.07300000","9.21000000","2024-05-25T16:37:11.638Z","buy",
"1.07100000","140.00000000","2024-05-25T16:37:11.047Z","buy",
"1.07300000","201.56000000","2024-05-25T16:37:10.939Z","sell",
"1.07300000","323.89000000","2024-05-25T16:37:10.939Z","sell",
"1.07300000","751.04000000","2024-05-25T16:37:10.939Z","sell",
"1.07300000","4.01000000","2024-05-25T16:37:10.939Z","sell",
"1.07300000","117.49000000","2024-05-25T16:37:10.939Z","sell",
"1.07200000","602.01000000","2024-05-25T16:37:10.939Z","sell",
"1.07200000","102.30000000","2024-05-25T16:37:10.935Z","sell",
"1.07200000","249.20000000","2024-05-25T16:37:10.930Z","sell",
"1.07200000","28.80000000","2024-05-25T16:37:10.930Z","sell",
"1.07100000","74.86000000","2024-05-25T16:37:10.887Z","sell",
"1.07100000","187.00000000","2024-05-25T16:37:10.880Z","sell",
"1.07100000","158.84000000","2024-05-25T16:37:10.878Z","sell",
"1.07100000","20.00000000","2024-05-25T16:37:10.816Z","sell",
"1.07100000","512.66000000","2024-05-25T16:37:10.811Z","sell",
"1.07100000","20.00000000","2024-05-25T16:37:10.803Z","sell",
"1.07100000","20.00000000","2024-05-25T16:37:10.787Z","sell",
"1.07000000","22.59000000","2024-05-25T16:37:10.786Z","sell",
"1.06900000","6.57000000","2024-05-25T16:37:09.530Z","buy",
"1.06800000","3.54000000","2024-05-25T16:37:04.335Z","buy",
"1.06600000","4.67000000","2024-05-25T16:36:23.031Z","buy",
"1.06700000","152.22000000","2024-05-25T16:36:23.025Z","sell",
"1.06600000","9.63000000","2024-05-25T16:36:17.430Z","buy",
"1.06600000","10.59000000","2024-05-25T16:36:14.495Z","buy",
"1.06600000","4.55000000","2024-05-25T16:35:54.708Z","buy",
"1.06700000","4.30000000","2024-05-25T16:35:49.339Z","buy",
"1.06700000","9.26000000","2024-05-25T16:35:45.707Z","buy",
"1.06600000","5.15000000","2024-05-25T16:35:39.179Z","buy",
"1.06500000","7.95000000","2024-05-25T16:35:36.522Z","buy",
"1.06500000","8.20000000","2024-05-25T16:35:26.519Z","buy",
"1.06500000","6.76000000","2024-05-25T16:35:18.757Z","buy",
"1.06500000","7.95000000","2024-05-25T16:35:09.699Z","buy",
"1.06200000","7.31000000","2024-05-25T16:34:35.153Z","buy",
"1.06100000","400.24000000","2024-05-25T16:34:33.223Z","buy",
"1.06100000","345.87000000","2024-05-25T16:34:33.223Z","buy",
"1.06200000","323.89000000","2024-05-25T16:34:33.223Z","buy",
"1.06200000","188.24000000","2024-05-25T16:34:33.105Z","buy",
"1.06200000","22.59000000","2024-05-25T16:34:33.105Z","buy",
"1.06300000","748.25000000","2024-05-25T16:34:33.105Z","buy",
"1.06300000","340.00000000","2024-05-25T16:34:33.074Z","buy",
"1.06300000","590.00000000","2024-05-25T16:34:33.071Z","buy",
"1.06500000","169.06000000","2024-05-25T16:34:17.899Z","buy",
"1.06500000","240.55000000","2024-05-25T16:34:17.898Z","buy",
"1.06500000","194.79000000","2024-05-25T16:34:17.895Z","buy",
"1.06500000","89.21000000","2024-05-25T16:34:17.888Z","buy",
"1.06500000","120.00000000","2024-05-25T16:34:17.863Z","buy",
"1.06500000","162.00000000","2024-05-25T16:34:17.851Z","buy",
"1.06500000","9.68000000","2024-05-25T16:34:17.820Z","buy",
"1.06600000","2.64000000","2024-05-25T16:34:14.271Z","buy",
"1.06600000","10.87000000","2024-05-25T16:34:06.442Z","buy",
"1.06600000","3.79000000","2024-05-25T16:34:03.728Z","buy",
"1.06700000","283.57000000","2024-05-25T16:33:57.975Z","buy",
"1.06700000","10.03000000","2024-05-25T16:33:57.825Z","buy",
"1.06700000","10.07000000","2024-05-25T16:33:55.119Z","buy",
"1.06800000","5.31000000","2024-05-25T16:33:45.758Z","buy",
"1.06700000","71.87000000","2024-05-25T16:33:34.491Z","buy",
"1.06700000","33.02000000","2024-05-25T16:33:33.833Z","buy",
"1.06800000","7.22000000","2024-05-25T16:33:27.932Z","buy",
"1.06800000","7.86000000","2024-05-25T16:33:24.027Z","buy",
"1.07000000","5.75000000","2024-05-25T16:33:20.499Z","buy",
"1.07100000","7.00000000","2024-05-25T16:33:17.476Z","buy",
"1.07100000","3.04000000","2024-05-25T16:33:12.876Z","buy",
"1.07000000","22.59000000","2024-05-25T16:33:05.909Z","sell",
"1.06900000","5.66000000","2024-05-25T16:33:04.369Z","buy",
"1.06800000","9.78000000","2024-05-25T16:33:00.176Z","buy",
"1.06900000","85.00000000","2024-05-25T16:32:58.790Z","buy",
"1.06900000","190.91000000","2024-05-25T16:32:58.786Z","buy",
"1.06800000","7.65000000","2024-05-25T16:32:57.715Z","buy",
"1.06700000","7.08000000","2024-05-25T16:32:49.381Z","buy",
"1.06700000","0.91000000","2024-05-25T16:32:48.171Z","buy",
"1.06700000","3.35000000","2024-05-25T16:32:45.506Z","buy",
"1.06700000","5.94000000","2024-05-25T16:32:37.866Z","buy",
"1.06700000","8.69000000","2024-05-25T16:32:35.114Z","buy",
"1.06800000","2.50000000","2024-05-25T16:32:34.181Z","sell",
"1.06700000","10.68000000","2024-05-25T16:32:30.485Z","buy",
"1.06700000","0.92000000","2024-05-25T16:32:29.060Z","buy",
"1.06700000","4.01000000","2024-05-25T16:32:24.453Z","sell",
"1.06700000","28.80000000","2024-05-25T16:32:24.453Z","sell",
"1.06600000","7.62000000","2024-05-25T16:32:24.190Z","buy",
"1.06600000","5.15000000","2024-05-25T16:32:19.260Z","buy",
"1.06600000","140.00000000","2024-05-25T16:32:18.966Z","buy",
"1.06500000","9.06000000","2024-05-25T16:32:17.086Z","buy",
"1.06400000","5.15000000","2024-05-25T16:32:14.517Z","buy",
"1.06200000","6.84000000","2024-05-25T16:32:02.667Z","buy",
"1.06300000","8.17000000","2024-05-25T16:31:50.906Z","buy",
"1.06300000","0.92000000","2024-05-25T16:31:48.807Z","buy",
"1.06300000","7.25000000","2024-05-25T16:31:46.540Z","buy",
"1.06300000","2.46000000","2024-05-25T16:31:43.367Z","buy",
"1.06100000","100.19000000","2024-05-25T16:30:37.336Z","buy",
"1.05900000","112.47000000","2024-05-25T16:29:20.127Z","buy",
"1.06100000","0.92000000","2024-05-25T16:28:45.517Z","buy",
"1.06200000","400.00000000","2024-05-25T16:28:45.361Z","buy",
"1.06200000","0.92000000","2024-05-25T16:28:43.790Z","buy",
"1.06200000","0.92000000","2024-05-25T16:28:42.794Z","buy",
"1.06200000","435.08000000","2024-05-25T16:28:36.363Z","sell",
"1.06200000","22.77000000","2024-05-25T16:28:36.363Z","sell",
"1.06100000","12.15000000","2024-05-25T16:28:36.363Z","sell",
"1.06100000","277.17000000","2024-05-25T16:28:36.357Z","sell",
"1.06100000","4.01000000","2024-05-25T16:28:36.357Z","sell",
"1.06100000","28.82000000","2024-05-25T16:28:36.357Z","sell",
"1.05600000","0.92000000","2024-05-25T16:28:02.017Z","buy",
"1.05600000","153.13000000","2024-05-25T16:27:56.201Z","sell",
"1.05600000","4.01000000","2024-05-25T16:27:56.201Z","sell",
"1.05500000","68.61000000","2024-05-25T16:27:21.174Z","sell",
"1.05500000","323.89000000","2024-05-25T16:27:21.174Z","sell",
"1.05400000","47.50000000","2024-05-25T16:27:21.174Z","sell",
"1.05400000","717.11000000","2024-05-25T16:27:21.110Z","sell",
"1.05400000","282.89000000","2024-05-25T16:27:21.110Z","sell",
"1.05300000","282.14000000","2024-05-25T16:27:21.092Z","sell",
"1.05300000","91.18000000","2024-05-25T16:26:44.125Z","buy",
"1.05300000","94.85000000","2024-05-25T16:26:44.114Z","buy",
"1.05300000","189.70000000","2024-05-25T16:26:44.098Z","buy",
"1.05300000","173.82000000","2024-05-25T16:26:44.036Z","buy",
"1.05400000","91.18000000","2024-05-25T16:26:43.944Z","buy",
"1.05400000","189.70000000","2024-05-25T16:26:42.645Z","buy",
"1.05400000","189.70000000","2024-05-25T16:26:41.888Z","buy",
"1.05300000","14.43000000","2024-05-25T16:26:29.840Z","buy",
"1.05400000","0.51000000","2024-05-25T16:24:50.475Z","buy",
"1.05400000","0.42000000","2024-05-25T16:24:50.475Z","buy",
"1.05400000","2.50000000","2024-05-25T16:24:45.128Z","sell",
"1.05400000","22.94000000","2024-05-25T16:24:45.128Z","sell",
"1.05100000","269.10000000","2024-05-25T16:23:58.060Z","buy",
"1.05000000","241.88000000","2024-05-25T16:22:39.167Z","sell",
"1.04900000","41.63000000","2024-05-25T16:22:39.167Z","sell",
"1.04900000","291.50000000","2024-05-25T16:22:39.165Z","sell",
"1.04900000","2144.28000000","2024-05-25T16:22:39.161Z","sell",
"1.04900000","190.71000000","2024-05-25T16:22:39.160Z","sell",
"1.04900000","198.20000000","2024-05-25T16:22:23.664Z","sell",
"1.04900000","134.60000000","2024-05-25T16:22:23.558Z","sell",
"1.04900000","190.65000000","2024-05-25T16:22:23.310Z","sell",
"1.04900000","284.00000000","2024-05-25T16:22:23.301Z","sell",
"1.04900000","190.60000000","2024-05-25T16:22:22.135Z","sell",
"1.04900000","190.65000000","2024-05-25T16:22:21.962Z","sell",
"1.04900000","221.40000000","2024-05-25T16:22:19.288Z","sell",
"1.04900000","286.08000000","2024-05-25T16:22:18.649Z","sell",
"1.04800000","189.01000000","2024-05-25T16:20:47.987Z","buy",
"1.04600000","91.60000000","2024-05-25T16:16:21.134Z","sell",
"1.04500000","497.29000000","2024-05-25T16:16:05.462Z","sell",
"1.04200000","191.87000000","2024-05-25T16:15:06.753Z","buy",
"1.04200000","261.78000000","2024-05-25T16:15:06.753Z","buy",
"1.04300000","265.81000000","2024-05-25T16:15:06.617Z","buy",
"1.04400000","734.19000000","2024-05-25T16:15:06.617Z","buy",
"1.04400000","32.63000000","2024-05-25T16:15:06.610Z","buy",
"1.04400000","287.37000000","2024-05-25T16:15:06.610Z","buy",
"1.04500000","852.55000000","2024-05-25T16:15:06.572Z","buy",
"1.04500000","97.58000000","2024-05-25T16:15:06.560Z","buy",
"1.04800000","6.17000000","2024-05-25T16:08:29.360Z","sell",
"1.04800000","109.16000000","2024-05-25T16:08:19.379Z","sell",
"1.04800000","8.07000000","2024-05-25T16:08:19.379Z","sell",
"1.04700000","865.79000000","2024-05-25T16:08:06.810Z","sell",
"1.04600000","956.88000000","2024-05-25T16:08:06.796Z","sell",
"1.04600000","23.12000000","2024-05-25T16:08:06.796Z","sell",
"1.04100000","140.00000000","2024-05-25T16:04:10.587Z","buy",
"1.04100000","2.36000000","2024-05-25T16:03:31.538Z","sell",
"1.04100000","97.64000000","2024-05-25T16:03:31.498Z","sell",
"1.03800000","246.02000000","2024-05-25T15:56:12.116Z","buy",
"1.03900000","100.00000000","2024-05-25T15:56:07.682Z","sell",
"1.03900000","584.73000000","2024-05-25T15:54:32.104Z","buy",
"1.03900000","400.00000000","2024-05-25T15:54:32.098Z","buy",
"1.04100000","145.09000000","2024-05-25T15:53:24.020Z","buy",
"1.04100000","274.38000000","2024-05-25T15:53:24.006Z","buy",
"1.04100000","51.60000000","2024-05-25T15:53:24.004Z","buy",
"1.04100000","115.00000000","2024-05-25T15:53:23.972Z","buy",
"1.04100000","77.00000000","2024-05-25T15:53:23.969Z","buy",
"1.04100000","294.66000000","2024-05-25T15:53:23.964Z","buy",
"1.03800000","88.61000000","2024-05-25T15:50:42.877Z","buy",
"1.03800000","282.90000000","2024-05-25T15:48:11.373Z","sell",
"1.03800000","289.00000000","2024-05-25T15:48:11.369Z","sell",
"1.03800000","294.86000000","2024-05-25T15:48:11.366Z","sell",
"1.03800000","292.80000000","2024-05-25T15:48:11.339Z","sell",
"1.03800000","192.80000000","2024-05-25T15:48:11.339Z","sell",
"1.03800000","89.50000000","2024-05-25T15:47:43.139Z","sell",
"1.03800000","4.73000000","2024-05-25T15:47:43.122Z","sell",
"1.03800000","94.24000000","2024-05-25T15:47:43.110Z","sell",
"1.03800000","98.97000000","2024-05-25T15:47:43.095Z","sell",
"1.03800000","193.20000000","2024-05-25T15:47:43.074Z","sell",
"1.03800000","289.00000000","2024-05-25T15:47:43.066Z","sell",
"1.03500000","1.16000000","2024-05-25T15:46:09.182Z","buy",
"1.03700000","47.69000000","2024-05-25T15:43:39.000Z","sell",
"1.03500000","53.00000000","2024-05-25T15:40:05.115Z","buy",
"1.03600000","768.93000000","2024-05-25T15:40:04.870Z","buy",
"1.03700000","992.81000000","2024-05-25T15:40:04.867Z","buy",
"1.03700000","174.73000000","2024-05-25T15:40:04.867Z","buy",
"1.03700000","114.37000000","2024-05-25T15:40:04.837Z","buy",
"1.03800000","89.78000000","2024-05-25T15:40:04.818Z","buy",
"1.03800000","183.11000000","2024-05-25T15:40:04.818Z","buy",
"1.03800000","110.79000000","2024-05-25T15:40:04.813Z","buy",
"1.03800000","514.21000000","2024-05-25T15:40:04.813Z","buy",
"1.04000000","496.45000000","2024-05-25T15:39:17.096Z","sell",
"1.04000000","486.63000000","2024-05-25T15:39:17.091Z","sell",
"1.03800000","204.30000000","2024-05-25T15:39:03.815Z","buy",
"1.03800000","125.70000000","2024-05-25T15:39:03.815Z","buy",
"1.03800000","320.00000000","2024-05-25T15:39:03.670Z","buy",
"1.03800000","320.00000000","2024-05-25T15:39:03.670Z","buy",
"1.03900000","117.58000000","2024-05-25T15:39:03.668Z","buy",
"1.03900000","216.30000000","2024-05-25T15:39:03.666Z","buy",
"1.03900000","370.00000000","2024-05-25T15:39:03.664Z","buy",
"1.03900000","78.00000000","2024-05-25T15:39:03.664Z","buy",
"1.03900000","84.40000000","2024-05-25T15:39:03.659Z","buy",
"1.03900000","123.02000000","2024-05-25T15:39:03.658Z","buy",
"1.04100000","19.02000000","2024-05-25T15:37:55.287Z","sell",
"1.04100000","481.77000000","2024-05-25T15:37:18.400Z","sell",
"1.04000000","323.89000000","2024-05-25T15:37:18.260Z","sell",
"1.03800000","729.43000000","2024-05-25T15:37:18.258Z","sell",
"1.03800000","270.37000000","2024-05-25T15:37:18.256Z","sell",
"1.03800000","49.63000000","2024-05-25T15:37:18.256Z","sell",
"1.03800000","320.00000000","2024-05-25T15:37:18.250Z","sell",
"1.03800000","400.00000000","2024-05-25T15:37:18.250Z","sell",
"1.03700000","552.09000000","2024-05-25T15:37:18.234Z","sell",
"1.03700000","8.07000000","2024-05-25T15:37:13.128Z","buy",
"1.03800000","23.12000000","2024-05-25T15:37:04.266Z","buy",
"1.04300000","250.00000000","2024-05-25T15:33:14.187Z","buy",
"1.04400000","368.32000000","2024-05-25T15:33:14.115Z","buy",
"1.04400000","400.00000000","2024-05-25T15:33:14.051Z","buy",
"1.04800000","250.00000000","2024-05-25T15:32:20.408Z","sell",
"1.04800000","274.67000000","2024-05-25T15:32:20.389Z","sell",
"1.04800000","355.33000000","2024-05-25T15:32:20.389Z","sell",
"1.04800000","159.93000000","2024-05-25T15:32:20.385Z","sell",
"1.04700000","323.89000000","2024-05-25T15:32:20.385Z","sell",
"1.04700000","356.82000000","2024-05-25T15:32:20.385Z","sell",
"1.04600000","259.36000000","2024-05-25T15:32:20.385Z","sell",
"1.04600000","506.88000000","2024-05-25T15:32:20.256Z","sell",
"1.04600000","23.12000000","2024-05-25T15:32:20.256Z","sell",
"1.04400000","349.29000000","2024-05-25T15:32:20.184Z","sell",
"1.04400000","625.00000000","2024-05-25T15:32:20.179Z","sell",
"1.04300000","0.94000000","2024-05-25T15:31:01.934Z","sell",
"1.04100000","323.89000000","2024-05-25T15:30:32.348Z","sell",
"1.04100000","0.93000000","2024-05-25T15:27:37.643Z","buy",
"1.04200000","240.14000000","2024-05-25T15:27:06.323Z","sell",
"1.04300000","323.89000000","2024-05-25T15:26:25.434Z","sell",
"1.04300000","82.26000000","2024-05-25T15:26:25.385Z","sell",
"1.04200000","767.74000000","2024-05-25T15:26:25.385Z","sell",
"1.03900000","192.53000000","2024-05-25T15:24:18.913Z","buy",
"1.04400000","38.19000000","2024-05-25T15:21:52.439Z","sell",
"1.04300000","191.81000000","2024-05-25T15:21:52.439Z","sell",
"1.04200000","136.11000000","2024-05-25T15:21:52.295Z","sell",
"1.04200000","323.89000000","2024-05-25T15:21:52.295Z","sell",
"1.04100000","1000.20000000","2024-05-25T15:21:52.288Z","sell",
"1.04100000","772.53000000","2024-05-25T15:21:52.288Z","sell",
"1.04000000","510.63000000","2024-05-25T15:21:52.222Z","sell",
"1.04000000","114.37000000","2024-05-25T15:21:52.222Z","sell",
"1.03800000","23.12000000","2024-05-25T15:18:10.191Z","buy",
"1.04400000","1.00000000","2024-05-25T15:08:27.524Z","sell",
"1.04300000","24.10000000","2024-05-25T15:08:25.333Z","sell",
"1.04100000","140.00000000","2024-05-25T15:07:08.371Z","sell",
"1.04100000","323.89000000","2024-05-25T15:07:07.662Z","buy",
"1.04200000","0.92000000","2024-05-25T15:07:07.568Z","buy",
"1.04200000","167.24000000","2024-05-25T15:07:07.568Z","buy",
"1.04200000","600.80000000","2024-05-25T15:07:07.560Z","buy",
"1.04300000","259.20000000","2024-05-25T15:07:07.560Z","buy",
"1.04300000","30.00000000","2024-05-25T15:07:07.510Z","buy",
"1.04400000","17.58000000","2024-05-25T15:07:07.505Z","buy",
"1.04400000","130.48000000","2024-05-25T15:07:07.501Z","buy",
"1.04400000","494.52000000","2024-05-25T15:07:07.501Z","buy",
"1.04400000","726.11000000","2024-05-25T15:07:00.332Z","buy",
"1.04500000","323.89000000","2024-05-25T15:07:00.332Z","buy",
"1.04600000","696.84000000","2024-05-25T15:07:00.190Z","buy",
"1.04600000","63.55000000","2024-05-25T15:07:00.185Z","buy",
"1.04600000","936.45000000","2024-05-25T15:07:00.185Z","buy",
"1.04600000","45.31000000","2024-05-25T15:07:00.178Z","buy",
"1.04600000","164.69000000","2024-05-25T15:07:00.178Z","buy",
"1.04700000","632.20000000","2024-05-25T15:07:00.159Z","buy",
"1.04700000","345.33000000","2024-05-25T15:07:00.142Z","buy",
"1.04700000","279.67000000","2024-05-25T15:07:00.142Z","buy",
"1.04700000","141.64000000","2024-05-25T15:06:09.537Z","sell",
"1.04500000","28.78000000","2024-05-25T15:04:19.298Z","buy",
"1.04500000","470.75000000","2024-05-25T15:04:19.298Z","buy",
"1.04500000","819.17000000","2024-05-25T15:04:19.298Z","buy",
"1.04500000","323.89000000","2024-05-25T15:04:19.298Z","buy",
"1.04600000","323.89000000","2024-05-25T15:04:19.298Z","buy",
"1.04700000","135.94000000","2024-05-25T15:01:25.474Z","buy",
"1.04700000","400.00000000","2024-05-25T15:01:25.414Z","buy",
"1.04700000","224.71000000","2024-05-25T14:57:38.271Z","sell",
"1.04700000","765.29000000","2024-05-25T14:57:38.271Z","sell",
"1.04700000","641.46000000","2024-05-25T14:57:38.261Z","sell",
"1.04600000","348.54000000","2024-05-25T14:57:38.261Z","sell",
"1.04600000","625.00000000","2024-05-25T14:57:38.261Z","sell",
"1.04500000","1.33000000","2024-05-25T14:54:50.576Z","sell",
"1.04500000","1946.01000000","2024-05-25T14:54:50.547Z","sell",
"1.04500000","323.89000000","2024-05-25T14:54:50.547Z","sell",
"1.04400000","718.82000000","2024-05-25T14:54:50.547Z","sell",
"1.04400000","323.89000000","2024-05-25T14:54:50.547Z","sell",
"1.04300000","323.89000000","2024-05-25T14:54:17.436Z","buy",
"1.04400000","649.23000000","2024-05-25T14:54:17.436Z","buy",
"1.04400000","114.37000000","2024-05-25T14:54:17.352Z","buy",
"1.04500000","223.66000000","2024-05-25T14:54:17.309Z","buy",
"1.04500000","625.00000000","2024-05-25T14:54:17.306Z","buy",
"1.04500000","109.20000000","2024-05-25T14:54:17.300Z","buy",
"1.04500000","290.80000000","2024-05-25T14:54:17.300Z","buy",
"1.04500000","320.00000000","2024-05-25T14:54:17.289Z","buy",
"1.04500000","320.00000000","2024-05-25T14:54:17.286Z","buy",
"1.04800000","229.80000000","2024-05-25T14:52:05.728Z","sell",
"1.04800000","1.87000000","2024-05-25T14:50:42.950Z","buy",
"1.04900000","0.95000000","2024-05-25T14:50:33.474Z","sell",
"1.04800000","0.95000000","2024-05-25T14:49:51.266Z","sell",
"1.04700000","0.95000000","2024-05-25T14:49:29.737Z","sell",
"1.04400000","830.00000000","2024-05-25T14:49:23.277Z","buy",
"1.04400000","41.68000000","2024-05-25T14:49:23.268Z","buy",
"1.04500000","494.43000000","2024-05-25T14:49:23.268Z","buy",
"1.04500000","323.89000000","2024-05-25T14:49:23.268Z","buy",
"1.04600000","541.49000000","2024-05-25T14:49:23.132Z","buy",
"1.04600000","220.00000000","2024-05-25T14:49:23.126Z","buy",
"1.04800000","400.00000000","2024-05-25T14:49:23.054Z","buy",
"1.04900000","0.95000000","2024-05-25T14:49:09.751Z","sell",
"1.04800000","0.95000000","2024-05-25T14:49:03.528Z","sell",
"1.04600000","22.17000000","2024-05-25T14:49:01.374Z","sell",
"1.04600000","0.95000000","2024-05-25T14:48:44.053Z","sell",
"1.04500000","0.95000000","2024-05-25T14:48:38.600Z","sell",
"1.04400000","0.95000000","2024-05-25T14:48:25.943Z","sell",
"1.04200000","0.95000000","2024-05-25T14:45:50.658Z","sell",
"1.03600000","279.78000000","2024-05-25T14:36:59.629Z","buy",
"1.03600000","495.17000000","2024-05-25T14:36:19.821Z","buy",
"1.03600000","462.56000000","2024-05-25T14:36:19.821Z","buy",
"1.03600000","323.89000000","2024-05-25T14:36:19.821Z","buy",
"1.03900000","85.00000000","2024-05-25T14:33:17.387Z","sell",
"1.03800000","70.14000000","2024-05-25T14:33:17.230Z","sell",
"1.03800000","168.39000000","2024-05-25T14:33:17.152Z","sell",
"1.03700000","268.56000000","2024-05-25T14:33:17.051Z","sell",
"1.03200000","15.22000000","2024-05-25T14:31:12.058Z","buy",
"1.03400000","14.44000000","2024-05-25T14:31:09.655Z","sell",
"1.03400000","0.96000000","2024-05-25T14:31:05.623Z","sell",
"1.03400000","988.15000000","2024-05-25T14:30:31.606Z","sell",
"1.03400000","21.85000000","2024-05-25T14:30:31.606Z","sell",
"1.03200000","400.00000000","2024-05-25T14:30:09.534Z","buy",
"1.03500000","625.00000000","2024-05-25T14:28:55.194Z","buy",
"1.03800000","23.12000000","2024-05-25T14:27:01.658Z","buy",
"1.04200000","7.12000000","2024-05-25T14:23:26.414Z","buy",
"1.04100000","10.71000000","2024-05-25T14:18:48.448Z","buy",
"1.04300000","191.44000000","2024-05-25T14:18:15.172Z","buy",
"1.04300000","286.30000000","2024-05-25T14:18:15.039Z","buy",
"1.04400000","266.30000000","2024-05-25T14:18:14.975Z","buy",
"1.04400000","281.97000000","2024-05-25T14:18:14.974Z","buy",
"1.04400000","283.20000000","2024-05-25T14:18:14.970Z","buy",
"1.04400000","288.80000000","2024-05-25T14:18:14.969Z","buy",
"1.04400000","285.70000000","2024-05-25T14:18:14.964Z","buy",
"1.04400000","400.00000000","2024-05-25T14:18:14.926Z","buy",
"1.04400000","625.00000000","2024-05-25T14:18:14.882Z","buy",
"1.04500000","285.70000000","2024-05-25T14:17:45.713Z","buy",
"1.04500000","271.25000000","2024-05-25T14:17:45.710Z","buy",
"1.04500000","3.68000000","2024-05-25T14:17:45.705Z","buy",
"1.04300000","17.37000000","2024-05-25T14:17:04.960Z","buy",
"1.04400000","323.89000000","2024-05-25T14:16:54.034Z","buy",
"1.04500000","160.30000000","2024-05-25T14:16:54.034Z","buy",
"1.04500000","130.27000000","2024-05-25T14:16:54.031Z","buy",
"1.04500000","999.73000000","2024-05-25T14:16:54.031Z","buy",
"1.04600000","558.26000000","2024-05-25T14:16:53.957Z","buy",
"1.04800000","293.60000000","2024-05-25T14:16:30.077Z","sell",
"1.04800000","196.75000000","2024-05-25T14:16:30.075Z","sell",
"1.04800000","90.60000000","2024-05-25T14:16:30.067Z","sell",
"1.04800000","168.30000000","2024-05-25T14:16:30.066Z","sell",
"1.04800000","185.35000000","2024-05-25T14:16:30.063Z","sell",
"1.04600000","9.33000000","2024-05-25T14:16:29.923Z","sell",
"1.04600000","13.79000000","2024-05-25T14:16:18.058Z","sell",
"1.04300000","21.99000000","2024-05-25T14:15:49.389Z","buy",
"1.04200000","50.60000000","2024-05-25T14:14:31.091Z","sell",
"1.04000000","5.86000000","2024-05-25T14:13:46.341Z","buy",
"1.04100000","193.16000000","2024-05-25T14:13:23.700Z","sell",
"1.04100000","276.84000000","2024-05-25T14:13:23.700Z","sell",
"1.04100000","490.00000000","2024-05-25T14:13:23.559Z","sell",
"1.04000000","270.85000000","2024-05-25T14:13:23.556Z","sell",
"1.04000000","200.00000000","2024-05-25T14:13:23.554Z","sell",
"1.04000000","490.00000000","2024-05-25T14:13:23.549Z","sell",
"1.03900000","5.43000000","2024-05-25T14:13:13.574Z","sell",
"1.03500000","400.00000000","2024-05-25T14:10:05.930Z","sell",
"1.03500000","158.47000000","2024-05-25T14:08:51.685Z","sell",
"1.03500000","70.84000000","2024-05-25T14:08:51.616Z","sell",
"1.03500000","133.60000000","2024-05-25T14:08:51.609Z","sell",
"1.03800000","400.00000000","2024-05-25T14:07:30.102Z","sell",
"1.03400000","96.96000000","2024-05-25T14:06:26.964Z","buy",
"1.03600000","142.23000000","2024-05-25T14:05:55.558Z","sell",
"1.03600000","197.55000000","2024-05-25T14:05:55.554Z","sell",
"1.03600000","198.06000000","2024-05-25T14:05:55.536Z","sell",
"1.03600000","166.24000000","2024-05-25T14:05:55.517Z","sell",
"1.03500000","361.81000000","2024-05-25T14:05:13.116Z","buy",
"1.03600000","259.25000000","2024-05-25T14:03:32.743Z","buy",
"1.03600000","304.52000000","2024-05-25T14:03:32.743Z","buy",
"1.03600000","19.37000000","2024-05-25T14:03:32.669Z","buy",
"1.03600000","998.83000000","2024-05-25T14:03:32.669Z","buy",
"1.03700000","209.37000000","2024-05-25T14:03:32.669Z","buy",
"1.03700000","432.43000000","2024-05-25T14:03:32.669Z","buy",
"1.03700000","340.00000000","2024-05-25T14:03:32.662Z","buy",
"1.03800000","400.00000000","2024-05-25T14:03:32.596Z","buy",
"1.03900000","980.00000000","2024-05-25T14:03:22.619Z","sell",
"1.03800000","576.98000000","2024-05-25T14:03:22.567Z","sell",
"1.03800000","400.00000000","2024-05-25T14:03:22.553Z","sell",
"1.03700000","320.00000000","2024-05-25T14:03:15.932Z","buy",
"1.03800000","243.78000000","2024-05-25T14:03:11.112Z","buy",
"1.03800000","256.22000000","2024-05-25T14:03:11.112Z","buy",
"1.03800000","240.00000000","2024-05-25T14:03:11.110Z","buy",
"1.03800000","500.00000000","2024-05-25T14:03:11.106Z","buy",
"1.04000000","320.00000000","2024-05-25T14:03:10.722Z","buy",
"1.04200000","62.84000000","2024-05-25T14:02:47.138Z","sell",
"1.04200000","540.00000000","2024-05-25T14:02:47.135Z","sell",
"1.04000000","480.38000000","2024-05-25T14:02:47.082Z","sell",
"1.04000000","86.51000000","2024-05-25T14:02:47.076Z","sell",
"1.04000000","400.00000000","2024-05-25T14:02:47.073Z","sell",
"1.04000000","400.00000000","2024-05-25T14:00:29.746Z","sell",
"1.04200000","7.23000000","2024-05-25T13:57:37.307Z","buy",
"1.04000000","1298.29000000","2024-05-25T13:56:52.423Z","sell",
"1.04000000","294.00000000","2024-05-25T13:56:52.416Z","sell",
"1.04000000","192.20000000","2024-05-25T13:56:52.406Z","sell",
"1.04000000","192.20000000","2024-05-25T13:56:52.404Z","sell",
"1.04000000","292.60000000","2024-05-25T13:56:52.400Z","sell",
"1.04000000","291.50000000","2024-05-25T13:56:52.394Z","sell",
"1.04000000","625.00000000","2024-05-25T13:56:52.392Z","sell",
"1.04000000","2162.49000000","2024-05-25T13:56:52.390Z","sell",
"1.04000000","284.90000000","2024-05-25T13:56:52.389Z","sell",
"1.04000000","291.00000000","2024-05-25T13:56:52.384Z","sell",
"1.04000000","400.00000000","2024-05-25T13:56:52.382Z","sell",
"1.04000000","192.20000000","2024-05-25T13:56:51.990Z","sell",
"1.04000000","192.20000000","2024-05-25T13:56:51.408Z","sell",
"1.04000000","192.20000000","2024-05-25T13:56:51.355Z","sell",
"1.04000000","192.20000000","2024-05-25T13:56:51.167Z","sell",
"1.04000000","227.80000000","2024-05-25T13:56:48.437Z","sell",
"1.04000000","400.00000000","2024-05-25T13:56:48.379Z","sell",
"1.04000000","2162.83000000","2024-05-25T13:56:39.831Z","sell",
"1.04000000","192.43000000","2024-05-25T13:56:39.791Z","sell",
"1.04000000","192.40000000","2024-05-25T13:56:39.749Z","sell",
"1.04000000","192.40000000","2024-05-25T13:56:39.744Z","sell",
"1.04000000","400.00000000","2024-05-25T13:56:39.736Z","sell",
"1.04000000","283.10000000","2024-05-25T13:56:39.732Z","sell",
"1.03800000","23.12000000","2024-05-25T13:54:59.353Z","buy",
"1.04000000","2162.83000000","2024-05-25T13:52:28.563Z","sell",
"1.04000000","192.08000000","2024-05-25T13:52:26.674Z","sell",
"1.04000000","528.90000000","2024-05-25T13:52:26.594Z","sell",
"1.04000000","623.51000000","2024-05-25T13:52:26.508Z","sell",
"1.04000000","494.75000000","2024-05-25T13:52:26.507Z","sell",
"1.04000000","2161.88000000","2024-05-25T13:52:26.505Z","sell",
"1.04000000","627.19000000","2024-05-25T13:52:26.503Z","sell",
"1.04000000","1270.00000000","2024-05-25T13:52:26.497Z","buy",
"1.04000000","1098.16000000","2024-05-25T13:52:26.497Z","buy",
"1.04000000","666.62000000","2024-05-25T13:52:26.497Z","buy",
"1.04000000","864.34000000","2024-05-25T13:52:26.497Z","buy",
"1.04000000","979.93000000","2024-05-25T13:52:26.497Z","buy",
"1.04000000","474.34000000","2024-05-25T13:52:26.497Z","buy",
"1.04000000","1197.83000000","2024-05-25T13:52:26.497Z","buy",
"1.04000000","192.26000000","2024-05-25T13:52:26.497Z","buy",
"1.04000000","323.89000000","2024-05-25T13:52:26.497Z","buy",
"1.04100000","432.17000000","2024-05-25T13:52:26.497Z","buy",
"1.04100000","323.89000000","2024-05-25T13:52:26.497Z","buy",
"1.04200000","400.00000000","2024-05-25T13:51:56.942Z","sell",
"1.04000000","254.01000000","2024-05-25T13:51:37.870Z","buy",
"1.04000000","323.89000000","2024-05-25T13:51:37.870Z","buy",
"1.04200000","2298.67000000","2024-05-25T13:49:54.828Z","buy",
"1.04200000","323.89000000","2024-05-25T13:49:54.828Z","buy",
"1.04400000","313.01000000","2024-05-25T13:49:22.553Z","sell",