"price","volume","time","side","orderType"
"0.25870000","21.00000000","2023-06-25T21:00:03.048Z","buy","taker"
"0.23620000","22.00000000","2023-06-25T01:10:39.650Z","sell","taker"
"0.23620000","4.00000000","2023-06-25T01:10:39.650Z","sell","taker"
"0.23620000","17.00000000","2023-06-25T00:58:38.998Z","sell","taker"
"0.22940000","185.00000000","2023-06-24T14:40:55.777Z","sell","taker"
"0.22930000","103.00000000","2023-06-24T14:40:55.777Z","sell","taker"
"0.22960000","218.00000000","2023-06-23T20:39:16.896Z","sell","taker"
"0.23150000","60.00000000","2023-06-23T20:22:03.367Z","sell","taker"
"0.22930000","41.00000000","2023-06-23T20:22:03.367Z","sell","taker"
"0.22950000","66.00000000","2023-06-23T19:47:58.134Z","sell","taker"
"0.22930000","17.00000000","2023-06-22T06:08:44.544Z","sell","taker"
"0.28400000","39.00000000","2023-06-22T06:08:33.582Z","buy","taker"
"0.28060000","258.00000000","2023-06-21T16:16:22.557Z","buy","taker"
"0.28070000","121.00000000","2023-06-21T16:16:22.557Z","buy","taker"
"0.28070000","155.00000000","2023-06-21T16:16:22.557Z","buy","taker"
"0.25000000","76.00000000","2023-06-21T10:47:50.102Z","buy","taker"
"0.25000000","30.00000000","2023-06-21T10:47:44.133Z","buy","taker"
"0.25000000","30.00000000","2023-06-21T10:47:37.475Z","buy","taker"
"0.25000000","30.00000000","2023-06-21T10:45:42.150Z","buy","taker"
"0.25000000","141.00000000","2023-06-21T10:44:28.105Z","buy","taker"
"0.25000000","28.00000000","2023-06-21T10:44:21.818Z","buy","taker"
"0.25000000","28.00000000","2023-06-21T10:44:05.470Z","buy","taker"
"0.25000000","29.00000000","2023-06-21T10:40:13.995Z","buy","taker"
"0.25000000","30.00000000","2023-06-21T10:34:59.303Z","buy","taker"
"0.25000000","32.00000000","2023-06-21T10:34:23.411Z","buy","taker"
"0.25000000","27.00000000","2023-06-21T10:28:13.896Z","buy","taker"
"0.25000000","30.00000000","2023-06-21T10:25:09.310Z","buy","taker"
"0.25000000","34.00000000","2023-06-21T10:25:09.157Z","buy","taker"
"0.25000000","155.00000000","2023-06-21T10:25:08.973Z","buy","taker"
"0.23700000","54.00000000","2023-06-20T17:51:48.970Z","buy","taker"
"0.23700000","60.00000000","2023-06-20T17:51:48.970Z","buy","taker"
"0.23700000","295.00000000","2023-06-20T16:40:56.462Z","buy","taker"
"0.23700000","85.00000000","2023-06-20T16:37:24.090Z","buy","taker"
"0.23700000","5.00000000","2023-06-18T22:04:49.147Z","buy","taker"
"0.25510000","22.00000000","2023-06-18T21:00:03.835Z","buy","taker"
"0.23000000","98.00000000","2023-06-18T18:11:20.978Z","buy","taker"
"0.23000000","22.00000000","2023-06-18T18:11:06.363Z","buy","taker"
"0.23000000","114.00000000","2023-06-18T18:11:06.109Z","buy","taker"
"0.23000000","106.00000000","2023-06-18T18:11:05.879Z","buy","taker"
"0.23000000","121.00000000","2023-06-18T18:11:05.660Z","buy","taker"
"0.23040000","112.00000000","2023-06-18T18:11:05.519Z","sell","taker"
"0.23000000","427.00000000","2023-06-18T18:11:05.519Z","sell","taker"
"0.23000000","7.00000000","2023-06-17T22:38:12.672Z","sell","taker"
"0.24580000","6.00000000","2023-06-17T21:43:28.466Z","sell","taker"
"0.23000000","2166.00000000","2023-06-16T18:26:55.367Z","buy","taker"
"0.23000000","254.00000000","2023-06-16T18:26:55.367Z","buy","taker"
"0.23000000","106.00000000","2023-06-16T18:25:59.487Z","buy","taker"
"0.23000000","106.00000000","2023-06-16T18:25:59.333Z","buy","taker"
"0.23000000","106.00000000","2023-06-16T18:25:53.397Z","buy","taker"
"0.23000000","106.00000000","2023-06-16T18:25:53.263Z","buy","taker"
"0.23000000","106.00000000","2023-06-16T18:25:50.211Z","buy","taker"
"0.23000000","106.00000000","2023-06-16T18:25:14.097Z","buy","taker"
"0.23000000","106.00000000","2023-06-16T18:25:13.912Z","buy","taker"
"0.23000000","29.00000000","2023-06-16T18:21:42.252Z","buy","taker"
"0.23000000","169.00000000","2023-06-16T18:19:31.613Z","buy","taker"
"0.23000000","85.00000000","2023-06-16T18:12:58.835Z","buy","taker"
"0.22900000","48.00000000","2023-06-16T09:50:55.731Z","buy","taker"
"0.23000000","1691.00000000","2023-06-16T09:50:55.731Z","buy","taker"
"0.21770000","6.00000000","2023-06-15T21:02:10.189Z","buy","taker"
"0.21770000","37.00000000","2023-06-15T21:02:08.166Z","buy","taker"
"0.20750000","51.00000000","2023-06-15T19:01:30.389Z","sell","taker"
"0.20760000","33.00000000","2023-06-15T13:43:43.219Z","sell","taker"
"0.20760000","50.00000000","2023-06-15T13:43:43.219Z","sell","taker"
"0.20760000","37.00000000","2023-06-15T13:43:43.219Z","sell","taker"
"0.21000000","81.00000000","2023-06-15T03:49:54.054Z","buy","taker"
"0.22880000","50.00000000","2023-06-14T19:16:11.530Z","sell","taker"
"0.22880000","56.00000000","2023-06-14T19:04:32.254Z","sell","taker"
"0.22880000","56.00000000","2023-06-14T19:04:26.993Z","sell","taker"
"0.22880000","55.00000000","2023-06-14T19:04:21.633Z","sell","taker"
"0.22880000","24.00000000","2023-06-14T15:51:52.360Z","sell","taker"
"0.22880000","48.00000000","2023-06-14T15:51:52.356Z","buy","taker"
"0.22850000","67.00000000","2023-06-14T15:36:42.058Z","sell","taker"
"0.22850000","61.00000000","2023-06-14T14:16:33.684Z","sell","taker"
"0.22000000","12.00000000","2023-06-14T14:04:00.543Z","buy","taker"
"0.22540000","38.00000000","2023-06-14T14:04:00.543Z","buy","taker"
"0.22640000","39.00000000","2023-06-14T14:04:00.543Z","buy","taker"
"0.22850000","32.00000000","2023-06-14T14:04:00.543Z","buy","taker"
"0.22000000","249.00000000","2023-06-14T12:56:53.814Z","buy","taker"
"0.22000000","486.00000000","2023-06-14T12:55:28.997Z","buy","taker"
"0.21920000","74.00000000","2023-06-14T12:53:23.896Z","buy","taker"
"0.21920000","5.00000000","2023-06-14T12:16:14.075Z","buy","taker"
"0.21920000","100.00000000","2023-06-14T11:39:15.353Z","buy","taker"
"0.17920000","199.00000000","2023-06-14T07:08:51.303Z","sell","taker"
"0.21840000","50.00000000","2023-06-14T04:56:03.171Z","buy","taker"
"0.17370000","100.00000000","2023-06-14T03:15:20.360Z","sell","taker"
"0.17370000","198.00000000","2023-06-14T03:13:32.905Z","sell","taker"
"0.17350000","540.00000000","2023-06-14T03:10:53.709Z","sell","taker"
"0.16160000","45.00000000","2023-06-13T17:56:09.657Z","sell","taker"
"0.21340000","45.00000000","2023-06-13T17:56:09.652Z","buy","taker"
"0.21510000","41.00000000","2023-06-13T17:56:09.652Z","buy","taker"
"0.21510000","7.00000000","2023-06-13T17:56:09.652Z","buy","taker"
"0.21330000","45.00000000","2023-06-13T17:14:04.053Z","buy","taker"
"0.12190000","288.00000000","2023-06-13T16:42:12.307Z","sell","taker"
"0.20000000","186.00000000","2023-06-13T02:51:33.146Z","buy","taker"
"0.20010000","45.00000000","2023-06-13T02:49:51.477Z","sell","taker"
"0.20000000","174.00000000","2023-06-13T02:38:54.103Z","buy","taker"
"0.20000000","68.00000000","2023-06-12T20:23:06.437Z","buy","taker"
"0.20000000","586.00000000","2023-06-12T20:22:56.155Z","buy","taker"
"0.21920000","327.00000000","2023-06-12T14:22:51.299Z","buy","taker"
"0.21870000","58.00000000","2023-06-12T14:22:41.697Z","sell","taker"
"0.21870000","58.00000000","2023-06-12T14:22:31.066Z","sell","taker"
"0.21870000","128.00000000","2023-06-12T14:22:07.957Z","buy","taker"
"0.19740000","67.00000000","2023-06-12T13:13:27.885Z","buy","taker"
"0.19740000","51.00000000","2023-06-12T13:13:24.401Z","buy","taker"
"0.19740000","51.00000000","2023-06-12T13:13:12.312Z","buy","taker"
"0.19740000","27.00000000","2023-06-12T13:13:07.299Z","buy","taker"
"0.19760000","51.00000000","2023-06-12T13:13:00.728Z","sell","taker"
"0.19740000","6.00000000","2023-06-12T08:03:13.562Z","sell","taker"
"0.21450000","50.00000000","2023-06-12T04:19:30.793Z","buy","taker"
"0.21450000","66.00000000","2023-06-12T04:19:30.793Z","buy","taker"
"0.21550000","196.00000000","2023-06-12T03:19:24.845Z","buy","taker"
"0.19760000","41.00000000","2023-06-12T02:22:39.596Z","sell","taker"
"0.21780000","25.00000000","2023-06-11T21:00:03.113Z","buy","taker"
"0.19180000","44.00000000","2023-06-11T18:02:39.277Z","sell","taker"
"0.20880000","17.00000000","2023-06-11T17:05:44.105Z","buy","taker"
"0.21340000","43.00000000","2023-06-11T15:15:09.376Z","buy","taker"
"0.22140000","2.00000000","2023-06-11T15:15:09.376Z","buy","taker"
"0.20500000","72.00000000","2023-06-11T01:57:43.364Z","buy","taker"
"0.20500000","122.00000000","2023-06-11T01:55:33.716Z","buy","taker"
"0.20500000","36.00000000","2023-06-11T01:09:20.029Z","buy","taker"
"0.20500000","35.00000000","2023-06-11T00:52:40.351Z","buy","taker"
"0.20500000","124.00000000","2023-06-11T00:52:40.108Z","buy","taker"
"0.18480000","96.00000000","2023-06-11T00:10:30.291Z","sell","taker"
"0.18660000","268.00000000","2023-06-11T00:07:33.034Z","sell","taker"
"0.18650000","141.00000000","2023-06-11T00:07:33.034Z","sell","taker"
"0.18470000","3336.00000000","2023-06-11T00:07:33.034Z","sell","taker"
"0.20500000","24.00000000","2023-06-10T22:04:19.388Z","buy","taker"
"0.18320000","141.00000000","2023-06-10T20:40:02.161Z","buy","taker"
"0.19100000","91.00000000","2023-06-10T20:39:48.142Z","sell","taker"
"0.18320000","25.00000000","2023-06-10T18:35:34.338Z","sell","taker"
"0.20500000","259.00000000","2023-06-10T18:25:41.036Z","buy","taker"
"0.20440000","127.00000000","2023-06-10T18:17:24.053Z","buy","taker"
"0.20450000","148.00000000","2023-06-10T18:17:24.053Z","buy","taker"
"0.20500000","11.00000000","2023-06-10T18:17:24.053Z","buy","taker"
"0.20430000","150.00000000","2023-06-10T17:44:55.354Z","buy","taker"
"0.20330000","201.00000000","2023-06-10T16:56:32.495Z","buy","taker"
"0.20330000","39.00000000","2023-06-10T16:56:32.495Z","buy","taker"
"0.20350000","32.00000000","2023-06-10T16:56:32.495Z","buy","taker"
"0.20450000","705.00000000","2023-06-10T16:56:32.495Z","buy","taker"
"0.20450000","89.00000000","2023-06-10T16:13:34.742Z","buy","taker"
"0.20450000","144.00000000","2023-06-10T16:13:34.742Z","buy","taker"
"0.20460000","96.00000000","2023-06-10T16:08:57.906Z","buy","taker"
"0.20730000","289.00000000","2023-06-10T15:43:12.825Z","sell","taker"
"0.20730000","141.00000000","2023-06-10T15:42:33.464Z","sell","taker"
"0.20730000","16.00000000","2023-06-10T15:42:33.464Z","sell","taker"
"0.20730000","55.00000000","2023-06-10T15:42:33.464Z","sell","taker"
"0.19720000","36.00000000","2023-06-10T15:42:33.460Z","buy","taker"
"0.20730000","29.00000000","2023-06-10T15:33:43.450Z","buy","taker"
"0.13010000","32.00000000","2023-06-10T14:52:22.042Z","sell","taker"
"0.13010000","36.00000000","2023-06-10T14:52:22.039Z","sell","taker"
"0.18960000","264.00000000","2023-06-10T05:48:16.999Z","sell","taker"
"0.18960000","85.00000000","2023-06-10T05:48:16.999Z","sell","taker"
"0.18960000","115.00000000","2023-06-10T05:48:16.999Z","sell","taker"
"0.18950000","16.00000000","2023-06-10T05:48:16.999Z","sell","taker"
"0.22820000","44.00000000","2023-06-10T01:05:20.505Z","buy","taker"
"0.22940000","4.00000000","2023-06-10T00:26:05.800Z","buy","taker"
"0.22960000","7.00000000","2023-06-09T23:51:53.482Z","buy","taker"
"0.23790000","60.00000000","2023-06-09T19:22:02.624Z","buy","taker"
"0.18500000","63.00000000","2023-06-09T19:22:02.621Z","sell","taker"
"0.18500000","63.00000000","2023-06-09T19:22:02.620Z","sell","taker"
"0.21010000","60.00000000","2023-06-09T19:22:02.619Z","sell","taker"
"0.20000000","42.00000000","2023-06-09T17:22:07.190Z","sell","taker"
"0.20000000","114.00000000","2023-06-09T17:22:07.173Z","buy","taker"
"0.09310000","235.00000000","2023-06-09T17:17:43.782Z","sell","taker"
"0.09370000","268.00000000","2023-06-09T17:17:41.690Z","buy","taker"
"0.09370000","306.00000000","2023-06-09T17:17:41.685Z","sell","taker"
"0.23810000","35.00000000","2023-06-09T16:42:26.371Z","buy","taker"
"0.11100000","417.00000000","2023-06-09T16:42:26.368Z","buy","taker"
"0.11100000","233.00000000","2023-06-09T16:42:26.368Z","buy","taker"
"0.22470000","7.00000000","2023-06-09T15:31:59.478Z","sell","taker"
"0.23120000","222.00000000","2023-06-09T14:25:30.413Z","buy","taker"
"0.23120000","42.00000000","2023-06-09T14:24:52.619Z","buy","taker"
"0.23120000","60.00000000","2023-06-09T14:19:45.905Z","buy","taker"
"0.23120000","185.00000000","2023-06-09T14:05:13.857Z","buy","taker"
"0.23120000","525.00000000","2023-06-09T14:04:23.030Z","buy","taker"
"0.22470000","523.00000000","2023-06-09T14:04:09.093Z","buy","taker"
"0.21840000","72.00000000","2023-06-09T13:59:23.201Z","sell","taker"
"0.21530000","182.00000000","2023-06-09T13:59:23.201Z","sell","taker"
"0.21120000","84.00000000","2023-06-09T13:59:23.201Z","sell","taker"
"0.20710000","73.00000000","2023-06-09T13:59:23.201Z","sell","taker"
"0.09010000","223.00000000","2023-06-09T13:59:23.201Z","sell","taker"
"0.22940000","82.00000000","2023-06-09T13:59:19.915Z","buy","taker"
"0.21900000","205.00000000","2023-06-09T13:58:00.647Z","buy","taker"
"0.21900000","1095.00000000","2023-06-09T13:55:24.235Z","buy","taker"
"0.21900000","53.00000000","2023-06-09T13:54:36.376Z","buy","taker"
"0.21900000","154.00000000","2023-06-09T13:53:54.456Z","buy","taker"
"0.21900000","42.00000000","2023-06-09T13:40:28.930Z","buy","taker"
"0.21900000","27.00000000","2023-06-09T13:25:14.472Z","buy","taker"
"0.21900000","61.00000000","2023-06-09T13:14:52.941Z","sell","taker"
"0.22400000","13.00000000","2023-06-09T12:26:56.999Z","sell","taker"
"0.22330000","140.00000000","2023-06-09T12:26:56.999Z","sell","taker"
"0.21900000","17.00000000","2023-06-09T12:26:56.999Z","sell","taker"
"0.22850000","110.00000000","2023-06-09T12:24:48.600Z","sell","taker"
"0.22860000","87.00000000","2023-06-09T12:21:09.755Z","sell","taker"
"0.22860000","35.00000000","2023-06-09T10:41:35.329Z","sell","taker"
"0.22860000","20.00000000","2023-06-09T10:41:35.329Z","sell","taker"
"0.22860000","55.00000000","2023-06-09T10:41:07.944Z","sell","taker"
"0.23210000","87.00000000","2023-06-09T08:22:25.059Z","sell","taker"
"0.22400000","13.00000000","2023-06-09T08:22:25.059Z","sell","taker"
"0.23540000","68.00000000","2023-06-09T07:13:11.923Z","buy","taker"
"0.23000000","18.00000000","2023-06-09T07:12:18.725Z","buy","taker"
"0.20000000","40.00000000","2023-06-09T07:08:00.226Z","buy","taker"
"0.20000000","68.00000000","2023-06-09T07:08:00.012Z","buy","taker"
"0.22920000","95.00000000","2023-06-09T07:07:59.307Z","sell","taker"
"0.22920000","52.00000000","2023-06-09T07:07:59.307Z","sell","taker"
"0.22910000","62.00000000","2023-06-09T07:07:59.307Z","sell","taker"
"0.22570000","72.00000000","2023-06-09T07:07:59.307Z","sell","taker"
"0.21650000","64.00000000","2023-06-09T07:07:59.307Z","sell","taker"
"0.21970000","279.00000000","2023-06-09T06:43:44.661Z","buy","taker"
"0.22090000","32.00000000","2023-06-09T06:43:36.734Z","sell","taker"
"0.21980000","32.00000000","2023-06-09T06:43:35.944Z","buy","taker"
"0.21980000","32.00000000","2023-06-09T06:43:35.944Z","buy","taker"
"0.21980000","32.00000000","2023-06-09T06:43:35.944Z","buy","taker"
"0.21980000","32.00000000","2023-06-09T06:43:35.944Z","buy","taker"
"0.22520000","229.00000000","2023-06-09T06:43:35.169Z","sell","taker"
"0.22510000","56.00000000","2023-06-09T06:43:35.169Z","sell","taker"
"0.18310000","150.00000000","2023-06-09T06:43:35.169Z","sell","taker"
"0.12170000","161.00000000","2023-06-09T06:43:35.169Z","sell","taker"
"0.11000000","455.00000000","2023-06-09T06:43:35.169Z","sell","taker"
"0.07750000","453.00000000","2023-06-09T06:43:35.169Z","sell","taker"
"0.22910000","52.00000000","2023-06-09T06:43:16.840Z","sell","taker"
"0.21110000","47.00000000","2023-06-09T06:43:16.840Z","sell","taker"
"0.20930000","97.00000000","2023-06-09T06:43:16.840Z","sell","taker"
"0.12170000","3.00000000","2023-06-09T06:43:16.840Z","sell","taker"
"0.23000000","170.00000000","2023-06-09T06:20:11.576Z","buy","taker"
"0.23000000","50.00000000","2023-06-09T06:05:35.123Z","buy","taker"
"0.23000000","169.00000000","2023-06-09T05:55:47.641Z","buy","taker"
"0.23000000","101.00000000","2023-06-09T05:50:47.137Z","buy","taker"
"0.23000000","170.00000000","2023-06-09T05:46:36.414Z","buy","taker"
"0.23000000","169.00000000","2023-06-09T05:43:32.075Z","buy","taker"
"0.23000000","529.00000000","2023-06-09T05:41:55.066Z","buy","taker"
"0.23000000","75.00000000","2023-06-09T05:41:48.296Z","buy","taker"
"0.23000000","104.00000000","2023-06-09T05:41:48.146Z","buy","taker"
"0.23390000","26.00000000","2023-06-09T05:41:30.034Z","sell","taker"
"0.23380000","58.00000000","2023-06-09T05:41:30.034Z","sell","taker"
"0.23290000","49.00000000","2023-06-09T05:41:30.034Z","sell","taker"
"0.23160000","67.00000000","2023-06-09T05:41:30.034Z","sell","taker"
"0.23540000","31.00000000","2023-06-09T04:10:31.610Z","sell","taker"
"0.23660000","46.00000000","2023-06-09T03:42:29.224Z","sell","taker"
"0.23630000","11.00000000","2023-06-09T03:42:29.224Z","sell","taker"
"0.23620000","28.00000000","2023-06-09T03:42:29.224Z","sell","taker"
"0.23560000","28.00000000","2023-06-09T03:42:29.224Z","sell","taker"
"0.23550000","64.00000000","2023-06-09T03:42:29.224Z","sell","taker"
"0.23540000","11.00000000","2023-06-09T03:42:29.224Z","sell","taker"
"0.23670000","28.00000000","2023-06-09T03:41:00.155Z","sell","taker"
"0.23670000","34.00000000","2023-06-09T03:36:46.532Z","sell","taker"
"0.24060000","74.00000000","2023-06-08T17:40:35.224Z","sell","taker"
"0.24060000","103.00000000","2023-06-08T17:40:26.760Z","sell","taker"
"0.24060000","102.00000000","2023-06-08T14:31:39.837Z","sell","taker"
"0.23810000","186.00000000","2023-06-08T08:36:12.011Z","buy","taker"
"0.23820000","31.00000000","2023-06-08T06:47:16.341Z","sell","taker"
"0.24000000","16.00000000","2023-06-08T06:31:00.689Z","sell","taker"
"0.23860000","44.00000000","2023-06-08T06:31:00.689Z","sell","taker"
"0.23850000","41.00000000","2023-06-08T06:31:00.689Z","sell","taker"
"0.23820000","23.00000000","2023-06-08T06:31:00.689Z","sell","taker"
"0.24000000","27.00000000","2023-06-08T06:27:07.326Z","sell","taker"
"0.24850000","54.00000000","2023-06-08T00:38:50.503Z","sell","taker"
"0.24850000","28.00000000","2023-06-08T00:38:45.039Z","sell","taker"
"0.24790000","27.00000000","2023-06-07T23:56:37.348Z","buy","taker"
"0.24850000","11.00000000","2023-06-07T23:56:37.348Z","buy","taker"
"0.24660000","25.00000000","2023-06-07T23:56:37.347Z","buy","taker"
"0.24600000","8.00000000","2023-06-07T21:09:14.653Z","buy","taker"
"0.24600000","3.00000000","2023-06-07T21:09:14.653Z","buy","taker"
"0.24600000","8.00000000","2023-06-07T21:09:14.652Z","buy","taker"
"0.24600000","8.00000000","2023-06-07T21:09:14.652Z","buy","taker"
"0.24430000","20.00000000","2023-06-07T21:08:18.553Z","sell","taker"
"0.24330000","40.00000000","2023-06-07T21:08:18.553Z","sell","taker"
"0.24210000","51.00000000","2023-06-07T21:08:18.553Z","sell","taker"
"0.24170000","74.00000000","2023-06-07T21:08:18.553Z","sell","taker"
"0.24120000","58.00000000","2023-06-07T21:08:18.553Z","sell","taker"
"0.24000000","155.00000000","2023-06-07T21:08:18.553Z","sell","taker"
"0.23870000","49.00000000","2023-06-07T21:08:18.553Z","sell","taker"
"0.23870000","49.00000000","2023-06-07T21:08:18.553Z","sell","taker"
"0.23870000","49.00000000","2023-06-07T21:08:18.553Z","sell","taker"
"0.23870000","49.00000000","2023-06-07T21:08:18.553Z","sell","taker"
"0.23860000","5.00000000","2023-06-07T21:08:18.553Z","sell","taker"
"0.24430000","51.00000000","2023-06-07T21:02:58.434Z","sell","taker"
"0.24430000","53.00000000","2023-06-07T20:31:37.206Z","sell","taker"
"0.24430000","40.00000000","2023-06-07T20:23:43.201Z","sell","taker"
"0.24430000","12.00000000","2023-06-07T20:21:25.448Z","sell","taker"
"0.24440000","101.00000000","2023-06-07T19:35:12.216Z","sell","taker"
"0.24430000","99.00000000","2023-06-07T19:35:12.216Z","sell","taker"
"0.25180000","62.00000000","2023-06-07T19:29:53.440Z","sell","taker"
"0.24800000","244.00000000","2023-06-07T19:29:53.440Z","sell","taker"
"0.24730000","122.00000000","2023-06-07T19:29:53.440Z","sell","taker"
"0.24640000","38.00000000","2023-06-07T19:29:53.440Z","sell","taker"
"0.24580000","48.00000000","2023-06-07T19:29:53.440Z","sell","taker"
"0.24500000","54.00000000","2023-06-07T19:29:53.440Z","sell","taker"
"0.24170000","8.00000000","2023-06-07T19:29:53.440Z","sell","taker"
"0.25180000","102.00000000","2023-06-07T19:11:46.946Z","sell","taker"
"0.25180000","51.00000000","2023-06-07T19:05:26.772Z","sell","taker"
"0.25180000","51.00000000","2023-06-07T19:00:59.430Z","sell","taker"
"0.26150000","96.00000000","2023-06-07T13:35:30.380Z","buy","taker"
"0.26150000","77.00000000","2023-06-07T11:12:20.513Z","buy","taker"
"0.25740000","10204.00000000","2023-06-07T07:12:28.731Z","buy","taker"
"0.25750000","265.00000000","2023-06-07T07:12:28.731Z","buy","taker"
"0.25500000","59.00000000","2023-06-07T07:03:23.214Z","sell","taker"
"0.24940000","36.00000000","2023-06-07T07:03:23.214Z","sell","taker"
"0.24910000","45.00000000","2023-06-07T07:03:23.214Z","sell","taker"
"0.24800000","26.00000000","2023-06-07T07:03:23.214Z","sell","taker"
"0.25740000","20.00000000","2023-06-07T05:43:37.118Z","buy","taker"
"0.24950000","23.00000000","2023-06-07T01:23:46.412Z","sell","taker"
"0.25680000","21.00000000","2023-06-07T00:59:58.621Z","sell","taker"
"0.25740000","581.00000000","2023-06-06T23:41:14.716Z","buy","taker"
"0.25740000","581.00000000","2023-06-06T23:40:52.839Z","buy","taker"
"0.25370000","218.00000000","2023-06-06T23:40:27.210Z","buy","taker"
"0.25370000","52.00000000","2023-06-06T23:27:23.002Z","buy","taker"
"0.25030000","103.00000000","2023-06-06T23:26:26.146Z","sell","taker"
"0.25030000","23.00000000","2023-06-06T23:26:26.146Z","sell","taker"
"0.25240000","40.00000000","2023-06-06T23:11:46.745Z","sell","taker"
"0.25230000","34.00000000","2023-06-06T23:11:46.745Z","sell","taker"
"0.25220000","42.00000000","2023-06-06T23:11:46.745Z","sell","taker"
"0.24840000","51.00000000","2023-06-06T23:11:46.745Z","sell","taker"
"0.24800000","270.00000000","2023-06-06T23:11:46.745Z","sell","taker"
"0.24370000","54.00000000","2023-06-06T23:11:46.745Z","sell","taker"
"0.24000000","345.00000000","2023-06-06T23:11:46.745Z","sell","taker"
"0.25000000","28.00000000","2023-06-06T23:01:40.981Z","buy","taker"
"0.25000000","32.00000000","2023-06-06T23:01:40.980Z","buy","taker"
"0.25500000","10.00000000","2023-06-06T23:01:40.976Z","sell","taker"
"0.25500000","32.00000000","2023-06-06T23:01:40.976Z","sell","taker"
"0.25130000","48.00000000","2023-06-06T23:01:40.976Z","sell","taker"
"0.25500000","30.00000000","2023-06-06T22:14:44.697Z","sell","taker"
"0.25740000","47.00000000","2023-06-06T22:02:31.531Z","buy","taker"
"0.25740000","78.00000000","2023-06-06T22:02:13.925Z","buy","taker"
"0.25370000","76.00000000","2023-06-06T22:01:35.514Z","buy","taker"
"0.25370000","39.00000000","2023-06-06T22:01:00.780Z","buy","taker"
"0.25370000","154.00000000","2023-06-06T22:00:31.224Z","buy","taker"
"0.24380000","19.00000000","2023-06-06T21:40:34.792Z","sell","taker"
"0.24380000","11511.00000000","2023-06-06T21:40:34.792Z","sell","taker"
"0.24630000","150.00000000","2023-06-06T21:40:26.881Z","sell","taker"
"0.24800000","270.00000000","2023-06-06T21:40:21.502Z","sell","taker"
"0.24800000","87.00000000","2023-06-06T21:40:21.502Z","sell","taker"
"0.24850000","53.00000000","2023-06-06T21:39:15.894Z","sell","taker"
"0.25180000","266.00000000","2023-06-06T21:39:06.907Z","sell","taker"
"0.25600000","23.00000000","2023-06-06T21:39:02.911Z","sell","taker"
"0.25320000","49.00000000","2023-06-06T18:33:48.131Z","sell","taker"
"0.25570000","262.00000000","2023-06-06T18:33:44.191Z","sell","taker"
"0.25890000","52.00000000","2023-06-06T18:12:53.569Z","buy","taker"
"0.26150000","261.00000000","2023-06-06T18:12:53.569Z","buy","taker"
"0.25880000","116.00000000","2023-06-06T18:12:39.676Z","buy","taker"
"0.25700000","117.00000000","2023-06-06T18:12:31.110Z","buy","taker"
"0.25750000","266.00000000","2023-06-06T18:12:31.110Z","buy","taker"
"0.25390000","19.00000000","2023-06-06T18:10:02.313Z","buy","taker"
"0.24970000","5.00000000","2023-06-06T15:43:48.274Z","buy","taker"
"0.24970000","49.00000000","2023-06-06T14:05:38.238Z","buy","taker"
"0.24630000","54.00000000","2023-06-06T13:41:32.063Z","sell","taker"
"0.24780000","5.00000000","2023-06-06T13:37:59.522Z","sell","taker"
"0.24780000","400.00000000","2023-06-06T13:37:59.211Z","sell","taker"
"0.24780000","404.00000000","2023-06-06T13:37:58.156Z","sell","taker"
"0.24780000","400.00000000","2023-06-06T13:37:57.723Z","sell","taker"
"0.24780000","404.00000000","2023-06-06T13:37:57.053Z","sell","taker"
"0.24780000","403.00000000","2023-06-06T13:37:56.029Z","sell","taker"
"0.24780000","403.00000000","2023-06-06T13:37:54.061Z","sell","taker"
"0.24780000","1.00000000","2023-06-06T13:37:54.061Z","sell","taker"
"0.24780000","404.00000000","2023-06-06T13:37:53.039Z","sell","taker"
"0.24780000","404.00000000","2023-06-06T13:37:51.525Z","sell","taker"
"0.24780000","403.00000000","2023-06-06T13:37:50.501Z","sell","taker"
"0.24780000","403.00000000","2023-06-06T13:37:49.084Z","sell","taker"
"0.25510000","392.00000000","2023-06-06T03:24:49.554Z","buy","taker"
"0.25540000","39.00000000","2023-06-06T03:24:49.554Z","buy","taker"
"0.25180000","266.00000000","2023-06-06T01:07:14.536Z","sell","taker"
"0.25750000","264.00000000","2023-06-05T23:43:42.342Z","buy","taker"
"0.25630000","122.00000000","2023-06-05T23:41:33.274Z","sell","taker"
"0.25660000","53.00000000","2023-06-05T23:41:04.042Z","buy","taker"
"0.25410000","53.00000000","2023-06-05T23:35:39.612Z","buy","taker"
"0.24960000","741.00000000","2023-06-05T23:35:10.189Z","buy","taker"
"0.24960000","399.00000000","2023-06-05T23:35:09.323Z","buy","taker"
"0.24960000","399.00000000","2023-06-05T23:35:08.156Z","buy","taker"
"0.24960000","399.00000000","2023-06-05T23:35:06.707Z","buy","taker"
"0.24960000","398.00000000","2023-06-05T23:35:05.435Z","buy","taker"
"0.24960000","399.00000000","2023-06-05T23:35:04.194Z","buy","taker"
"0.24960000","399.00000000","2023-06-05T23:35:03.128Z","buy","taker"
"0.24960000","399.00000000","2023-06-05T23:35:01.781Z","buy","taker"
"0.24960000","398.00000000","2023-06-05T23:35:00.434Z","buy","taker"
"0.24960000","398.00000000","2023-06-05T23:34:59.373Z","buy","taker"
"0.24960000","800.00000000","2023-06-05T23:34:59.372Z","buy","taker"
"0.24870000","44.00000000","2023-06-05T23:34:39.262Z","buy","taker"
"0.24880000","48.00000000","2023-06-05T23:34:39.262Z","buy","taker"
"0.24890000","48.00000000","2023-06-05T23:34:39.262Z","buy","taker"
"0.24960000","399.00000000","2023-06-05T23:34:39.262Z","buy","taker"
"0.24530000","41.00000000","2023-06-05T23:15:03.893Z","sell","taker"
"0.24530000","261.00000000","2023-06-05T23:15:03.893Z","sell","taker"
"0.24760000","81.00000000","2023-06-05T23:13:56.783Z","buy","taker"
"0.24660000","55.00000000","2023-06-05T22:45:43.757Z","sell","taker"
"0.24600000","94.00000000","2023-06-05T21:12:39.901Z","buy","taker"
"0.24600000","404.00000000","2023-06-05T21:12:39.899Z","buy","taker"
"0.24850000","48.00000000","2023-06-05T19:31:44.680Z","buy","taker"
"0.24860000","48.00000000","2023-06-05T19:31:44.680Z","buy","taker"
"0.24870000","4.00000000","2023-06-05T19:31:44.680Z","buy","taker"
"0.24960000","400.00000000","2023-06-05T18:58:47.167Z","buy","taker"
"0.24960000","400.00000000","2023-06-05T18:58:46.124Z","buy","taker"
"0.24750000","281.00000000","2023-06-05T17:26:03.928Z","buy","taker"
"0.24750000","403.00000000","2023-06-05T17:26:02.841Z","buy","taker"
"0.24750000","403.00000000","2023-06-05T17:26:00.218Z","buy","taker"
"0.24750000","403.00000000","2023-06-05T17:25:56.156Z","buy","taker"
"0.24750000","403.00000000","2023-06-05T17:25:54.134Z","buy","taker"
"0.24750000","403.00000000","2023-06-05T17:25:52.699Z","buy","taker"
"0.24750000","403.00000000","2023-06-05T17:25:51.154Z","buy","taker"
"0.24750000","403.00000000","2023-06-05T17:25:48.156Z","buy","taker"
"0.24750000","403.00000000","2023-06-05T17:25:47.136Z","buy","taker"
"0.24750000","403.00000000","2023-06-05T17:25:45.527Z","buy","taker"
"0.24750000","404.00000000","2023-06-05T17:25:36.044Z","buy","taker"
"0.24750000","403.00000000","2023-06-05T17:25:34.286Z","buy","taker"
"0.24750000","403.00000000","2023-06-05T17:25:33.147Z","buy","taker"
"0.24750000","404.00000000","2023-06-05T17:25:30.728Z","buy","taker"
"0.24750000","403.00000000","2023-06-05T17:25:22.645Z","buy","taker"
"0.24750000","403.00000000","2023-06-05T17:25:13.249Z","sell","taker"
"0.25060000","61.00000000","2023-06-05T17:13:55.493Z","sell","taker"
"0.25060000","398.00000000","2023-06-05T17:08:58.570Z","sell","taker"
"0.25050000","525.00000000","2023-06-05T17:08:58.570Z","sell","taker"
"0.25060000","398.00000000","2023-06-05T16:53:12.927Z","sell","taker"
"0.25050000","314.00000000","2023-06-05T16:53:12.927Z","sell","taker"
"0.25150000","10.00000000","2023-06-05T16:47:23.051Z","sell","taker"
"0.25090000","398.00000000","2023-06-05T16:47:23.051Z","sell","taker"
"0.25000000","702.00000000","2023-06-05T16:47:23.051Z","sell","taker"
"0.25150000","266.00000000","2023-06-05T16:15:38.694Z","buy","taker"
"0.24860000","32.00000000","2023-06-05T16:06:16.277Z","sell","taker"
"0.24940000","47.00000000","2023-06-05T16:06:06.145Z","sell","taker"
"0.25000000","40.00000000","2023-06-05T16:05:04.049Z","sell","taker"
"0.25000000","200.00000000","2023-06-05T16:05:02.808Z","sell","taker"
"0.25000000","200.00000000","2023-06-05T16:05:02.808Z","sell","taker"
"0.25000000","400.00000000","2023-06-05T16:05:01.385Z","sell","taker"
"0.25000000","400.00000000","2023-06-05T16:05:00.157Z","sell","taker"
"0.25000000","400.00000000","2023-06-05T16:04:57.281Z","sell","taker"
"0.25060000","48.00000000","2023-06-05T16:04:49.172Z","sell","taker"
"0.25080000","49.00000000","2023-06-05T16:04:42.360Z","sell","taker"
"0.25570000","4.00000000","2023-06-05T16:02:39.668Z","buy","taker"
"0.25570000","262.00000000","2023-06-05T16:02:15.190Z","sell","taker"
"0.26020000","96.00000000","2023-06-05T15:45:13.278Z","sell","taker"
"0.26150000","382.00000000","2023-06-05T15:28:39.394Z","buy","taker"
"0.26150000","382.00000000","2023-06-05T15:28:22.290Z","buy","taker"
"0.26150000","262.00000000","2023-06-05T14:59:10.186Z","buy","taker"
"0.25600000","5.00000000","2023-06-05T12:49:50.006Z","sell","taker"
"0.25570000","262.00000000","2023-06-05T12:36:47.257Z","sell","taker"
"0.25570000","19.00000000","2023-06-05T12:36:47.257Z","sell","taker"
"0.25790000","282.00000000","2023-06-05T12:03:50.054Z","buy","taker"
"0.25720000","33.00000000","2023-06-05T10:39:21.022Z","sell","taker"
"0.25720000","388.00000000","2023-06-05T10:39:17.328Z","sell","taker"
"0.25720000","388.00000000","2023-06-05T10:39:15.134Z","sell","taker"
"0.25720000","388.00000000","2023-06-05T10:36:06.156Z","sell","taker"
"0.25720000","388.00000000","2023-06-05T10:33:48.041Z","sell","taker"
"0.25720000","388.00000000","2023-06-05T10:32:11.436Z","sell","taker"
"0.25720000","388.00000000","2023-06-05T10:29:28.588Z","sell","taker"
"0.25720000","388.00000000","2023-06-05T10:28:30.165Z","sell","taker"
"0.25720000","388.00000000","2023-06-05T10:28:26.161Z","sell","taker"
"0.25720000","388.00000000","2023-06-05T10:28:22.165Z","sell","taker"
"0.25940000","6.00000000","2023-06-05T01:40:53.764Z","buy","taker"
"0.25720000","388.00000000","2023-06-04T21:46:29.847Z","sell","taker"
"0.25720000","388.00000000","2023-06-04T21:46:27.129Z","sell","taker"
"0.25720000","388.00000000","2023-06-04T21:46:24.151Z","sell","taker"
"0.25720000","389.00000000","2023-06-04T21:46:23.127Z","sell","taker"
"0.25720000","388.00000000","2023-06-04T21:46:22.054Z","sell","taker"
"0.25720000","389.00000000","2023-06-04T21:46:20.525Z","sell","taker"
"0.25720000","388.00000000","2023-06-04T21:46:19.401Z","sell","taker"
"0.25720000","388.00000000","2023-06-04T21:45:17.157Z","sell","taker"
"0.25720000","388.00000000","2023-06-04T21:44:50.108Z","sell","taker"
"0.25720000","388.00000000","2023-06-04T21:44:43.155Z","sell","taker"
"0.25720000","388.00000000","2023-06-04T21:44:42.062Z","sell","taker"
"0.25720000","388.00000000","2023-06-04T21:44:10.438Z","sell","taker"
"0.25720000","389.00000000","2023-06-04T21:42:07.194Z","sell","taker"
"0.25720000","389.00000000","2023-06-04T21:40:47.282Z","sell","taker"
"0.25720000","388.00000000","2023-06-04T21:40:38.850Z","sell","taker"
"0.25850000","19.00000000","2023-06-04T21:00:03.466Z","buy","taker"
"0.25890000","173.00000000","2023-06-04T20:41:59.155Z","sell","taker"
"0.25890000","386.00000000","2023-06-04T20:41:58.035Z","sell","taker"
"0.25890000","366.00000000","2023-06-04T20:41:56.703Z","buy","taker"
"0.25890000","20.00000000","2023-06-04T20:12:43.768Z","buy","taker"
"0.25720000","388.00000000","2023-06-04T18:20:45.657Z","sell","taker"
"0.25720000","388.00000000","2023-06-04T18:18:22.784Z","sell","taker"
"0.25720000","388.00000000","2023-06-04T18:16:46.605Z","sell","taker"
"0.25720000","388.00000000","2023-06-04T18:16:29.658Z","sell","taker"
"0.25720000","388.00000000","2023-06-04T18:16:17.899Z","sell","taker"
"0.25730000","14.00000000","2023-06-04T18:14:03.613Z","sell","taker"
"0.25720000","375.00000000","2023-06-04T18:14:03.613Z","sell","taker"
"0.25840000","5.00000000","2023-06-04T18:08:10.843Z","sell","taker"
"0.26550000","4.00000000","2023-06-04T14:34:33.534Z","buy","taker"
"0.26550000","75.00000000","2023-06-04T13:40:28.053Z","buy","taker"
"0.26320000","379.00000000","2023-06-04T09:52:43.985Z","sell","taker"
"0.26240000","762.00000000","2023-06-04T09:52:43.985Z","sell","taker"
"0.26110000","1340.00000000","2023-06-04T09:52:43.985Z","sell","taker"
"0.26030000","26.00000000","2023-06-04T09:52:43.985Z","sell","taker"
"0.26020000","12.00000000","2023-06-04T09:52:43.985Z","sell","taker"
"0.25840000","55.00000000","2023-06-04T09:52:43.985Z","sell","taker"
"0.25840000","55.00000000","2023-06-04T09:52:43.985Z","sell","taker"
"0.25840000","371.00000000","2023-06-04T09:52:43.985Z","sell","taker"
"0.26320000","600.00000000","2023-06-04T06:37:49.650Z","sell","taker"
"0.26320000","379.00000000","2023-06-04T06:37:49.650Z","sell","taker"
"0.26300000","16.00000000","2023-06-04T06:37:49.650Z","sell","taker"
"0.26240000","761.00000000","2023-06-04T06:37:49.650Z","sell","taker"
"0.26230000","60.00000000","2023-06-04T06:37:49.650Z","sell","taker"
"0.26110000","163.00000000","2023-06-04T06:37:49.650Z","sell","taker"
"0.26310000","202.00000000","2023-06-04T05:40:33.497Z","buy","taker"
"0.26310000","380.00000000","2023-06-04T05:40:32.389Z","sell","taker"
"0.26430000","378.00000000","2023-06-04T00:56:53.710Z","buy","taker"
"0.26490000","385.00000000","2023-06-04T00:56:53.710Z","buy","taker"
"0.26500000","737.00000000","2023-06-04T00:56:53.710Z","buy","taker"
"0.25920000","20.00000000","2023-06-04T00:43:45.560Z","sell","taker"
"0.25920000","385.00000000","2023-06-04T00:30:16.975Z","sell","taker"
"0.25910000","771.00000000","2023-06-04T00:30:16.975Z","sell","taker"
"0.25900000","1166.00000000","2023-06-04T00:30:16.975Z","sell","taker"