"price","volume","timestamp","type"
"11.35","9.14397","2024-05-26T18:08:33.583Z","ask"
"11.351","242.305139","2024-05-26T18:08:33.583Z","ask"
"11.352","123.83702","2024-05-26T18:08:33.583Z","ask"
"11.353","129.170433","2024-05-26T18:08:33.583Z","ask"
"11.354","141.872114","2024-05-26T18:08:33.583Z","ask"
"11.355","171.041745","2024-05-26T18:08:33.583Z","ask"
"11.356","102.739804","2024-05-26T18:08:33.583Z","ask"
"11.357","175.6","2024-05-26T18:08:33.583Z","ask"
"11.358","210.018366","2024-05-26T18:08:33.583Z","ask"
"11.36","151.465978","2024-05-26T18:08:33.583Z","ask"
"11.361","113.88","2024-05-26T18:08:33.583Z","ask"
"11.363","52.288755","2024-05-26T18:08:33.583Z","ask"
"11.364","1131.69941","2024-05-26T18:08:33.583Z","ask"
"11.367","87.981393","2024-05-26T18:08:33.583Z","ask"
"11.368","85.595216","2024-05-26T18:08:33.583Z","ask"
"11.371","948.94668","2024-05-26T18:08:33.583Z","ask"
"11.372","131.908929","2024-05-26T18:08:33.583Z","ask"
"11.373","87.92","2024-05-26T18:08:33.583Z","ask"
"11.374","1225.132555","2024-05-26T18:08:33.583Z","ask"
"11.375","600.829854","2024-05-26T18:08:33.583Z","ask"
"11.376","3.642139","2024-05-26T18:08:33.583Z","ask"
"11.377","1044.060266","2024-05-26T18:08:33.583Z","ask"
"11.378","3.291242","2024-05-26T18:08:33.583Z","ask"
"11.379","108.967413","2024-05-26T18:08:33.583Z","ask"
"11.38","544.180545","2024-05-26T18:08:33.583Z","ask"
"11.381","137.110118","2024-05-26T18:08:33.583Z","ask"
"11.382","2.2376","2024-05-26T18:08:33.583Z","ask"
"11.383","1.706765","2024-05-26T18:08:33.583Z","ask"
"11.385","1042.96649","2024-05-26T18:08:33.583Z","ask"
"11.386","219.584512","2024-05-26T18:08:33.583Z","ask"
"11.396","438.764081","2024-05-26T18:08:33.583Z","ask"
"11.397","704.5","2024-05-26T18:08:33.583Z","ask"
"11.402","1756.57603","2024-05-26T18:08:33.583Z","ask"
"11.413","1.43323","2024-05-26T18:08:33.583Z","ask"
"11.429","9.647918","2024-05-26T18:08:33.583Z","ask"
"11.435","267.48505","2024-05-26T18:08:33.583Z","ask"
"11.436","17.67736","2024-05-26T18:08:33.583Z","ask"
"11.439","2616.95926","2024-05-26T18:08:33.583Z","ask"
"11.446","10.252186","2024-05-26T18:08:33.583Z","ask"
"11.448","82.703515","2024-05-26T18:08:33.583Z","ask"
"11.45","0.142847","2024-05-26T18:08:33.583Z","ask"
"11.463","10.252186","2024-05-26T18:08:33.583Z","ask"
"11.465","0.734702","2024-05-26T18:08:33.583Z","ask"
"11.468","320.98206","2024-05-26T18:08:33.583Z","ask"
"11.479","9.488092","2024-05-26T18:08:33.583Z","ask"
"11.481","1.424691","2024-05-26T18:08:33.583Z","ask"
"11.5","81.031265","2024-05-26T18:08:33.583Z","ask"
"11.514","0.00002","2024-05-26T18:08:33.583Z","ask"
"11.52","195.452847","2024-05-26T18:08:33.583Z","ask"
"11.523","3.323551","2024-05-26T18:08:33.583Z","ask"
"11.525","0.020245","2024-05-26T18:08:33.583Z","ask"
"11.529","2.571398","2024-05-26T18:08:33.583Z","ask"
"11.531","20.244759","2024-05-26T18:08:33.583Z","ask"
"11.538","2.203873","2024-05-26T18:08:33.583Z","ask"
"11.54","0.72996","2024-05-26T18:08:33.583Z","ask"
"11.543","1.414649","2024-05-26T18:08:33.583Z","ask"
"11.549","1.416252","2024-05-26T18:08:33.583Z","ask"
"11.559","2.090343","2024-05-26T18:08:33.583Z","ask"
"11.56","0.173962","2024-05-26T18:08:33.583Z","ask"
"11.57","4.52418","2024-05-26T18:08:33.583Z","ask"
"11.573","43.2","2024-05-26T18:08:33.583Z","ask"
"11.576","0.2","2024-05-26T18:08:33.583Z","ask"
"11.581","3.306981","2024-05-26T18:08:33.583Z","ask"
"11.586","377.045094","2024-05-26T18:08:33.583Z","ask"
"11.587","7.780937","2024-05-26T18:08:33.583Z","ask"
"11.59","0.142847","2024-05-26T18:08:33.583Z","ask"
"11.6","171.492007","2024-05-26T18:08:33.583Z","ask"
"11.603","5.551236","2024-05-26T18:08:33.583Z","ask"
"11.615","0.725216","2024-05-26T18:08:33.583Z","ask"
"11.618","3.272336","2024-05-26T18:08:33.583Z","ask"
"11.622","0.264537","2024-05-26T18:08:33.583Z","ask"
"11.625","2.243577","2024-05-26T18:08:33.583Z","ask"
"11.626","2.73901","2024-05-26T18:08:33.583Z","ask"
"11.639","4.397625","2024-05-26T18:08:33.583Z","ask"
"11.64","3.290289","2024-05-26T18:08:33.583Z","ask"
"11.645","2.571398","2024-05-26T18:08:33.583Z","ask"
"11.649","4.298646","2024-05-26T18:08:33.583Z","ask"
"11.65","60","2024-05-26T18:08:33.583Z","ask"
"11.66","0.142847","2024-05-26T18:08:33.583Z","ask"
"11.663","0.944519","2024-05-26T18:08:33.583Z","ask"
"11.664","9.28","2024-05-26T18:08:33.583Z","ask"
"11.671","1.297652","2024-05-26T18:08:33.583Z","ask"
"11.676","8.873444","2024-05-26T18:08:33.583Z","ask"
"11.681","2.461826","2024-05-26T18:08:33.583Z","ask"
"11.687","1.399552","2024-05-26T18:08:33.583Z","ask"
"11.691","0.720533","2024-05-26T18:08:33.583Z","ask"
"11.697","0.2","2024-05-26T18:08:33.583Z","ask"
"11.699","3.273765","2024-05-26T18:08:33.583Z","ask"
"11.704","2.571398","2024-05-26T18:08:33.583Z","ask"
"11.712","34.236958","2024-05-26T18:08:33.583Z","ask"
"11.726","6.090192","2024-05-26T18:08:33.583Z","ask"
"11.73","0.142847","2024-05-26T18:08:33.583Z","ask"
"11.735","2.433115","2024-05-26T18:08:33.583Z","ask"
"11.739","317.262144","2024-05-26T18:08:33.583Z","ask"
"11.743","55.295335","2024-05-26T18:08:33.583Z","ask"
"11.748","0.892241","2024-05-26T18:08:33.583Z","ask"
"11.75","106.755017","2024-05-26T18:08:33.583Z","ask"
"11.751","0.264154","2024-05-26T18:08:33.583Z","ask"
"11.757","4.648695","2024-05-26T18:08:33.583Z","ask"
"11.761","3.087917","2024-05-26T18:08:33.583Z","ask"
"11.762","2.571398","2024-05-26T18:08:33.583Z","ask"
"11.768","0.715849","2024-05-26T18:08:33.583Z","ask"
"11.775","5.156743","2024-05-26T18:08:33.583Z","ask"
"11.776","7.129559","2024-05-26T18:08:33.583Z","ask"
"11.78","1145.436431","2024-05-26T18:08:33.583Z","ask"
"11.793","1.836765","2024-05-26T18:08:33.583Z","ask"
"11.795","1.489506","2024-05-26T18:08:33.583Z","ask"
"11.8","116.35261","2024-05-26T18:08:33.583Z","ask"
"11.813","7.673661","2024-05-26T18:08:33.583Z","ask"
"11.817","3.411111","2024-05-26T18:08:33.583Z","ask"
"11.818","0.170164","2024-05-26T18:08:33.583Z","ask"
"11.82","40","2024-05-26T18:08:33.583Z","ask"
"11.821","2.571398","2024-05-26T18:08:33.583Z","ask"
"11.823","4.298646","2024-05-26T18:08:33.583Z","ask"
"11.824","200.889074","2024-05-26T18:08:33.583Z","ask"
"11.825","13.602004","2024-05-26T18:08:33.583Z","ask"
"11.828","8.730575","2024-05-26T18:08:33.583Z","ask"
"11.829","2.337187","2024-05-26T18:08:33.583Z","ask"
"11.841","9.28","2024-05-26T18:08:33.583Z","ask"
"11.845","0.706542","2024-05-26T18:08:33.583Z","ask"
"11.846","3.61944","2024-05-26T18:08:33.583Z","ask"
"11.847","15","2024-05-26T18:08:33.583Z","ask"
"11.849","0.847329","2024-05-26T18:08:33.583Z","ask"
"11.85","18.5654","2024-05-26T18:08:33.583Z","ask"
"11.853","2.37187","2024-05-26T18:08:33.583Z","ask"
"11.86","57.080339","2024-05-26T18:08:33.583Z","ask"
"11.868","0.000441","2024-05-26T18:08:33.583Z","ask"
"11.87","0.142847","2024-05-26T18:08:33.583Z","ask"
"11.875","1.307122","2024-05-26T18:08:33.583Z","ask"
"11.877","3.224624","2024-05-26T18:08:33.583Z","ask"
"11.879","0.169291","2024-05-26T18:08:33.583Z","ask"
"11.88","2.571398","2024-05-26T18:08:33.583Z","ask"
"11.886","3.599053","2024-05-26T18:08:33.583Z","ask"
"11.89","0.845669","2024-05-26T18:08:33.583Z","ask"
"11.894","0.422692","2024-05-26T18:08:33.583Z","ask"
"11.9","357.667563","2024-05-26T18:08:33.583Z","ask"
"11.905","0.252877","2024-05-26T18:08:33.583Z","ask"
"11.907","1.734756","2024-05-26T18:08:33.583Z","ask"
"11.908","5","2024-05-26T18:08:33.583Z","ask"
"11.912","0.397941","2024-05-26T18:08:33.583Z","ask"
"11.913","2.433115","2024-05-26T18:08:33.583Z","ask"
"11.917","2.219271","2024-05-26T18:08:33.583Z","ask"
"11.918","17.998659","2024-05-26T18:08:33.583Z","ask"
"11.92","0.210886","2024-05-26T18:08:33.583Z","ask"
"11.922","0.701979","2024-05-26T18:08:33.583Z","ask"
"11.926","2.741619","2024-05-26T18:08:33.583Z","ask"
"11.933","2.934876","2024-05-26T18:08:33.583Z","ask"
"11.935","5","2024-05-26T18:08:33.583Z","ask"
"11.937","10.06287","2024-05-26T18:08:33.583Z","ask"
"11.94","2.714245","2024-05-26T18:08:33.583Z","ask"
"11.941","47.908221","2024-05-26T18:08:33.583Z","ask"
"11.947","6.47505","2024-05-26T18:08:33.583Z","ask"
"11.949","133.692777","2024-05-26T18:08:33.583Z","ask"
"11.95","47.056104","2024-05-26T18:08:33.583Z","ask"
"11.955","0.351421","2024-05-26T18:08:33.583Z","ask"
"11.957","9.154874","2024-05-26T18:08:33.583Z","ask"
"11.96","52.107024","2024-05-26T18:08:33.583Z","ask"
"11.964","534.979521","2024-05-26T18:08:33.583Z","ask"
"11.965","755.069096","2024-05-26T18:08:33.583Z","ask"
"11.968","24.64982","2024-05-26T18:08:33.583Z","ask"
"11.97","0.225","2024-05-26T18:08:33.583Z","ask"
"11.971","1.809454","2024-05-26T18:08:33.583Z","ask"
"11.977","33.480838","2024-05-26T18:08:33.583Z","ask"
"11.98","23.429389","2024-05-26T18:08:33.583Z","ask"
"11.995","0.25073","2024-05-26T18:08:33.583Z","ask"
"11.996","3.192494","2024-05-26T18:08:33.583Z","ask"
"11.997","0.250938","2024-05-26T18:08:33.583Z","ask"
"11.998","3.026804","2024-05-26T18:08:33.583Z","ask"
"11.999","6.870044","2024-05-26T18:08:33.583Z","ask"
"12","9819.853423","2024-05-26T18:08:33.583Z","ask"
"12.002","0.171542","2024-05-26T18:08:33.583Z","ask"
"12.005","1.47887","2024-05-26T18:08:33.583Z","ask"
"12.01","16.795636","2024-05-26T18:08:33.583Z","ask"
"12.011","9","2024-05-26T18:08:33.583Z","ask"
"12.015","4.260211","2024-05-26T18:08:33.583Z","ask"
"12.019","9.28","2024-05-26T18:08:33.583Z","ask"
"12.02","0.087026","2024-05-26T18:08:33.583Z","ask"
"12.021","0.477777","2024-05-26T18:08:33.583Z","ask"
"12.036","9.820468","2024-05-26T18:08:33.583Z","ask"
"12.044","10","2024-05-26T18:08:33.583Z","ask"
"12.047","313.424643","2024-05-26T18:08:33.583Z","ask"
"12.05","0.868691","2024-05-26T18:08:33.583Z","ask"
"12.057","6.855832","2024-05-26T18:08:33.583Z","ask"
"12.059","3.116969","2024-05-26T18:08:33.583Z","ask"
"12.068","0.249462","2024-05-26T18:08:33.583Z","ask"
"12.078","3.67302","2024-05-26T18:08:33.583Z","ask"
"12.08","0.142847","2024-05-26T18:08:33.583Z","ask"
"12.093","2.433115","2024-05-26T18:08:33.583Z","ask"
"12.097","63.375","2024-05-26T18:08:33.583Z","ask"
"12.099","3.66664","2024-05-26T18:08:33.583Z","ask"
"12.1","2.516548","2024-05-26T18:08:33.583Z","ask"
"12.105","2.56664","2024-05-26T18:08:33.583Z","ask"
"12.118","3.160471","2024-05-26T18:08:33.583Z","ask"
"12.12","2.737323","2024-05-26T18:08:33.583Z","ask"
"12.128","133.802816","2024-05-26T18:08:33.583Z","ask"
"12.135","127.336148","2024-05-26T18:08:33.583Z","ask"
"12.14","4.558","2024-05-26T18:08:33.583Z","ask"
"12.149","0.165529","2024-05-26T18:08:33.583Z","ask"
"12.15","3.643801","2024-05-26T18:08:33.583Z","ask"
"12.151","4.096442","2024-05-26T18:08:33.583Z","ask"
"12.16","0.413446","2024-05-26T18:08:33.583Z","ask"
"12.175","0.206468","2024-05-26T18:08:33.583Z","ask"
"12.177","4.298646","2024-05-26T18:08:33.583Z","ask"
"12.179","3.144699","2024-05-26T18:08:33.583Z","ask"
"12.18","2.777782","2024-05-26T18:08:33.583Z","ask"
"12.2","27.700881","2024-05-26T18:08:33.583Z","ask"
"12.201","9.28","2024-05-26T18:08:33.583Z","ask"
"12.207","4.193092","2024-05-26T18:08:33.583Z","ask"
"12.219","27.135674","2024-05-26T18:08:33.583Z","ask"
"12.22","0.142847","2024-05-26T18:08:33.583Z","ask"
"12.225","3.779468","2024-05-26T18:08:33.583Z","ask"
"12.228","7","2024-05-26T18:08:33.583Z","ask"
"12.239","0.16431","2024-05-26T18:08:33.583Z","ask"
"12.241","3.128824","2024-05-26T18:08:33.583Z","ask"
"12.242","5.537966","2024-05-26T18:08:33.583Z","ask"
"12.243","10","2024-05-26T18:08:33.583Z","ask"
"12.25","135.701208","2024-05-26T18:08:33.583Z","ask"
"12.255","1.510989","2024-05-26T18:08:33.583Z","ask"
"12.27","1.1","2024-05-26T18:08:33.583Z","ask"
"12.276","2.433115","2024-05-26T18:08:33.583Z","ask"
"12.281","17.199546","2024-05-26T18:08:33.583Z","ask"
"12.284","8.5","2024-05-26T18:08:33.583Z","ask"
"12.288","5.428177","2024-05-26T18:08:33.583Z","ask"
"12.29","50.183662","2024-05-26T18:08:33.583Z","ask"
"12.291","2.449318","2024-05-26T18:08:33.583Z","ask"
"12.3","1.626016","2024-05-26T18:08:33.583Z","ask"
"12.302","6.684507","2024-05-26T18:08:33.583Z","ask"
"12.307","0.009564","2024-05-26T18:08:33.583Z","ask"
"12.308","664.698745","2024-05-26T18:08:33.583Z","ask"
"12.314","0.244235","2024-05-26T18:08:33.583Z","ask"
"12.323","811.434738","2024-05-26T18:08:33.583Z","ask"
"12.335","50","2024-05-26T18:08:33.583Z","ask"
"12.344","2.368836","2024-05-26T18:08:33.583Z","ask"
"12.358","4.298646","2024-05-26T18:08:33.583Z","ask"
"12.36","1.442847","2024-05-26T18:08:33.583Z","ask"
"12.364","5.668949","2024-05-26T18:08:33.583Z","ask"
"12.368","115.104927","2024-05-26T18:08:33.583Z","ask"
"12.38","0.24366","2024-05-26T18:08:33.583Z","ask"
"12.383","1.659889","2024-05-26T18:08:33.583Z","ask"
"12.385","9.28","2024-05-26T18:08:33.583Z","ask"
"12.392","0.717486","2024-05-26T18:08:33.583Z","ask"
"12.393","9.596474","2024-05-26T18:08:33.583Z","ask"
"12.397","0.183397","2024-05-26T18:08:33.583Z","ask"
"12.4","103.8","2024-05-26T18:08:33.583Z","ask"
"12.42","568.482938","2024-05-26T18:08:33.583Z","ask"
"12.426","2.571398","2024-05-26T18:08:33.583Z","ask"
"12.427","3.081897","2024-05-26T18:08:33.583Z","ask"
"12.428","2.340326","2024-05-26T18:08:33.583Z","ask"
"12.43","0.142847","2024-05-26T18:08:33.583Z","ask"
"12.44","6","2024-05-26T18:08:33.583Z","ask"
"12.45","57.692308","2024-05-26T18:08:33.583Z","ask"
"12.455","2.257191","2024-05-26T18:08:33.583Z","ask"
"12.46","52.83074","2024-05-26T18:08:33.584Z","ask"
"12.462","2.433115","2024-05-26T18:08:33.584Z","ask"
"12.47","2.916902","2024-05-26T18:08:33.584Z","ask"
"12.472","300","2024-05-26T18:08:33.584Z","ask"
"12.488","2.571398","2024-05-26T18:08:33.584Z","ask"
"12.49","8.0664","2024-05-26T18:08:33.584Z","ask"
"12.5","524.039281","2024-05-26T18:08:33.584Z","ask"
"12.52","3.993651","2024-05-26T18:08:33.584Z","ask"
"12.543","4.298646","2024-05-26T18:08:33.584Z","ask"
"12.551","2.571398","2024-05-26T18:08:33.584Z","ask"
"12.553","3.051058","2024-05-26T18:08:33.584Z","ask"
"12.56","0.240168","2024-05-26T18:08:33.584Z","ask"
"12.569","0.142847","2024-05-26T18:08:33.584Z","ask"
"12.572","9.28","2024-05-26T18:08:33.584Z","ask"
"12.6","15.807815","2024-05-26T18:08:33.584Z","ask"
"12.613","2.571398","2024-05-26T18:08:33.584Z","ask"
"12.615","3.035869","2024-05-26T18:08:33.584Z","ask"
"12.639","0.142847","2024-05-26T18:08:33.584Z","ask"
"12.64","5001.822706","2024-05-26T18:08:33.584Z","ask"
"12.648","2.59826","2024-05-26T18:08:33.584Z","ask"
"12.65","2.433115","2024-05-26T18:08:33.584Z","ask"
"12.676","2.571398","2024-05-26T18:08:33.584Z","ask"
"12.679","3.020589","2024-05-26T18:08:33.584Z","ask"
"12.694","0.114809","2024-05-26T18:08:33.584Z","ask"
"12.701","2.002131","2024-05-26T18:08:33.584Z","ask"
"12.709","0.142847","2024-05-26T18:08:33.584Z","ask"
"12.726","0.395058","2024-05-26T18:08:33.584Z","ask"
"12.729","0.041","2024-05-26T18:08:33.584Z","ask"
"12.73","4.510646","2024-05-26T18:08:33.584Z","ask"
"12.733","28.809514","2024-05-26T18:08:33.584Z","ask"
"12.74","2.571398","2024-05-26T18:08:33.584Z","ask"
"12.743","3.005462","2024-05-26T18:08:33.584Z","ask"
"12.745","0.041","2024-05-26T18:08:33.584Z","ask"
"12.758","0.041","2024-05-26T18:08:33.584Z","ask"
"12.762","9.28","2024-05-26T18:08:33.584Z","ask"
"12.768","2.201862","2024-05-26T18:08:33.584Z","ask"
"12.774","0.041","2024-05-26T18:08:33.584Z","ask"
"12.779","0.142847","2024-05-26T18:08:33.584Z","ask"
"12.78","3.535","2024-05-26T18:08:33.584Z","ask"
"12.781","0.959386","2024-05-26T18:08:33.584Z","ask"
"12.786","0.041","2024-05-26T18:08:33.584Z","ask"
"12.79","0.449867","2024-05-26T18:08:33.584Z","ask"
"12.8","8.378156","2024-05-26T18:08:33.584Z","ask"
"12.801","0.041","2024-05-26T18:08:33.584Z","ask"
"12.804","2.571398","2024-05-26T18:08:33.584Z","ask"
"12.807","2.990486","2024-05-26T18:08:33.584Z","ask"
"12.81","1.98513","2024-05-26T18:08:33.584Z","ask"
"12.817","231.591257","2024-05-26T18:08:33.584Z","ask"
"12.83","5","2024-05-26T18:08:33.584Z","ask"
"12.841","2.433115","2024-05-26T18:08:33.584Z","ask"
"12.849","0.142847","2024-05-26T18:08:33.584Z","ask"
"12.85","27316.051125","2024-05-26T18:08:33.584Z","ask"
"12.868","2.571398","2024-05-26T18:08:33.584Z","ask"
"12.87","400.390638","2024-05-26T18:08:33.584Z","ask"
"12.872","2.975424","2024-05-26T18:08:33.584Z","ask"
"12.879","28.785369","2024-05-26T18:08:33.584Z","ask"
"12.88","33.214305","2024-05-26T18:08:33.584Z","ask"
"12.9","465.714341","2024-05-26T18:08:33.584Z","ask"
"12.919","4.441493","2024-05-26T18:08:33.584Z","ask"
"12.92","6.506936","2024-05-26T18:08:33.584Z","ask"
"12.921","1.968106","2024-05-26T18:08:33.584Z","ask"
"12.931","2.571398","2024-05-26T18:08:33.584Z","ask"
"12.937","2.960513","2024-05-26T18:08:33.584Z","ask"
"12.95","15.444015","2024-05-26T18:08:33.584Z","ask"
"12.955","9.28","2024-05-26T18:08:33.584Z","ask"
"12.96","3.888889","2024-05-26T18:08:33.584Z","ask"
"12.961","11.150789","2024-05-26T18:08:33.584Z","ask"
"12.97","4.870471","2024-05-26T18:08:33.584Z","ask"
"12.989","0.142847","2024-05-26T18:08:33.584Z","ask"
"13","5697.537323","2024-05-26T18:08:33.584Z","ask"
"13.001","2.945751","2024-05-26T18:08:33.584Z","ask"
"13.004","2.708151","2024-05-26T18:08:33.584Z","ask"
"13.007","0.582531","2024-05-26T18:08:33.584Z","ask"
"13.01","281.030745","2024-05-26T18:08:33.584Z","ask"
"13.014","1.579405","2024-05-26T18:08:33.584Z","ask"
"13.02","8.26815","2024-05-26T18:08:33.584Z","ask"
"13.028","0.23108","2024-05-26T18:08:33.584Z","ask"
"13.033","1.951219","2024-05-26T18:08:33.584Z","ask"
"13.035","2.433115","2024-05-26T18:08:33.584Z","ask"
"13.046","328.376222","2024-05-26T18:08:33.584Z","ask"
"13.054","0.487805","2024-05-26T18:08:33.584Z","ask"
"13.059","0.142847","2024-05-26T18:08:33.584Z","ask"
"13.067","2.930908","2024-05-26T18:08:33.584Z","ask"
"13.076","22.712673","2024-05-26T18:08:33.584Z","ask"
"13.089","2.147992","2024-05-26T18:08:33.584Z","ask"
"13.111","4.298646","2024-05-26T18:08:33.584Z","ask"
"13.129","0.142847","2024-05-26T18:08:33.584Z","ask"
"13.13","1","2024-05-26T18:08:33.584Z","ask"
"13.133","2.916214","2024-05-26T18:08:33.584Z","ask"
"13.146","1.93447","2024-05-26T18:08:33.584Z","ask"
"13.15","9.28","2024-05-26T18:08:33.584Z","ask"
"13.19","0.75","2024-05-26T18:08:33.584Z","ask"
"13.199","3.044513","2024-05-26T18:08:33.584Z","ask"
"13.203","1.170002","2024-05-26T18:08:33.584Z","ask"
"13.209","0.573268","2024-05-26T18:08:33.584Z","ask"
"13.22","0.199","2024-05-26T18:08:33.584Z","ask"
"13.23","4487.781194","2024-05-26T18:08:33.584Z","ask"
"13.231","0.408631","2024-05-26T18:08:33.584Z","ask"
"13.232","2.433115","2024-05-26T18:08:33.584Z","ask"
"13.249","0.607599","2024-05-26T18:08:33.584Z","ask"
"13.25","25","2024-05-26T18:08:33.584Z","ask"
"13.259","1.917858","2024-05-26T18:08:33.584Z","ask"
"13.26","5.75","2024-05-26T18:08:33.584Z","ask"
"13.266","2.887043","2024-05-26T18:08:33.584Z","ask"
"13.269","0.142847","2024-05-26T18:08:33.584Z","ask"
"13.28","0.526065","2024-05-26T18:08:33.584Z","ask"
"13.29","0.522567","2024-05-26T18:08:33.584Z","ask"
"13.3","153.514899","2024-05-26T18:08:33.584Z","ask"
"13.306","4.298646","2024-05-26T18:08:33.584Z","ask"
"13.31","50","2024-05-26T18:08:33.584Z","ask"
"13.317","0.620782","2024-05-26T18:08:33.584Z","ask"
"13.322","0.520217","2024-05-26T18:08:33.584Z","ask"
"13.333","2.872566","2024-05-26T18:08:33.584Z","ask"
"13.339","0.142847","2024-05-26T18:08:33.584Z","ask"
"13.349","9.28","2024-05-26T18:08:33.584Z","ask"
"13.35","345.188113","2024-05-26T18:08:33.584Z","ask"
"13.372","488.149739","2024-05-26T18:08:33.584Z","ask"
"13.373","1.90153","2024-05-26T18:08:33.584Z","ask"
"13.399","2.858233","2024-05-26T18:08:33.584Z","ask"
"13.4","188.223472","2024-05-26T18:08:33.584Z","ask"
"13.409","2.612576","2024-05-26T18:08:33.584Z","ask"
"13.416","80.095566","2024-05-26T18:08:33.584Z","ask"
"13.418","10.224363","2024-05-26T18:08:33.584Z","ask"
"13.424","0.22404","2024-05-26T18:08:33.584Z","ask"
"13.431","2.433115","2024-05-26T18:08:33.584Z","ask"
"13.443","12.842794","2024-05-26T18:08:33.584Z","ask"
"13.45","1.05","2024-05-26T18:08:33.584Z","ask"
"13.467","2.843829","2024-05-26T18:08:33.584Z","ask"
"13.48","458.408041","2024-05-26T18:08:33.584Z","ask"
"13.485","40.054512","2024-05-26T18:08:33.584Z","ask"
"13.489","1.885193","2024-05-26T18:08:33.584Z","ask"
"13.5","873.042715","2024-05-26T18:08:33.584Z","ask"
"13.504","4.298646","2024-05-26T18:08:33.584Z","ask"
"13.508","0.969381","2024-05-26T18:08:33.584Z","ask"
"13.515","0.222753","2024-05-26T18:08:33.584Z","ask"
"13.52","0.371857","2024-05-26T18:08:33.584Z","ask"
"13.53","4.901866","2024-05-26T18:08:33.584Z","ask"
"13.535","2.82957","2024-05-26T18:08:33.584Z","ask"
"13.55","10.28","2024-05-26T18:08:33.584Z","ask"
"13.551","0.729858","2024-05-26T18:08:33.584Z","ask"
"13.577","0.151654","2024-05-26T18:08:33.584Z","ask"
"13.58","16.289397","2024-05-26T18:08:33.584Z","ask"
"13.584","0.212391","2024-05-26T18:08:33.584Z","ask"
"13.6","6","2024-05-26T18:08:33.584Z","ask"
"13.603","2.815452","2024-05-26T18:08:33.584Z","ask"
"13.605","1.869134","2024-05-26T18:08:33.584Z","ask"
"13.616","0.298626","2024-05-26T18:08:33.584Z","ask"
"13.617","0.221084","2024-05-26T18:08:33.584Z","ask"
"13.627","1.503308","2024-05-26T18:08:33.584Z","ask"
"13.635","2.433115","2024-05-26T18:08:33.584Z","ask"
"13.643","10","2024-05-26T18:08:33.584Z","ask"
"13.659","13","2024-05-26T18:08:33.584Z","ask"
"13.672","2.801268","2024-05-26T18:08:33.584Z","ask"
"13.68","2.917187","2024-05-26T18:08:33.584Z","ask"
"13.686","20","2024-05-26T18:08:33.584Z","ask"
"13.7","1.214709","2024-05-26T18:08:33.584Z","ask"
"13.705","4.298646","2024-05-26T18:08:33.584Z","ask"
"13.723","1.853073","2024-05-26T18:08:33.584Z","ask"
"13.741","2.787225","2024-05-26T18:08:33.584Z","ask"
"13.743","33.602644","2024-05-26T18:08:33.584Z","ask"
"13.75","1","2024-05-26T18:08:33.584Z","ask"
"13.753","2.044255","2024-05-26T18:08:33.584Z","ask"
"13.756","9.28","2024-05-26T18:08:33.584Z","ask"
"13.783","17.336055","2024-05-26T18:08:33.584Z","ask"
"13.786","0.262145","2024-05-26T18:08:33.584Z","ask"
"13.8","526.605007","2024-05-26T18:08:33.584Z","ask"
"13.804","0.796","2024-05-26T18:08:33.584Z","ask"
"13.81","2.773323","2024-05-26T18:08:33.584Z","ask"
"13.82","0.363785","2024-05-26T18:08:33.584Z","ask"
"13.84","2.140602","2024-05-26T18:08:33.584Z","ask"
"13.841","2.433115","2024-05-26T18:08:33.584Z","ask"
"13.842","1.837149","2024-05-26T18:08:33.584Z","ask"
"13.857","1.170002","2024-05-26T18:08:33.584Z","ask"
"13.859","18.037518","2024-05-26T18:08:33.584Z","ask"
"13.88","2.759357","2024-05-26T18:08:33.584Z","ask"
"13.89","167.602057","2024-05-26T18:08:33.584Z","ask"
"13.9","83.917536","2024-05-26T18:08:33.584Z","ask"
"13.904","2.166283","2024-05-26T18:08:33.584Z","ask"
"13.908","4.298646","2024-05-26T18:08:33.584Z","ask"
"13.911","3.594314","2024-05-26T18:08:33.584Z","ask"
"13.934","0.216055","2024-05-26T18:08:33.584Z","ask"
"13.95","2.745531","2024-05-26T18:08:33.584Z","ask"
"13.96","4.081571","2024-05-26T18:08:33.584Z","ask"
"13.961","1.821498","2024-05-26T18:08:33.584Z","ask"
"13.963","9.28","2024-05-26T18:08:33.584Z","ask"
"13.98","86.194919","2024-05-26T18:08:33.584Z","ask"
"13.983","0.718015","2024-05-26T18:08:33.584Z","ask"
"13.99","313.354549","2024-05-26T18:08:33.584Z","ask"
"14","4059.453181","2024-05-26T18:08:33.584Z","ask"
"14.01","0.733116","2024-05-26T18:08:33.584Z","ask"
"14.015","4.379674","2024-05-26T18:08:33.584Z","ask"
"14.016","2.85","2024-05-26T18:08:33.584Z","ask"
"14.019","2.731843","2024-05-26T18:08:33.584Z","ask"
"14.02","0.188","2024-05-26T18:08:33.584Z","ask"
"14.023","3.662527","2024-05-26T18:08:33.584Z","ask"
"14.03","30.278661","2024-05-26T18:08:33.584Z","ask"
"14.033","55.911617","2024-05-26T18:08:33.584Z","ask"
"14.034","66.407609","2024-05-26T18:08:33.584Z","ask"
"14.049","2.433115","2024-05-26T18:08:33.584Z","ask"
"14.08","1.924841","2024-05-26T18:08:33.584Z","ask"
"14.082","1.805849","2024-05-26T18:08:33.584Z","ask"
"14.09","2.718096","2024-05-26T18:08:33.584Z","ask"
"14.098","1.994227","2024-05-26T18:08:33.584Z","ask"
"14.11","0.708717","2024-05-26T18:08:33.584Z","ask"
"14.116","4.298646","2024-05-26T18:08:33.584Z","ask"
"14.14","23.134797","2024-05-26T18:08:33.584Z","ask"
"14.144","1.064763","2024-05-26T18:08:33.584Z","ask"
"14.161","2.704486","2024-05-26T18:08:33.584Z","ask"
"14.17","230","2024-05-26T18:08:33.584Z","ask"
"14.174","9.28","2024-05-26T18:08:33.584Z","ask"
"14.18","500","2024-05-26T18:08:33.584Z","ask"
"14.203","1.790468","2024-05-26T18:08:33.584Z","ask"
"14.217","98.719843","2024-05-26T18:08:33.584Z","ask"
"14.222","95.11191","2024-05-26T18:08:33.584Z","ask"
"14.232","2.691011","2024-05-26T18:08:33.584Z","ask"
"14.25","11.587373","2024-05-26T18:08:33.584Z","ask"
"14.262","2.433115","2024-05-26T18:08:33.584Z","ask"
"14.272","0.211358","2024-05-26T18:08:33.584Z","ask"
"14.299","29","2024-05-26T18:08:33.584Z","ask"
"14.304","2.677481","2024-05-26T18:08:33.584Z","ask"
"14.326","6.07374","2024-05-26T18:08:33.584Z","ask"
"14.376","2.664086","2024-05-26T18:08:33.584Z","ask"
"14.388","9.28","2024-05-26T18:08:33.584Z","ask"
"14.396","2","2024-05-26T18:08:33.584Z","ask"
"14.4","229","2024-05-26T18:08:33.584Z","ask"
"14.438","0.55019","2024-05-26T18:08:33.584Z","ask"
"14.44","1914.06013","2024-05-26T18:08:33.584Z","ask"
"14.448","6.139198","2024-05-26T18:08:33.584Z","ask"
"14.45","6.220065","2024-05-26T18:08:33.584Z","ask"
"14.451","1.945476","2024-05-26T18:08:33.584Z","ask"
"14.457","0.763207","2024-05-26T18:08:33.584Z","ask"
"14.464","15.858686","2024-05-26T18:08:33.584Z","ask"
"14.471","0.988612","2024-05-26T18:08:33.584Z","ask"
"14.478","2.433115","2024-05-26T18:08:33.584Z","ask"
"14.48","139.220199","2024-05-26T18:08:33.584Z","ask"
"14.482","2.758534","2024-05-26T18:08:33.584Z","ask"
"14.5","588.40566","2024-05-26T18:08:33.584Z","ask"
"14.521","2.63751","2024-05-26T18:08:33.584Z","ask"
"14.538","4.298646","2024-05-26T18:08:33.584Z","ask"
"14.54","887.699382","2024-05-26T18:08:33.584Z","ask"
"14.575","1.74476","2024-05-26T18:08:33.584Z","ask"
"14.58","0.75","2024-05-26T18:08:33.584Z","ask"
"14.594","2.624329","2024-05-26T18:08:33.584Z","ask"
"14.6","27.674611","2024-05-26T18:08:33.584Z","ask"
"14.606","9.28","2024-05-26T18:08:33.584Z","ask"
"14.66","7.284045","2024-05-26T18:08:33.584Z","ask"
"14.668","2.611099","2024-05-26T18:08:33.584Z","ask"
"14.67","54.738068","2024-05-26T18:08:33.584Z","ask"
"14.696","2.433115","2024-05-26T18:08:33.584Z","ask"
"14.7","17.9354","2024-05-26T18:08:33.584Z","ask"
"14.73","0.204379","2024-05-26T18:08:33.584Z","ask"
"14.741","4.151393","2024-05-26T18:08:33.584Z","ask"
"14.742","2.598001","2024-05-26T18:08:33.584Z","ask"
"14.75","135.266096","2024-05-26T18:08:33.584Z","ask"
"14.755","4.298646","2024-05-26T18:08:33.584Z","ask"
"14.78","17.279541","2024-05-26T18:08:33.584Z","ask"
"14.788","0.203578","2024-05-26T18:08:33.584Z","ask"
"14.791","0.203536","2024-05-26T18:08:33.584Z","ask"
"14.8","9.662374","2024-05-26T18:08:33.584Z","ask"
"14.814","1.89786","2024-05-26T18:08:33.584Z","ask"
"14.816","2.585034","2024-05-26T18:08:33.584Z","ask"
"14.82","0.678476","2024-05-26T18:08:33.584Z","ask"
"14.826","9.28","2024-05-26T18:08:33.584Z","ask"
"14.827","1.715092","2024-05-26T18:08:33.584Z","ask"
"14.84","15","2024-05-26T18:08:33.584Z","ask"
"14.85","170.835039","2024-05-26T18:08:33.584Z","ask"
"14.86","16.8","2024-05-26T18:08:33.584Z","ask"
"14.87","0.178","2024-05-26T18:08:33.584Z","ask"
"14.88","374.814409","2024-05-26T18:08:33.584Z","ask"
"14.889","6","2024-05-26T18:08:33.584Z","ask"
"14.898","0.269433","2024-05-26T18:08:33.584Z","ask"
"14.899","5.05517","2024-05-26T18:08:33.584Z","ask"
"14.9","483.702555","2024-05-26T18:08:33.584Z","ask"
"14.919","2.433115","2024-05-26T18:08:33.584Z","ask"
"14.93","0.336739","2024-05-26T18:08:33.584Z","ask"
"14.938","72.558862","2024-05-26T18:08:33.584Z","ask"
"14.94","2676.542462","2024-05-26T18:08:33.584Z","ask"
"14.946","3.493992","2024-05-26T18:08:33.584Z","ask"
"14.948","22.437997","2024-05-26T18:08:33.584Z","ask"
"14.95","594.469605","2024-05-26T18:08:33.584Z","ask"
"14.955","1.700403","2024-05-26T18:08:33.584Z","ask"
"14.96","5.053476","2024-05-26T18:08:33.584Z","ask"
"14.966","2.559138","2024-05-26T18:08:33.584Z","ask"
"14.97","3.353374","2024-05-26T18:08:33.584Z","ask"
"14.975","4.298646","2024-05-26T18:08:33.584Z","ask"
"14.977","89.915521","2024-05-26T18:08:33.584Z","ask"
"14.98","30.219491","2024-05-26T18:08:33.584Z","ask"
"14.99","58.672448","2024-05-26T18:08:33.584Z","ask"
"15","3988.969821","2024-05-26T18:08:33.584Z","ask"
"15.01","2.187891","2024-05-26T18:08:33.584Z","ask"
"15.013","134","2024-05-26T18:08:33.584Z","ask"
"15.02","4.391614","2024-05-26T18:08:33.584Z","ask"
"15.041","2.546384","2024-05-26T18:08:33.584Z","ask"
"15.049","1.2","2024-05-26T18:08:33.584Z","ask"
"15.05","9.28","2024-05-26T18:08:33.584Z","ask"
"15.07","0.68294","2024-05-26T18:08:33.584Z","ask"
"15.079","0.585395","2024-05-26T18:08:33.584Z","ask"
"15.085","13.25786","2024-05-26T18:08:33.584Z","ask"
"15.095","0.199437","2024-05-26T18:08:33.584Z","ask"
"15.098","0.199398","2024-05-26T18:08:33.584Z","ask"
"15.1","14.047997","2024-05-26T18:08:33.584Z","ask"
"15.11","6.56","2024-05-26T18:08:33.584Z","ask"
"15.116","2.533586","2024-05-26T18:08:33.584Z","ask"
"15.12","52.323586","2024-05-26T18:08:33.584Z","ask"
"15.144","13.055996","2024-05-26T18:08:33.584Z","ask"
"15.15","517.577189","2024-05-26T18:08:33.584Z","ask"
"15.173","0.763207","2024-05-26T18:08:33.584Z","ask"
"15.176","11.150789","2024-05-26T18:08:33.584Z","ask"
"15.186","1.851385","2024-05-26T18:08:33.584Z","ask"
"15.192","2.520917","2024-05-26T18:08:33.584Z","ask"
"15.196","71.485079","2024-05-26T18:08:33.584Z","ask"
"15.197","4.298646","2024-05-26T18:08:33.584Z","ask"
"15.2","10.111349","2024-05-26T18:08:33.584Z","ask"
"15.208","2.708152","2024-05-26T18:08:33.584Z","ask"
"15.231","4.511634","2024-05-26T18:08:33.584Z","ask"
"15.25","67.305374","2024-05-26T18:08:33.584Z","ask"
"15.268","2.508373","2024-05-26T18:08:33.584Z","ask"
"15.277","9.28","2024-05-26T18:08:33.584Z","ask"
"15.291","0.206473","2024-05-26T18:08:33.584Z","ask"
"15.3","92.47","2024-05-26T18:08:33.584Z","ask"
"15.32","14.998775","2024-05-26T18:08:33.584Z","ask"
"15.345","2.495789","2024-05-26T18:08:33.584Z","ask"
"15.347","14.6244","2024-05-26T18:08:33.584Z","ask"
"15.364","47.197964","2024-05-26T18:08:33.584Z","ask"
"15.369","0.195882","2024-05-26T18:08:33.584Z","ask"
"15.373","2.433115","2024-05-26T18:08:33.584Z","ask"
"15.38","0.8","2024-05-26T18:08:33.584Z","ask"
"15.4","3354.971074","2024-05-26T18:08:33.584Z","ask"
"15.422","2.483331","2024-05-26T18:08:33.584Z","ask"
"15.423","4.298646","2024-05-26T18:08:33.584Z","ask"
"15.43","0.325827","2024-05-26T18:08:33.584Z","ask"
"15.444","50","2024-05-26T18:08:33.584Z","ask"
"15.449","10","2024-05-26T18:08:33.584Z","ask"
"15.45","43.353194","2024-05-26T18:08:33.584Z","ask"
"15.457","3.234813","2024-05-26T18:08:33.584Z","ask"
"15.467","0.041","2024-05-26T18:08:33.584Z","ask"
"15.469","32.500485","2024-05-26T18:08:33.584Z","ask"
"15.47","23.917535","2024-05-26T18:08:33.584Z","ask"
"15.479","0.762911","2024-05-26T18:08:33.584Z","ask"
"15.489","1323.251807","2024-05-26T18:08:33.584Z","ask"
"15.5","13592.239597","2024-05-26T18:08:33.584Z","ask"
"15.507","0.424251","2024-05-26T18:08:33.584Z","ask"
"15.508","9.28","2024-05-26T18:08:33.584Z","ask"
"15.512","2.340326","2024-05-26T18:08:33.584Z","ask"
"15.53","645.71064","2024-05-26T18:08:33.584Z","ask"
"15.55","138.023712","2024-05-26T18:08:33.584Z","ask"
"15.559","13.181042","2024-05-26T18:08:33.584Z","ask"
"15.567","30.582547","2024-05-26T18:08:33.584Z","ask"
"15.57","88.674324","2024-05-26T18:08:33.584Z","ask"
"15.578","2.458464","2024-05-26T18:08:33.584Z","ask"
"15.58","834.875443","2024-05-26T18:08:33.584Z","ask"
"15.582","0.2","2024-05-26T18:08:33.584Z","ask"
"15.59","0.033434","2024-05-26T18:08:33.584Z","ask"
"15.592","3.513379","2024-05-26T18:08:33.584Z","ask"
"15.6","1990.315898","2024-05-26T18:08:33.584Z","ask"
"15.605","2.433115","2024-05-26T18:08:33.584Z","ask"
"15.622","4.357105","2024-05-26T18:08:33.584Z","ask"
"15.63","182.522331","2024-05-26T18:08:33.584Z","ask"
"15.632","6.396868","2024-05-26T18:08:33.584Z","ask"
"15.653","4.298646","2024-05-26T18:08:33.584Z","ask"
"15.656","2.446216","2024-05-26T18:08:33.584Z","ask"
"15.663","5.012711","2024-05-26T18:08:33.584Z","ask"
"15.67","69.231876","2024-05-26T18:08:33.584Z","ask"
"15.675","0.192058","2024-05-26T18:08:33.584Z","ask"
"15.68","700","2024-05-26T18:08:33.584Z","ask"
"15.71","500","2024-05-26T18:08:33.584Z","ask"
"15.726","212.805407","2024-05-26T18:08:33.584Z","ask"
"15.735","2.433933","2024-05-26T18:08:33.584Z","ask"
"15.74","18","2024-05-26T18:08:33.584Z","ask"
"15.742","9.28","2024-05-26T18:08:33.584Z","ask"
"15.749","0.64","2024-05-26T18:08:33.584Z","ask"
"15.75","275.392664","2024-05-26T18:08:33.584Z","ask"
"15.763","0.041","2024-05-26T18:08:33.585Z","ask"
"15.767","0.190937","2024-05-26T18:08:33.585Z","ask"
"15.773","1","2024-05-26T18:08:33.585Z","ask"
"15.78","0.168","2024-05-26T18:08:33.585Z","ask"
"15.799","5","2024-05-26T18:08:33.585Z","ask"
"15.8","5","2024-05-26T18:08:33.585Z","ask"
"15.813","9.698768","2024-05-26T18:08:33.585Z","ask"
"15.814","2.421772","2024-05-26T18:08:33.585Z","ask"
"15.818","1.5","2024-05-26T18:08:33.585Z","ask"
"15.82","1.170002","2024-05-26T18:08:33.585Z","ask"
"15.826","0.585395","2024-05-26T18:08:33.585Z","ask"
"15.841","2.433115","2024-05-26T18:08:33.585Z","ask"
"15.85","66.140533","2024-05-26T18:08:33.585Z","ask"
"15.859","0.05","2024-05-26T18:08:33.585Z","ask"
"15.87","400","2024-05-26T18:08:33.585Z","ask"
"15.88","360","2024-05-26T18:08:33.585Z","ask"
"15.886","4.298646","2024-05-26T18:08:33.585Z","ask"
"15.894","2.409579","2024-05-26T18:08:33.585Z","ask"
"15.9","147.290878","2024-05-26T18:08:33.585Z","ask"
"15.93","0.3156","2024-05-26T18:08:33.585Z","ask"
"15.957","1.76186","2024-05-26T18:08:33.585Z","ask"
"15.97","1","2024-05-26T18:08:33.585Z","ask"
"15.975","2.397509","2024-05-26T18:08:33.585Z","ask"
"15.98","88.116116","2024-05-26T18:08:33.585Z","ask"
"15.99","30.315236","2024-05-26T18:08:33.585Z","ask"
"16","4794.632862","2024-05-26T18:08:33.585Z","ask"
"16.02","40.574282","2024-05-26T18:08:33.585Z","ask"
"16.03","62.383031","2024-05-26T18:08:33.585Z","ask"
"16.045","1","2024-05-26T18:08:33.585Z","ask"
"16.055","2.385558","2024-05-26T18:08:33.585Z","ask"
"16.078","31.269437","2024-05-26T18:08:33.585Z","ask"
"16.08","2.433115","2024-05-26T18:08:33.585Z","ask"
"16.1","3147.408533","2024-05-26T18:08:33.585Z","ask"
"16.101","129.80161","2024-05-26T18:08:33.585Z","ask"
"16.122","4.298646","2024-05-26T18:08:33.585Z","ask"
"16.136","2.373577","2024-05-26T18:08:33.585Z","ask"
"16.138","75","2024-05-26T18:08:33.585Z","ask"
"16.14","7.75","2024-05-26T18:08:33.585Z","ask"
"16.15","2","2024-05-26T18:08:33.585Z","ask"
"16.16","1","2024-05-26T18:08:33.585Z","ask"
"16.191","0.930533","2024-05-26T18:08:33.585Z","ask"
"16.199","10","2024-05-26T18:08:33.585Z","ask"
"16.2","330.711998","2024-05-26T18:08:33.585Z","ask"
"16.21","6.977679","2024-05-26T18:08:33.585Z","ask"
"16.217","2.361716","2024-05-26T18:08:33.585Z","ask"
"16.22","9","2024-05-26T18:08:33.585Z","ask"
"16.221","9.28","2024-05-26T18:08:33.585Z","ask"
"16.222","20","2024-05-26T18:08:33.585Z","ask"
"16.23","10","2024-05-26T18:08:33.585Z","ask"
"16.232","4.757798","2024-05-26T18:08:33.585Z","ask"
"16.245","127","2024-05-26T18:08:33.585Z","ask"
"16.25","34.42743","2024-05-26T18:08:33.585Z","ask"
"16.26","100","2024-05-26T18:08:33.585Z","ask"
"16.268","7.714949","2024-05-26T18:08:33.585Z","ask"
"16.269","0.31","2024-05-26T18:08:33.585Z","ask"
"16.287","6.118565","2024-05-26T18:08:33.585Z","ask"
"16.299","2.349827","2024-05-26T18:08:33.585Z","ask"
"16.3","359.051863","2024-05-26T18:08:33.585Z","ask"
"16.324","2.433115","2024-05-26T18:08:33.585Z","ask"
"16.346","3.075677","2024-05-26T18:08:33.585Z","ask"
"16.357","1.718801","2024-05-26T18:08:33.585Z","ask"
"16.362","4.298646","2024-05-26T18:08:33.585Z","ask"
"16.381","2.338056","2024-05-26T18:08:33.585Z","ask"
"16.4","8.709972","2024-05-26T18:08:33.585Z","ask"
"16.42","35.140073","2024-05-26T18:08:33.585Z","ask"
"16.43","0.428394","2024-05-26T18:08:33.585Z","ask"
"16.443","0.183452","2024-05-26T18:08:33.585Z","ask"
"16.45","0.611247","2024-05-26T18:08:33.585Z","ask"
"16.46","9.96176","2024-05-26T18:08:33.585Z","ask"
"16.461","13.477089","2024-05-26T18:08:33.585Z","ask"
"16.463","2.326404","2024-05-26T18:08:33.585Z","ask"
"16.467","9.28","2024-05-26T18:08:33.585Z","ask"
"16.47","6.401184","2024-05-26T18:08:33.585Z","ask"
"16.48","138.976985","2024-05-26T18:08:33.585Z","ask"
"16.482","5.460937","2024-05-26T18:08:33.585Z","ask"
"16.485","1.123173","2024-05-26T18:08:33.585Z","ask"
"16.49","66.675656","2024-05-26T18:08:33.585Z","ask"
"16.5","504.259557","2024-05-26T18:08:33.585Z","ask"
"16.52","0.3","2024-05-26T18:08:33.585Z","ask"
"16.546","2.314724","2024-05-26T18:08:33.585Z","ask"
"16.564","2.064126","2024-05-26T18:08:33.585Z","ask"
"16.57","2.433115","2024-05-26T18:08:33.585Z","ask"
"16.59","150","2024-05-26T18:08:33.585Z","ask"
"16.606","4.298646","2024-05-26T18:08:33.585Z","ask"
"16.61","10","2024-05-26T18:08:33.585Z","ask"
"16.616","31.244909","2024-05-26T18:08:33.585Z","ask"
"16.62","328.257793","2024-05-26T18:08:33.585Z","ask"
"16.629","2.303162","2024-05-26T18:08:33.585Z","ask"
"16.65","0.15","2024-05-26T18:08:33.585Z","ask"
"16.66","10.5","2024-05-26T18:08:33.585Z","ask"
"16.688","34.620905","2024-05-26T18:08:33.585Z","ask"
"16.7","370","2024-05-26T18:08:33.585Z","ask"
"16.701","5988.52248","2024-05-26T18:08:33.585Z","ask"
"16.709","16.754432","2024-05-26T18:08:33.585Z","ask"
"16.713","2.291576","2024-05-26T18:08:33.585Z","ask"
"16.715","9.28","2024-05-26T18:08:33.585Z","ask"
"16.73","0.159","2024-05-26T18:08:33.585Z","ask"
"16.767","1.676763","2024-05-26T18:08:33.585Z","ask"
"16.77","40","2024-05-26T18:08:33.585Z","ask"
"16.771","10","2024-05-26T18:08:33.585Z","ask"
"16.791","2","2024-05-26T18:08:33.585Z","ask"
"16.797","2.280106","2024-05-26T18:08:33.585Z","ask"
"16.8","413.328014","2024-05-26T18:08:33.585Z","ask"
"16.801","30","2024-05-26T18:08:33.585Z","ask"
"16.81","9.785398","2024-05-26T18:08:33.585Z","ask"
"16.821","2.433115","2024-05-26T18:08:33.585Z","ask"
"16.823","1","2024-05-26T18:08:33.585Z","ask"
"16.852","48.036933","2024-05-26T18:08:33.585Z","ask"
"16.87","3.282485","2024-05-26T18:08:33.585Z","ask"
"16.88","500","2024-05-26T18:08:33.585Z","ask"
"16.881","2.268749","2024-05-26T18:08:33.585Z","ask"
"16.893","1.311341","2024-05-26T18:08:33.585Z","ask"
"16.894","9","2024-05-26T18:08:33.585Z","ask"
"16.9","140.846153","2024-05-26T18:08:33.585Z","ask"
"16.93","0.772091","2024-05-26T18:08:33.585Z","ask"
"16.94","3","2024-05-26T18:08:33.585Z","ask"
"16.95","259.997528","2024-05-26T18:08:33.585Z","ask"
"16.966","2.257371","2024-05-26T18:08:33.585Z","ask"
"16.968","9.28","2024-05-26T18:08:33.585Z","ask"
"16.98","1","2024-05-26T18:08:33.585Z","ask"
"16.985","84.797896","2024-05-26T18:08:33.585Z","ask"
"16.993","0.71598","2024-05-26T18:08:33.585Z","ask"
"16.995","2.894928","2024-05-26T18:08:33.585Z","ask"
"17","5653.017865","2024-05-26T18:08:33.585Z","ask"
"17.003","20.325792","2024-05-26T18:08:33.585Z","ask"
"17.009","0.041","2024-05-26T18:08:33.585Z","ask"
"17.01","0.9","2024-05-26T18:08:33.585Z","ask"
"17.019","63.836459","2024-05-26T18:08:33.585Z","ask"
"17.025","16.756563","2024-05-26T18:08:33.585Z","ask"
"17.03","229.359953","2024-05-26T18:08:33.585Z","ask"
"17.031","1.434342","2024-05-26T18:08:33.585Z","ask"
"17.033","1216.99066","2024-05-26T18:08:33.585Z","ask"
"17.04","43.37","2024-05-26T18:08:33.585Z","ask"
"17.05","28.162974","2024-05-26T18:08:33.585Z","ask"
"17.051","2.246106","2024-05-26T18:08:33.585Z","ask"
"17.06","1.350376","2024-05-26T18:08:33.585Z","ask"
"17.074","2.433115","2024-05-26T18:08:33.585Z","ask"
"17.085","3.779466","2024-05-26T18:08:33.585Z","ask"
"17.088","42.24","2024-05-26T18:08:33.585Z","ask"
"17.089","2.876124","2024-05-26T18:08:33.585Z","ask"
"17.1","1112","2024-05-26T18:08:33.585Z","ask"
"17.104","4.298646","2024-05-26T18:08:33.585Z","ask"
"17.11","20.438796","2024-05-26T18:08:33.585Z","ask"
"17.137","2.234821","2024-05-26T18:08:33.585Z","ask"
"17.167","0.079632","2024-05-26T18:08:33.585Z","ask"
"17.17","916.557218","2024-05-26T18:08:33.585Z","ask"
"17.175","13.477088","2024-05-26T18:08:33.585Z","ask"
"17.188","1.635748","2024-05-26T18:08:33.585Z","ask"
"17.191","1.647045","2024-05-26T18:08:33.585Z","ask"
"17.2","100","2024-05-26T18:08:33.585Z","ask"
"17.207","2.901664","2024-05-26T18:08:33.585Z","ask"
"17.224","11.503649","2024-05-26T18:08:33.585Z","ask"
"17.24","2.387263","2024-05-26T18:08:33.585Z","ask"
"17.25","94.966215","2024-05-26T18:08:33.585Z","ask"
"17.26","38.810879","2024-05-26T18:08:33.585Z","ask"
"17.29","30","2024-05-26T18:08:33.585Z","ask"
"17.3","78.0954","2024-05-26T18:08:33.585Z","ask"
"17.311","2.212459","2024-05-26T18:08:33.585Z","ask"
"17.322","0.763207","2024-05-26T18:08:33.585Z","ask"
"17.332","2.433115","2024-05-26T18:08:33.585Z","ask"
"17.345","2.752168","2024-05-26T18:08:33.585Z","ask"
"17.35","109.344726","2024-05-26T18:08:33.585Z","ask"
"17.358","4.298646","2024-05-26T18:08:33.585Z","ask"
"17.4","58.908046","2024-05-26T18:08:33.585Z","ask"
"17.43","0.58","2024-05-26T18:08:33.585Z","ask"
"17.436","124.190736","2024-05-26T18:08:33.585Z","ask"
"17.44","12","2024-05-26T18:08:33.585Z","ask"
"17.466","1","2024-05-26T18:08:33.585Z","ask"
"17.485","9.28","2024-05-26T18:08:33.585Z","ask"
"17.489","9","2024-05-26T18:08:33.585Z","ask"
"17.49","103.092841","2024-05-26T18:08:33.585Z","ask"
"17.492","2.874172","2024-05-26T18:08:33.585Z","ask"
"17.5","673.59763","2024-05-26T18:08:33.585Z","ask"
"17.51","10","2024-05-26T18:08:33.585Z","ask"
"17.526","21.908326","2024-05-26T18:08:33.585Z","ask"
"17.537","10","2024-05-26T18:08:33.585Z","ask"
"17.542","5","2024-05-26T18:08:33.585Z","ask"
"17.56","100","2024-05-26T18:08:33.585Z","ask"
"17.594","2.433115","2024-05-26T18:08:33.585Z","ask"
"17.613","61.608105","2024-05-26T18:08:33.585Z","ask"
"17.617","4.298646","2024-05-26T18:08:33.585Z","ask"
"17.619","1.595662","2024-05-26T18:08:33.585Z","ask"
"17.65","1","2024-05-26T18:08:33.585Z","ask"
"17.673","11.316601","2024-05-26T18:08:33.585Z","ask"
"17.675","4.56","2024-05-26T18:08:33.585Z","ask"
"17.7","18.083149","2024-05-26T18:08:33.585Z","ask"
"17.749","9.28","2024-05-26T18:08:33.585Z","ask"
"17.75","47.440331","2024-05-26T18:08:33.585Z","ask"
"17.752","2.84475","2024-05-26T18:08:33.585Z","ask"
"17.76","0.15","2024-05-26T18:08:33.585Z","ask"
"17.77","8.639304","2024-05-26T18:08:33.585Z","ask"
"17.775","6","2024-05-26T18:08:33.585Z","ask"
"17.8","288.170068","2024-05-26T18:08:33.585Z","ask"
"17.811","0.365","2024-05-26T18:08:33.585Z","ask"
"17.83","1.691812","2024-05-26T18:08:33.585Z","ask"
"17.85","5.8","2024-05-26T18:08:33.585Z","ask"
"17.855","14.5","2024-05-26T18:08:33.585Z","ask"
"17.86","2.433115","2024-05-26T18:08:33.585Z","ask"
"17.878","4.298646","2024-05-26T18:08:33.585Z","ask"
"17.88","100","2024-05-26T18:08:33.585Z","ask"
"17.89","0.951378","2024-05-26T18:08:33.585Z","ask"
"17.946","35","2024-05-26T18:08:33.585Z","ask"
"17.948","8","2024-05-26T18:08:33.585Z","ask"
"17.967","0.041","2024-05-26T18:08:33.585Z","ask"
"17.97","202.862409","2024-05-26T18:08:33.585Z","ask"
"17.98","756","2024-05-26T18:08:33.585Z","ask"
"17.99","5","2024-05-26T18:08:33.585Z","ask"
"18","55254.430702","2024-05-26T18:08:33.585Z","ask"
"18.017","9.28","2024-05-26T18:08:33.585Z","ask"
"18.022","22.276172","2024-05-26T18:08:33.585Z","ask"
"18.062","1.556603","2024-05-26T18:08:33.585Z","ask"
"18.067","0.585395","2024-05-26T18:08:33.585Z","ask"
"18.11","40","2024-05-26T18:08:33.585Z","ask"
"18.13","2.433115","2024-05-26T18:08:33.585Z","ask"
"18.144","4.298646","2024-05-26T18:08:33.585Z","ask"
"18.18","13.580006","2024-05-26T18:08:33.585Z","ask"
"18.2","134.265299","2024-05-26T18:08:33.585Z","ask"
"18.23","123","2024-05-26T18:08:33.585Z","ask"
"18.25","138.002042","2024-05-26T18:08:33.585Z","ask"
"18.26","2.969737","2024-05-26T18:08:33.585Z","ask"
"18.289","9.28","2024-05-26T18:08:33.585Z","ask"
"18.3","6.64","2024-05-26T18:08:33.585Z","ask"
"18.319","3","2024-05-26T18:08:33.585Z","ask"
"18.33","30.891732","2024-05-26T18:08:33.585Z","ask"
"18.35","6.366058","2024-05-26T18:08:33.585Z","ask"
"18.36","6","2024-05-26T18:08:33.585Z","ask"
"18.38","149.5","2024-05-26T18:08:33.585Z","ask"
"18.404","2.433115","2024-05-26T18:08:33.585Z","ask"
"18.409","32.815489","2024-05-26T18:08:33.585Z","ask"
"18.415","4.298646","2024-05-26T18:08:33.585Z","ask"
"18.46","1","2024-05-26T18:08:33.585Z","ask"
"18.47","32.48511","2024-05-26T18:08:33.585Z","ask"
"18.5","793.130206","2024-05-26T18:08:33.585Z","ask"
"18.52","36.061963","2024-05-26T18:08:33.585Z","ask"
"18.565","9.28","2024-05-26T18:08:33.585Z","ask"
"18.59","0.540883","2024-05-26T18:08:33.585Z","ask"
"18.639","3.5","2024-05-26T18:08:33.585Z","ask"
"18.683","2.433115","2024-05-26T18:08:33.585Z","ask"
"18.69","300","2024-05-26T18:08:33.585Z","ask"
"18.75","5.054808","2024-05-26T18:08:33.585Z","ask"
"18.8","270","2024-05-26T18:08:33.585Z","ask"
"18.83","55.384698","2024-05-26T18:08:33.585Z","ask"
"18.845","9.28","2024-05-26T18:08:33.585Z","ask"
"18.88","10","2024-05-26T18:08:33.585Z","ask"
"18.889","10","2024-05-26T18:08:33.585Z","ask"
"18.89","0.14","2024-05-26T18:08:33.585Z","ask"
"18.9","5.783321","2024-05-26T18:08:33.585Z","ask"
"18.901","0.041","2024-05-26T18:08:33.585Z","ask"
"18.948","15","2024-05-26T18:08:33.585Z","ask"
"18.958","4","2024-05-26T18:08:33.585Z","ask"
"18.98","6","2024-05-26T18:08:33.585Z","ask"
"19","3042.600587","2024-05-26T18:08:33.585Z","ask"
"19.01","79.967562","2024-05-26T18:08:33.585Z","ask"
"19.11","25","2024-05-26T18:08:33.585Z","ask"
"19.119","2.611482","2024-05-26T18:08:33.585Z","ask"
"19.13","409.28","2024-05-26T18:08:33.585Z","ask"
"19.15","5","2024-05-26T18:08:33.585Z","ask"
"19.19","134.831207","2024-05-26T18:08:33.585Z","ask"
"19.2","7.29847","2024-05-26T18:08:33.585Z","ask"
"19.22","27.079605","2024-05-26T18:08:33.585Z","ask"
"19.23","20.800832","2024-05-26T18:08:33.585Z","ask"
"19.24","9","2024-05-26T18:08:33.585Z","ask"
"19.25","0.1","2024-05-26T18:08:33.585Z","ask"
"19.26","50.038416","2024-05-26T18:08:33.585Z","ask"
"19.27","4.0592","2024-05-26T18:08:33.585Z","ask"
"19.277","4.5","2024-05-26T18:08:33.585Z","ask"
"19.34","60","2024-05-26T18:08:33.585Z","ask"
"19.389","15","2024-05-26T18:08:33.585Z","ask"
"19.4","77","2024-05-26T18:08:33.585Z","ask"
"19.419","9.28","2024-05-26T18:08:33.585Z","ask"
"19.42","9.358055","2024-05-26T18:08:33.585Z","ask"
"19.44","20","2024-05-26T18:08:33.585Z","ask"
"19.444","85","2024-05-26T18:08:33.585Z","ask"
"19.45","85.378414","2024-05-26T18:08:33.585Z","ask"
"19.48","5","2024-05-26T18:08:33.585Z","ask"
"19.489","15","2024-05-26T18:08:33.585Z","ask"
"19.5","254.814102","2024-05-26T18:08:33.585Z","ask"
"19.539","0.618","2024-05-26T18:08:33.585Z","ask"
"19.57","325.752299","2024-05-26T18:08:33.585Z","ask"
"19.58","9.937828","2024-05-26T18:08:33.585Z","ask"
"19.596","5","2024-05-26T18:08:33.585Z","ask"
"19.6","29.10816","2024-05-26T18:08:33.585Z","ask"
"19.61","18.854381","2024-05-26T18:08:33.585Z","ask"
"19.617","2","2024-05-26T18:08:33.585Z","ask"
"19.65","1.337883","2024-05-26T18:08:33.585Z","ask"
"19.712","9.28","2024-05-26T18:08:33.585Z","ask"
"19.745","1.170002","2024-05-26T18:08:33.585Z","ask"
"19.748","15","2024-05-26T18:08:33.585Z","ask"
"19.76","70.417764","2024-05-26T18:08:33.585Z","ask"
"19.8","1420.055096","2024-05-26T18:08:33.585Z","ask"
"19.83","3.77978","2024-05-26T18:08:33.585Z","ask"
"19.858","127.92506","2024-05-26T18:08:33.585Z","ask"
"19.894","20","2024-05-26T18:08:33.585Z","ask"
"19.9","8","2024-05-26T18:08:33.585Z","ask"
"19.91","40","2024-05-26T18:08:33.585Z","ask"
"19.916","5.5","2024-05-26T18:08:33.585Z","ask"
"19.94","50.18631","2024-05-26T18:08:33.585Z","ask"
"19.95","103.306265","2024-05-26T18:08:33.585Z","ask"
"19.968","0.041","2024-05-26T18:08:33.585Z","ask"
"19.97","0.134","2024-05-26T18:08:33.585Z","ask"
"19.98","2.24","2024-05-26T18:08:33.585Z","ask"
"19.985","2.67001","2024-05-26T18:08:33.585Z","ask"
"19.988","1249.903825","2024-05-26T18:08:33.585Z","ask"
"19.99","138.812537","2024-05-26T18:08:33.585Z","ask"
"19.999","0.168734","2024-05-26T18:08:33.585Z","ask"
"20","12172.033388","2024-05-26T18:08:33.585Z","ask"
"20.009","9.28","2024-05-26T18:08:33.585Z","ask"
"20.01","115","2024-05-26T18:08:33.585Z","ask"
"20.07","25","2024-05-26T18:08:33.585Z","ask"
"20.082","54.019119","2024-05-26T18:08:33.585Z","ask"
"20.092","16.743814","2024-05-26T18:08:33.585Z","ask"
"20.13","0.38","2024-05-26T18:08:33.585Z","ask"
"20.2","11.020889","2024-05-26T18:08:33.585Z","ask"
"20.23","5","2024-05-26T18:08:33.585Z","ask"
"20.235","6","2024-05-26T18:08:33.585Z","ask"
"20.25","5","2024-05-26T18:08:33.585Z","ask"
"20.312","9.28","2024-05-26T18:08:33.585Z","ask"
"20.32","550","2024-05-26T18:08:33.585Z","ask"
"20.4","25","2024-05-26T18:08:33.585Z","ask"
"20.5","59.99811","2024-05-26T18:08:33.585Z","ask"
"20.501","0.365","2024-05-26T18:08:33.585Z","ask"
"20.51","0.365","2024-05-26T18:08:33.585Z","ask"
"20.554","6.5","2024-05-26T18:08:33.585Z","ask"
"20.555","0.504","2024-05-26T18:08:33.585Z","ask"
"20.6","6.012963","2024-05-26T18:08:33.585Z","ask"
"20.619","9.28","2024-05-26T18:08:33.585Z","ask"
"20.8","42","2024-05-26T18:08:33.585Z","ask"
"20.83","1.930869","2024-05-26T18:08:33.585Z","ask"
"20.872","125","2024-05-26T18:08:33.585Z","ask"
"20.873","7","2024-05-26T18:08:33.585Z","ask"
"20.9","115.840736","2024-05-26T18:08:33.585Z","ask"
"20.93","9.28","2024-05-26T18:08:33.585Z","ask"
"20.95","0.529388","2024-05-26T18:08:33.585Z","ask"
"20.98","1","2024-05-26T18:08:33.585Z","ask"
"21","763.872201","2024-05-26T18:08:33.585Z","ask"
"21.007","0.041","2024-05-26T18:08:33.585Z","ask"
"21.09","12.352782","2024-05-26T18:08:33.585Z","ask"
"21.11","442.832241","2024-05-26T18:08:33.585Z","ask"
"21.19","0.127","2024-05-26T18:08:33.585Z","ask"
"21.193","7.5","2024-05-26T18:08:33.585Z","ask"
"21.243","2.350371","2024-05-26T18:08:33.585Z","ask"
"21.246","9.28","2024-05-26T18:08:33.585Z","ask"
"21.333","1.127727","2024-05-26T18:08:33.585Z","ask"
"21.336","0.30971","2024-05-26T18:08:33.585Z","ask"
"21.38","322.346474","2024-05-26T18:08:33.585Z","ask"
"21.4","49.590372","2024-05-26T18:08:33.585Z","ask"
"21.45","65.991986","2024-05-26T18:08:33.585Z","ask"
"21.46","4.531","2024-05-26T18:08:33.585Z","ask"
"21.47","2.334654","2024-05-26T18:08:33.585Z","ask"
"21.5","64.191911","2024-05-26T18:08:33.585Z","ask"
"21.512","8","2024-05-26T18:08:33.585Z","ask"
"21.567","9.28","2024-05-26T18:08:33.585Z","ask"
"21.62","0.763207","2024-05-26T18:08:33.585Z","ask"
"21.679","2.340322","2024-05-26T18:08:33.585Z","ask"
"21.7","1.7","2024-05-26T18:08:33.585Z","ask"
"21.74","6.163003","2024-05-26T18:08:33.585Z","ask"
"21.75","0.462299","2024-05-26T18:08:33.585Z","ask"
"21.831","8.5","2024-05-26T18:08:33.585Z","ask"
"21.836","1.377313","2024-05-26T18:08:33.585Z","ask"
"21.85","4607.422532","2024-05-26T18:08:33.585Z","ask"
"21.88","24.527988","2024-05-26T18:08:33.585Z","ask"
"21.893","9.28","2024-05-26T18:08:33.585Z","ask"
"21.894","6.266188","2024-05-26T18:08:33.585Z","ask"
"21.9","80","2024-05-26T18:08:33.585Z","ask"
"21.95","0.12","2024-05-26T18:08:33.585Z","ask"
"21.98","1","2024-05-26T18:08:33.585Z","ask"
"22","3009.89092","2024-05-26T18:08:33.585Z","ask"
"22.1","1.216546","2024-05-26T18:08:33.585Z","ask"
"22.101","5.171155","2024-05-26T18:08:33.585Z","ask"
"22.13","5","2024-05-26T18:08:33.585Z","ask"
"22.151","9","2024-05-26T18:08:33.585Z","ask"
"22.16","8","2024-05-26T18:08:33.585Z","ask"
"22.2","84.431853","2024-05-26T18:08:33.585Z","ask"
"22.22","61","2024-05-26T18:08:33.585Z","ask"
"22.222","5","2024-05-26T18:08:33.585Z","ask"
"22.224","9.28","2024-05-26T18:08:33.585Z","ask"
"22.225","45.66458","2024-05-26T18:08:33.585Z","ask"
"22.23","0.419289","2024-05-26T18:08:33.585Z","ask"
"22.267","1.000631","2024-05-26T18:08:33.585Z","ask"
"22.33","100","2024-05-26T18:08:33.585Z","ask"
"22.347","0.447662","2024-05-26T18:08:33.585Z","ask"
"22.36","164.415921","2024-05-26T18:08:33.585Z","ask"
"22.4","6.388934","2024-05-26T18:08:33.585Z","ask"
"22.44","161.41612","2024-05-26T18:08:33.585Z","ask"
"22.46","2.4","2024-05-26T18:08:33.585Z","ask"
"22.47","9.5","2024-05-26T18:08:33.585Z","ask"
"22.48","3","2024-05-26T18:08:33.586Z","ask"
"22.489","7","2024-05-26T18:08:33.586Z","ask"
"22.49","0.9","2024-05-26T18:08:33.586Z","ask"
"22.5","13.231671","2024-05-26T18:08:33.586Z","ask"
"22.55","0.585395","2024-05-26T18:08:33.586Z","ask"
"22.554","2","2024-05-26T18:08:33.586Z","ask"
"22.6","160","2024-05-26T18:08:33.586Z","ask"
"22.75","34","2024-05-26T18:08:33.586Z","ask"
"22.773","0.6","2024-05-26T18:08:33.586Z","ask"
"22.789","10","2024-05-26T18:08:33.586Z","ask"
"22.87","150","2024-05-26T18:08:33.586Z","ask"
"22.88","21.90778","2024-05-26T18:08:33.586Z","ask"
"22.9","70","2024-05-26T18:08:33.586Z","ask"
"22.948","6","2024-05-26T18:08:33.586Z","ask"
"22.98","1","2024-05-26T18:08:33.586Z","ask"
"22.99","12","2024-05-26T18:08:33.586Z","ask"
"23","365.79491","2024-05-26T18:08:33.586Z","ask"
"23.03","1.000322","2024-05-26T18:08:33.586Z","ask"
"23.108","10.5","2024-05-26T18:08:33.586Z","ask"
"23.12","107.055771","2024-05-26T18:08:33.586Z","ask"
"23.145","0.337557","2024-05-26T18:08:33.586Z","ask"
"23.195","16.743814","2024-05-26T18:08:33.586Z","ask"
"23.2","797.137967","2024-05-26T18:08:33.586Z","ask"
"23.21","19.809807","2024-05-26T18:08:33.586Z","ask"
"23.38","0.540715","2024-05-26T18:08:33.586Z","ask"
"23.428","11","2024-05-26T18:08:33.586Z","ask"
"23.43","4.3","2024-05-26T18:08:33.586Z","ask"
"23.45","138.428701","2024-05-26T18:08:33.586Z","ask"
"23.5","29.249192","2024-05-26T18:08:33.586Z","ask"
"23.533","1.000631","2024-05-26T18:08:33.586Z","ask"
"23.55","2.5","2024-05-26T18:08:33.586Z","ask"
"23.567","12.5","2024-05-26T18:08:33.586Z","ask"
"23.604","2.115274","2024-05-26T18:08:33.586Z","ask"
"23.66","8.265","2024-05-26T18:08:33.586Z","ask"
"23.7","4.856578","2024-05-26T18:08:33.586Z","ask"
"23.747","11.5","2024-05-26T18:08:33.586Z","ask"
"23.84","4.320469","2024-05-26T18:08:33.586Z","ask"
"23.894","15","2024-05-26T18:08:33.586Z","ask"
"23.9","131.148834","2024-05-26T18:08:33.586Z","ask"
"23.98","1","2024-05-26T18:08:33.586Z","ask"
"23.987","50","2024-05-26T18:08:33.586Z","ask"
"24","1263.770138","2024-05-26T18:08:33.586Z","ask"
"24.05","10","2024-05-26T18:08:33.586Z","ask"
"24.066","12","2024-05-26T18:08:33.586Z","ask"
"24.1","22","2024-05-26T18:08:33.586Z","ask"
"24.2","281.892561","2024-05-26T18:08:33.586Z","ask"
"24.25","41","2024-05-26T18:08:33.586Z","ask"
"24.33","2.025","2024-05-26T18:08:33.586Z","ask"
"24.386","12.5","2024-05-26T18:08:33.586Z","ask"
"24.44","130.23","2024-05-26T18:08:33.586Z","ask"
"24.444","14","2024-05-26T18:08:33.586Z","ask"
"24.47","27","2024-05-26T18:08:33.586Z","ask"
"24.49","120.090876","2024-05-26T18:08:33.586Z","ask"
"24.5","10433.654763","2024-05-26T18:08:33.586Z","ask"
"24.52","18.006731","2024-05-26T18:08:33.586Z","ask"
"24.64","42.628784","2024-05-26T18:08:33.586Z","ask"
"24.69","40.502227","2024-05-26T18:08:33.586Z","ask"
"24.7","5.134439","2024-05-26T18:08:33.586Z","ask"
"24.705","13","2024-05-26T18:08:33.586Z","ask"
"24.748","8","2024-05-26T18:08:33.586Z","ask"
"24.75","129.069693","2024-05-26T18:08:33.586Z","ask"
"24.77","0.106","2024-05-26T18:08:33.586Z","ask"
"24.8","574.000631","2024-05-26T18:08:33.586Z","ask"
"24.83","2.024769","2024-05-26T18:08:33.586Z","ask"
"24.882","6.85","2024-05-26T18:08:33.586Z","ask"
"24.894","21","2024-05-26T18:08:33.586Z","ask"
"24.9","472.03961","2024-05-26T18:08:33.586Z","ask"
"24.93","1.103193","2024-05-26T18:08:33.586Z","ask"
"24.95","55.990785","2024-05-26T18:08:33.586Z","ask"
"24.97","1","2024-05-26T18:08:33.586Z","ask"
"24.98","1","2024-05-26T18:08:33.586Z","ask"
"24.99","17","2024-05-26T18:08:33.586Z","ask"
"25","4340.636623","2024-05-26T18:08:33.586Z","ask"
"25.024","13.5","2024-05-26T18:08:33.586Z","ask"
"25.04","184.077981","2024-05-26T18:08:33.586Z","ask"
"25.1","361.175198","2024-05-26T18:08:33.586Z","ask"
"25.15","5","2024-05-26T18:08:33.586Z","ask"
"25.182","60","2024-05-26T18:08:33.586Z","ask"
"25.2","141.14074","2024-05-26T18:08:33.586Z","ask"
"25.3","21","2024-05-26T18:08:33.586Z","ask"
"25.339","10","2024-05-26T18:08:33.586Z","ask"
"25.343","14","2024-05-26T18:08:33.586Z","ask"
"25.46","5","2024-05-26T18:08:33.586Z","ask"
"25.49","0.394469","2024-05-26T18:08:33.586Z","ask"
"25.5","44.47826","2024-05-26T18:08:33.586Z","ask"
"25.52","50.429097","2024-05-26T18:08:33.586Z","ask"
"25.58","16","2024-05-26T18:08:33.586Z","ask"
"25.6","15.784689","2024-05-26T18:08:33.586Z","ask"
"25.652","0.9","2024-05-26T18:08:33.586Z","ask"
"25.663","14.5","2024-05-26T18:08:33.586Z","ask"
"25.69","100","2024-05-26T18:08:33.586Z","ask"
"25.727","0.5","2024-05-26T18:08:33.586Z","ask"
"25.74","72.035","2024-05-26T18:08:33.586Z","ask"
"25.865","1","2024-05-26T18:08:33.586Z","ask"
"25.91","2.245444","2024-05-26T18:08:33.586Z","ask"
"25.98","2","2024-05-26T18:08:33.586Z","ask"
"25.982","15","2024-05-26T18:08:33.586Z","ask"
"25.99","10","2024-05-26T18:08:33.586Z","ask"
"26","173.154339","2024-05-26T18:08:33.586Z","ask"
"26.067","1.000631","2024-05-26T18:08:33.586Z","ask"
"26.183","0.30971","2024-05-26T18:08:33.586Z","ask"
"26.227","1.903723","2024-05-26T18:08:33.586Z","ask"
"26.26","5","2024-05-26T18:08:33.586Z","ask"
"26.298","16.743814","2024-05-26T18:08:33.586Z","ask"
"26.301","15.5","2024-05-26T18:08:33.586Z","ask"
"26.39","23.388226","2024-05-26T18:08:33.586Z","ask"
"26.41","0.1","2024-05-26T18:08:33.586Z","ask"
"26.43","1.6","2024-05-26T18:08:33.586Z","ask"
"26.5","51","2024-05-26T18:08:33.586Z","ask"
"26.62","16","2024-05-26T18:08:33.586Z","ask"
"26.7","15","2024-05-26T18:08:33.586Z","ask"
"26.86","134.028294","2024-05-26T18:08:33.586Z","ask"
"26.894","9","2024-05-26T18:08:33.586Z","ask"
"26.94","16.5","2024-05-26T18:08:33.586Z","ask"
"26.95","3","2024-05-26T18:08:33.586Z","ask"
"26.98","2","2024-05-26T18:08:33.586Z","ask"
"26.99","11.508553","2024-05-26T18:08:33.586Z","ask"
"27","263.468215","2024-05-26T18:08:33.586Z","ask"
"27.113","0.619","2024-05-26T18:08:33.586Z","ask"
"27.2","227.044757","2024-05-26T18:08:33.586Z","ask"
"27.25","43.698209","2024-05-26T18:08:33.586Z","ask"
"27.259","17","2024-05-26T18:08:33.586Z","ask"
"27.3","146.836081","2024-05-26T18:08:33.586Z","ask"
"27.315","5.114913","2024-05-26T18:08:33.586Z","ask"
"27.333","1.000631","2024-05-26T18:08:33.586Z","ask"
"27.4","120.365","2024-05-26T18:08:33.586Z","ask"
"27.43","1.466278","2024-05-26T18:08:33.586Z","ask"
"27.45","3.159644","2024-05-26T18:08:33.586Z","ask"
"27.485","50","2024-05-26T18:08:33.586Z","ask"
"27.489","10","2024-05-26T18:08:33.586Z","ask"
"27.5","447.224967","2024-05-26T18:08:33.586Z","ask"
"27.511","15.244344","2024-05-26T18:08:33.586Z","ask"
"27.578","19.372","2024-05-26T18:08:33.586Z","ask"
"27.595","1.17","2024-05-26T18:08:33.586Z","ask"
"27.684","0.717423","2024-05-26T18:08:33.586Z","ask"
"27.73","25","2024-05-26T18:08:33.586Z","ask"
"27.75","12.029482","2024-05-26T18:08:33.586Z","ask"
"27.77","60","2024-05-26T18:08:33.586Z","ask"
"27.785","0.58","2024-05-26T18:08:33.586Z","ask"
"27.786","113.99618","2024-05-26T18:08:33.586Z","ask"
"27.84","0.361171","2024-05-26T18:08:33.586Z","ask"
"27.898","18","2024-05-26T18:08:33.586Z","ask"
"27.9","5.220866","2024-05-26T18:08:33.586Z","ask"
"27.92","3.557885","2024-05-26T18:08:33.586Z","ask"
"27.94","25","2024-05-26T18:08:33.586Z","ask"
"27.948","7","2024-05-26T18:08:33.586Z","ask"
"27.977","1111.279832","2024-05-26T18:08:33.586Z","ask"
"27.98","2","2024-05-26T18:08:33.586Z","ask"
"28","3639.998571","2024-05-26T18:08:33.586Z","ask"
"28.1","237.800671","2024-05-26T18:08:33.586Z","ask"
"28.217","18.5","2024-05-26T18:08:33.586Z","ask"
"28.24","0.094","2024-05-26T18:08:33.586Z","ask"
"28.255","212.353522","2024-05-26T18:08:33.586Z","ask"
"28.361","120","2024-05-26T18:08:33.586Z","ask"
"28.371","7.792455","2024-05-26T18:08:33.586Z","ask"
"28.39","0.75","2024-05-26T18:08:33.586Z","ask"
"28.44","226.082907","2024-05-26T18:08:33.586Z","ask"
"28.45","48.306529","2024-05-26T18:08:33.586Z","ask"
"28.5","1","2024-05-26T18:08:33.586Z","ask"
"28.536","19","2024-05-26T18:08:33.586Z","ask"
"28.6","1.000631","2024-05-26T18:08:33.586Z","ask"
"28.7","75.1288","2024-05-26T18:08:33.586Z","ask"
"28.75","1","2024-05-26T18:08:33.586Z","ask"
"28.855","19.5","2024-05-26T18:08:33.586Z","ask"
"28.88","95","2024-05-26T18:08:33.586Z","ask"
"28.889","25","2024-05-26T18:08:33.586Z","ask"
"28.9","5.347924","2024-05-26T18:08:33.586Z","ask"
"28.91","37.192779","2024-05-26T18:08:33.586Z","ask"
"28.98","2","2024-05-26T18:08:33.586Z","ask"
"29","535.044145","2024-05-26T18:08:33.586Z","ask"
"29.09","24.7","2024-05-26T18:08:33.586Z","ask"
"29.11","161.41612","2024-05-26T18:08:33.586Z","ask"
"29.141","1.713357","2024-05-26T18:08:33.586Z","ask"
"29.175","20","2024-05-26T18:08:33.586Z","ask"
"29.27","10","2024-05-26T18:08:33.586Z","ask"
"29.389","8","2024-05-26T18:08:33.586Z","ask"
"29.402","16.743814","2024-05-26T18:08:33.586Z","ask"
"29.43","2.04995","2024-05-26T18:08:33.586Z","ask"
"29.444","5","2024-05-26T18:08:33.586Z","ask"
"29.489","10","2024-05-26T18:08:33.586Z","ask"
"29.494","31.286789","2024-05-26T18:08:33.586Z","ask"
"29.5","281.000001","2024-05-26T18:08:33.586Z","ask"
"29.68","150","2024-05-26T18:08:33.586Z","ask"
"29.69","4.739465","2024-05-26T18:08:33.586Z","ask"
"29.7","7.972511","2024-05-26T18:08:33.586Z","ask"
"29.748","10","2024-05-26T18:08:33.586Z","ask"
"29.75","25.635822","2024-05-26T18:08:33.586Z","ask"
"29.77","1694.305795","2024-05-26T18:08:33.586Z","ask"
"29.8","78.463998","2024-05-26T18:08:33.586Z","ask"
"29.813","21","2024-05-26T18:08:33.586Z","ask"
"29.867","1.000631","2024-05-26T18:08:33.586Z","ask"
"29.87","1.114165","2024-05-26T18:08:33.586Z","ask"
"29.894","10","2024-05-26T18:08:33.586Z","ask"
"29.9","39.526302","2024-05-26T18:08:33.586Z","ask"
"29.95","4","2024-05-26T18:08:33.586Z","ask"
"29.96","20","2024-05-26T18:08:33.586Z","ask"
"29.98","250.478864","2024-05-26T18:08:33.586Z","ask"
"29.99","636.86001","2024-05-26T18:08:33.586Z","ask"
"30","8812.433321","2024-05-26T18:08:33.586Z","ask"
"30.01","25","2024-05-26T18:08:33.586Z","ask"
"30.03","2.049253","2024-05-26T18:08:33.586Z","ask"
"30.1","74.451837","2024-05-26T18:08:33.586Z","ask"
"30.133","21.5","2024-05-26T18:08:33.586Z","ask"
"30.17","25","2024-05-26T18:08:33.586Z","ask"
"30.2","3","2024-05-26T18:08:33.586Z","ask"
"30.216","0.763203","2024-05-26T18:08:33.586Z","ask"
"30.23","7.69856","2024-05-26T18:08:33.586Z","ask"
"30.25","185.789381","2024-05-26T18:08:33.586Z","ask"
"30.27","0.088","2024-05-26T18:08:33.586Z","ask"
"30.3","3","2024-05-26T18:08:33.586Z","ask"
"30.33","1.8225","2024-05-26T18:08:33.586Z","ask"
"30.34","4.362009","2024-05-26T18:08:33.586Z","ask"
"30.386","1","2024-05-26T18:08:33.586Z","ask"
"30.452","22","2024-05-26T18:08:33.586Z","ask"
"30.5","142","2024-05-26T18:08:33.586Z","ask"
"30.771","22.5","2024-05-26T18:08:33.586Z","ask"
"30.898","31.271376","2024-05-26T18:08:33.586Z","ask"
"30.957","1","2024-05-26T18:08:33.586Z","ask"
"31","770.095698","2024-05-26T18:08:33.586Z","ask"
"31.089","65","2024-05-26T18:08:33.586Z","ask"
"31.09","23","2024-05-26T18:08:33.586Z","ask"
"31.133","1.000631","2024-05-26T18:08:33.586Z","ask"
"31.159","0.881621","2024-05-26T18:08:33.586Z","ask"
"31.19","100","2024-05-26T18:08:33.586Z","ask"
"31.2","15","2024-05-26T18:08:33.586Z","ask"
"31.295","30","2024-05-26T18:08:33.586Z","ask"
"31.31","7","2024-05-26T18:08:33.586Z","ask"
"31.41","23.5","2024-05-26T18:08:33.586Z","ask"
"31.49","1","2024-05-26T18:08:33.586Z","ask"
"31.5","6.000008","2024-05-26T18:08:33.586Z","ask"
"31.515","0.585392","2024-05-26T18:08:33.586Z","ask"
"31.56","18.006732","2024-05-26T18:08:33.586Z","ask"
"31.729","24","2024-05-26T18:08:33.586Z","ask"
"31.894","7","2024-05-26T18:08:33.586Z","ask"
"32","786.514521","2024-05-26T18:08:33.586Z","ask"
"32.048","24.5","2024-05-26T18:08:33.586Z","ask"
"32.19","3.399","2024-05-26T18:08:33.586Z","ask"
"32.23","10","2024-05-26T18:08:33.586Z","ask"
"32.238","0.68","2024-05-26T18:08:33.586Z","ask"
"32.32","0.5","2024-05-26T18:08:33.586Z","ask"
"32.367","25","2024-05-26T18:08:33.586Z","ask"
"32.378","1.542064","2024-05-26T18:08:33.586Z","ask"
"32.4","1.000631","2024-05-26T18:08:33.586Z","ask"
"32.489","6","2024-05-26T18:08:33.586Z","ask"
"32.5","56.469039","2024-05-26T18:08:33.586Z","ask"
"32.505","16.743814","2024-05-26T18:08:33.586Z","ask"
"32.53","0.082","2024-05-26T18:08:33.586Z","ask"
"32.687","25.5","2024-05-26T18:08:33.586Z","ask"
"32.79","21","2024-05-26T18:08:33.586Z","ask"
"32.948","6","2024-05-26T18:08:33.586Z","ask"
"33","1719.957014","2024-05-26T18:08:33.586Z","ask"
"33.006","26","2024-05-26T18:08:33.586Z","ask"
"33.24","0.3","2024-05-26T18:08:33.586Z","ask"
"33.325","26.5","2024-05-26T18:08:33.586Z","ask"
"33.33","120.35","2024-05-26T18:08:33.586Z","ask"
"33.35","2500","2024-05-26T18:08:33.586Z","ask"
"33.42","44.122906","2024-05-26T18:08:33.586Z","ask"
"33.447","5","2024-05-26T18:08:33.586Z","ask"
"33.477","0.1","2024-05-26T18:08:33.586Z","ask"
"33.5","902.113514","2024-05-26T18:08:33.586Z","ask"
"33.56","0.2328","2024-05-26T18:08:33.586Z","ask"
"33.645","27","2024-05-26T18:08:33.586Z","ask"
"33.667","1.000631","2024-05-26T18:08:33.586Z","ask"
"33.67","7.807812","2024-05-26T18:08:33.586Z","ask"
"33.69","2.162008","2024-05-26T18:08:33.586Z","ask"
"33.7","103","2024-05-26T18:08:33.586Z","ask"
"33.726","0.869","2024-05-26T18:08:33.586Z","ask"
"33.8","121","2024-05-26T18:08:33.586Z","ask"
"33.83","1.783329","2024-05-26T18:08:33.586Z","ask"
"33.894","12","2024-05-26T18:08:33.586Z","ask"
"33.964","27.5","2024-05-26T18:08:33.586Z","ask"
"34","192.412138","2024-05-26T18:08:33.586Z","ask"
"34.162","0.5","2024-05-26T18:08:33.586Z","ask"
"34.283","28","2024-05-26T18:08:33.586Z","ask"
"34.44","43.922786","2024-05-26T18:08:33.586Z","ask"
"34.444","8","2024-05-26T18:08:33.586Z","ask"
"34.49","0.58","2024-05-26T18:08:33.586Z","ask"
"34.5","128.542578","2024-05-26T18:08:33.586Z","ask"
"34.602","28.5","2024-05-26T18:08:33.586Z","ask"
"34.62","3","2024-05-26T18:08:33.586Z","ask"
"34.68","116.345","2024-05-26T18:08:33.586Z","ask"
"34.894","15","2024-05-26T18:08:33.586Z","ask"
"34.9","273.5","2024-05-26T18:08:33.586Z","ask"
"34.907","1","2024-05-26T18:08:33.586Z","ask"
"34.922","29","2024-05-26T18:08:33.586Z","ask"
"34.933","1.000631","2024-05-26T18:08:33.586Z","ask"
"35","2703.168716","2024-05-26T18:08:33.586Z","ask"
"35.07","0.076","2024-05-26T18:08:33.586Z","ask"
"35.241","29.5","2024-05-26T18:08:33.586Z","ask"
"35.5","38","2024-05-26T18:08:33.586Z","ask"
"35.535","160.135681","2024-05-26T18:08:33.586Z","ask"
"35.56","30","2024-05-26T18:08:33.586Z","ask"
"35.582","0.05","2024-05-26T18:08:33.586Z","ask"
"35.609","16.743814","2024-05-26T18:08:33.586Z","ask"
"35.8","1.339271","2024-05-26T18:08:33.586Z","ask"
"35.85","74","2024-05-26T18:08:33.586Z","ask"
"35.88","30.5","2024-05-26T18:08:33.586Z","ask"
"35.948","5","2024-05-26T18:08:33.586Z","ask"
"35.976","1.38784","2024-05-26T18:08:33.586Z","ask"
"35.99","10","2024-05-26T18:08:33.586Z","ask"
"36","1445.873527","2024-05-26T18:08:33.586Z","ask"
"36.01","75","2024-05-26T18:08:33.586Z","ask"
"36.072","49","2024-05-26T18:08:33.586Z","ask"
"36.08","99.77827","2024-05-26T18:08:33.586Z","ask"
"36.199","31","2024-05-26T18:08:33.586Z","ask"
"36.2","1.000631","2024-05-26T18:08:33.586Z","ask"
"36.5","1","2024-05-26T18:08:33.586Z","ask"
"36.518","31.5","2024-05-26T18:08:33.586Z","ask"
"36.55","94.33805","2024-05-26T18:08:33.586Z","ask"
"36.69","27.255382","2024-05-26T18:08:33.586Z","ask"
"36.837","32","2024-05-26T18:08:33.586Z","ask"
"36.894","12","2024-05-26T18:08:33.586Z","ask"
"36.92","500","2024-05-26T18:08:33.586Z","ask"
"37","438.240015","2024-05-26T18:08:33.586Z","ask"
"37.157","32.5","2024-05-26T18:08:33.586Z","ask"
"37.345","5","2024-05-26T18:08:33.586Z","ask"
"37.467","1.000631","2024-05-26T18:08:33.586Z","ask"
"37.476","33","2024-05-26T18:08:33.586Z","ask"
"37.489","10","2024-05-26T18:08:33.586Z","ask"
"37.5","1","2024-05-26T18:08:33.586Z","ask"
"37.55","4","2024-05-26T18:08:33.586Z","ask"
"37.69","56.357969","2024-05-26T18:08:33.586Z","ask"
"37.71","1.35","2024-05-26T18:08:33.586Z","ask"
"37.73","100","2024-05-26T18:08:33.586Z","ask"
"37.77","10","2024-05-26T18:08:33.586Z","ask"
"37.795","33.5","2024-05-26T18:08:33.586Z","ask"
"37.8","0.532011","2024-05-26T18:08:33.586Z","ask"
"37.83","2.126355","2024-05-26T18:08:33.586Z","ask"
"37.9","13.423406","2024-05-26T18:08:33.586Z","ask"
"37.948","10","2024-05-26T18:08:33.586Z","ask"
"38","1373.21233","2024-05-26T18:08:33.586Z","ask"
"38.114","34","2024-05-26T18:08:33.586Z","ask"
"38.14","6","2024-05-26T18:08:33.586Z","ask"
"38.25","5","2024-05-26T18:08:33.586Z","ask"
"38.3","2.8","2024-05-26T18:08:33.586Z","ask"
"38.434","34.5","2024-05-26T18:08:33.586Z","ask"
"38.49","50","2024-05-26T18:08:33.586Z","ask"
"38.5","6.687791","2024-05-26T18:08:33.586Z","ask"
"38.712","16.743814","2024-05-26T18:08:33.586Z","ask"
"38.733","1.000631","2024-05-26T18:08:33.586Z","ask"
"38.753","35","2024-05-26T18:08:33.586Z","ask"
"38.868","5","2024-05-26T18:08:33.586Z","ask"
"38.88","66","2024-05-26T18:08:33.586Z","ask"
"38.889","20","2024-05-26T18:08:33.586Z","ask"
"39","936.918777","2024-05-26T18:08:33.586Z","ask"
"39.072","35.5","2024-05-26T18:08:33.586Z","ask"
"39.15","13.433039","2024-05-26T18:08:33.586Z","ask"
"39.25","5.927516","2024-05-26T18:08:33.586Z","ask"
"39.284","500","2024-05-26T18:08:33.586Z","ask"
"39.389","10","2024-05-26T18:08:33.586Z","ask"
"39.392","36","2024-05-26T18:08:33.586Z","ask"
"39.419","3.12502","2024-05-26T18:08:33.586Z","ask"
"39.428","1","2024-05-26T18:08:33.586Z","ask"
"39.47","10","2024-05-26T18:08:33.586Z","ask"
"39.489","20","2024-05-26T18:08:33.586Z","ask"
"39.5","1","2024-05-26T18:08:33.586Z","ask"
"39.631","0.1","2024-05-26T18:08:33.586Z","ask"
"39.711","36.5","2024-05-26T18:08:33.586Z","ask"
"39.74","4.739465","2024-05-26T18:08:33.586Z","ask"
"39.748","10","2024-05-26T18:08:33.586Z","ask"
"39.85","30","2024-05-26T18:08:33.586Z","ask"
"39.89","15.4","2024-05-26T18:08:33.586Z","ask"
"39.9","5","2024-05-26T18:08:33.586Z","ask"
"39.95","61.074676","2024-05-26T18:08:33.586Z","ask"
"39.99","110","2024-05-26T18:08:33.586Z","ask"
"39.999","29.619352","2024-05-26T18:08:33.586Z","ask"
"40","4351.689511","2024-05-26T18:08:33.586Z","ask"
"40.01","25","2024-05-26T18:08:33.586Z","ask"
"40.02","250","2024-05-26T18:08:33.586Z","ask"
"40.03","37","2024-05-26T18:08:33.586Z","ask"
"40.07","2","2024-05-26T18:08:33.586Z","ask"
"40.3","5","2024-05-26T18:08:33.586Z","ask"
"40.339","0.619","2024-05-26T18:08:33.586Z","ask"
"40.349","37.5","2024-05-26T18:08:33.586Z","ask"
"40.379","7","2024-05-26T18:08:33.586Z","ask"
"40.396","1.235987","2024-05-26T18:08:33.586Z","ask"
"40.5","111.4202","2024-05-26T18:08:33.586Z","ask"
"40.669","38","2024-05-26T18:08:33.586Z","ask"
"40.962","1.178783","2024-05-26T18:08:33.586Z","ask"
"40.98","100","2024-05-26T18:08:33.586Z","ask"
"40.988","38.5","2024-05-26T18:08:33.586Z","ask"
"41","524.961623","2024-05-26T18:08:33.586Z","ask"
"41.07","0.065","2024-05-26T18:08:33.586Z","ask"
"41.09","51.615414","2024-05-26T18:08:33.586Z","ask"
"41.27","30.360562","2024-05-26T18:08:33.586Z","ask"
"41.307","39","2024-05-26T18:08:33.586Z","ask"
"41.5","101","2024-05-26T18:08:33.586Z","ask"
"41.627","39.5","2024-05-26T18:08:33.586Z","ask"
"41.816","16.743814","2024-05-26T18:08:33.586Z","ask"
"41.89","5","2024-05-26T18:08:33.586Z","ask"
"41.946","40","2024-05-26T18:08:33.586Z","ask"
"41.985","11.433258","2024-05-26T18:08:33.586Z","ask"
"42","3009.825067","2024-05-26T18:08:33.586Z","ask"
"42.21","111.578338","2024-05-26T18:08:33.586Z","ask"
"42.265","40.5","2024-05-26T18:08:33.586Z","ask"
"42.37","97.390352","2024-05-26T18:08:33.586Z","ask"
"42.42","38.731736","2024-05-26T18:08:33.586Z","ask"
"42.47","2","2024-05-26T18:08:33.587Z","ask"
"42.48","10","2024-05-26T18:08:33.587Z","ask"
"42.5","1","2024-05-26T18:08:33.587Z","ask"
"42.584","41","2024-05-26T18:08:33.587Z","ask"
"42.597","0.5","2024-05-26T18:08:33.587Z","ask"
"42.75","5","2024-05-26T18:08:33.587Z","ask"
"42.904","41.5","2024-05-26T18:08:33.587Z","ask"
"42.92","2.266","2024-05-26T18:08:33.587Z","ask"
"42.94","5","2024-05-26T18:08:33.587Z","ask"
"43","433.203798","2024-05-26T18:08:33.587Z","ask"
"43.031","175.576317","2024-05-26T18:08:33.587Z","ask"
"43.2","301.91957","2024-05-26T18:08:33.587Z","ask"
"43.22","1.163235","2024-05-26T18:08:33.587Z","ask"
"43.223","42","2024-05-26T18:08:33.587Z","ask"
"43.477","0.1","2024-05-26T18:08:33.587Z","ask"
"43.48","5","2024-05-26T18:08:33.587Z","ask"
"43.49","153","2024-05-26T18:08:33.587Z","ask"
"43.5","6.687791","2024-05-26T18:08:33.587Z","ask"
"43.542","42.5","2024-05-26T18:08:33.587Z","ask"
"43.56","4.042894","2024-05-26T18:08:33.587Z","ask"
"43.59","19.570798","2024-05-26T18:08:33.587Z","ask"
"43.62","0.22","2024-05-26T18:08:33.587Z","ask"
"43.7","3.734162","2024-05-26T18:08:33.587Z","ask"
"43.737","8","2024-05-26T18:08:33.587Z","ask"
"43.861","43","2024-05-26T18:08:33.587Z","ask"
"43.89","10","2024-05-26T18:08:33.587Z","ask"
"43.948","7","2024-05-26T18:08:33.587Z","ask"
"44","2185.668363","2024-05-26T18:08:33.587Z","ask"
"44.17","13","2024-05-26T18:08:33.587Z","ask"
"44.181","43.5","2024-05-26T18:08:33.587Z","ask"
"44.25","3.79","2024-05-26T18:08:33.587Z","ask"
"44.4","422.646397","2024-05-26T18:08:33.587Z","ask"
"44.44","223.224123","2024-05-26T18:08:33.587Z","ask"
"44.45","10","2024-05-26T18:08:33.587Z","ask"
"44.48","390","2024-05-26T18:08:33.587Z","ask"
"44.5","72.586354","2024-05-26T18:08:33.587Z","ask"
"44.62","0.06","2024-05-26T18:08:33.587Z","ask"
"44.7","25","2024-05-26T18:08:33.587Z","ask"
"44.72","82.207961","2024-05-26T18:08:33.587Z","ask"
"44.748","10","2024-05-26T18:08:33.587Z","ask"
"44.75","5","2024-05-26T18:08:33.587Z","ask"
"44.77","90","2024-05-26T18:08:33.587Z","ask"
"44.82","2.379295","2024-05-26T18:08:33.587Z","ask"
"44.88","40","2024-05-26T18:08:33.587Z","ask"
"44.885","1.112375","2024-05-26T18:08:33.587Z","ask"
"44.89","30","2024-05-26T18:08:33.587Z","ask"
"44.9","26.931728","2024-05-26T18:08:33.587Z","ask"
"44.919","16.743814","2024-05-26T18:08:33.587Z","ask"
"44.96","44.083629","2024-05-26T18:08:33.587Z","ask"
"44.97","252.516197","2024-05-26T18:08:33.587Z","ask"
"44.99","404.551274","2024-05-26T18:08:33.587Z","ask"
"45","7760.726361","2024-05-26T18:08:33.587Z","ask"
"45.02","156.063846","2024-05-26T18:08:33.587Z","ask"
"45.024","12.897193","2024-05-26T18:08:33.587Z","ask"
"45.42","11.008366","2024-05-26T18:08:33.587Z","ask"
"45.5","1","2024-05-26T18:08:33.587Z","ask"
"45.6","27.542579","2024-05-26T18:08:33.587Z","ask"
"45.903","6.014908","2024-05-26T18:08:33.587Z","ask"
"45.94","5","2024-05-26T18:08:33.587Z","ask"
"45.989","60","2024-05-26T18:08:33.587Z","ask"
"45.99","15","2024-05-26T18:08:33.587Z","ask"
"46","222.288002","2024-05-26T18:08:33.587Z","ask"
"46.087","0.124171","2024-05-26T18:08:33.587Z","ask"
"46.5","65.99977","2024-05-26T18:08:33.587Z","ask"
"46.51","35","2024-05-26T18:08:33.587Z","ask"
"46.69","64.253587","2024-05-26T18:08:33.587Z","ask"
"46.89","10","2024-05-26T18:08:33.587Z","ask"
"46.92","500","2024-05-26T18:08:33.587Z","ask"
"46.952","0.869","2024-05-26T18:08:33.587Z","ask"
"47","252.6162","2024-05-26T18:08:33.587Z","ask"
"47.25","5","2024-05-26T18:08:33.587Z","ask"
"47.4","4.856578","2024-05-26T18:08:33.587Z","ask"
"47.48","10","2024-05-26T18:08:33.587Z","ask"
"47.5","1","2024-05-26T18:08:33.587Z","ask"
"47.53","2.790686","2024-05-26T18:08:33.587Z","ask"
"47.77","0.5","2024-05-26T18:08:33.587Z","ask"
"47.94","8","2024-05-26T18:08:33.587Z","ask"
"47.99","4.743113","2024-05-26T18:08:33.587Z","ask"
"48","288.289611","2024-05-26T18:08:33.587Z","ask"
"48.023","16.743817","2024-05-26T18:08:33.587Z","ask"
"48.15","50","2024-05-26T18:08:33.587Z","ask"
"48.47","1","2024-05-26T18:08:33.587Z","ask"
"48.48","10","2024-05-26T18:08:33.587Z","ask"
"48.5","1","2024-05-26T18:08:33.587Z","ask"
"48.83","35","2024-05-26T18:08:33.587Z","ask"
"48.88","79","2024-05-26T18:08:33.587Z","ask"
"48.89","35","2024-05-26T18:08:33.587Z","ask"
"48.9","25","2024-05-26T18:08:33.587Z","ask"
"49","24.653497","2024-05-26T18:08:33.587Z","ask"
"49.33","0.203832","2024-05-26T18:08:33.587Z","ask"
"49.38","50","2024-05-26T18:08:33.587Z","ask"
"49.48","50","2024-05-26T18:08:33.587Z","ask"
"49.5","6","2024-05-26T18:08:33.587Z","ask"
"49.55","10","2024-05-26T18:08:33.587Z","ask"
"49.887","6.951291","2024-05-26T18:08:33.587Z","ask"
"49.92","3.557885","2024-05-26T18:08:33.587Z","ask"
"50","2086.708685","2024-05-26T18:08:33.587Z","ask"
"50.01","50","2024-05-26T18:08:33.587Z","ask"
"50.07","1","2024-05-26T18:08:33.587Z","ask"
"50.5","1","2024-05-26T18:08:33.587Z","ask"
"50.7","10","2024-05-26T18:08:33.587Z","ask"
"51","64.752144","2024-05-26T18:08:33.587Z","ask"
"51.032","0.25","2024-05-26T18:08:33.587Z","ask"
"51.23","12.6","2024-05-26T18:08:33.587Z","ask"
"51.5","1","2024-05-26T18:08:33.587Z","ask"
"51.7","1.362859","2024-05-26T18:08:33.587Z","ask"
"51.75","5","2024-05-26T18:08:33.587Z","ask"
"52","60.624188","2024-05-26T18:08:33.587Z","ask"
"52.3","192.067477","2024-05-26T18:08:33.587Z","ask"
"52.5","1","2024-05-26T18:08:33.587Z","ask"
"52.991","1","2024-05-26T18:08:33.587Z","ask"
"53","0.96","2024-05-26T18:08:33.587Z","ask"
"53.052","23.919734","2024-05-26T18:08:33.587Z","ask"
"53.5","1","2024-05-26T18:08:33.587Z","ask"
"53.565","0.619","2024-05-26T18:08:33.587Z","ask"
"53.65","2.266","2024-05-26T18:08:33.587Z","ask"
"53.99","9.319541","2024-05-26T18:08:33.587Z","ask"
"54","47.89","2024-05-26T18:08:33.587Z","ask"
"54.03","405.015516","2024-05-26T18:08:33.587Z","ask"
"54.5","1","2024-05-26T18:08:33.587Z","ask"
"54.62","18","2024-05-26T18:08:33.587Z","ask"
"54.89","20","2024-05-26T18:08:33.587Z","ask"
"55","2438.861201","2024-05-26T18:08:33.587Z","ask"
"55.5","16","2024-05-26T18:08:33.587Z","ask"
"55.55","17.892512","2024-05-26T18:08:33.587Z","ask"
"55.84","26.580009","2024-05-26T18:08:33.587Z","ask"
"56","70","2024-05-26T18:08:33.587Z","ask"
"56.25","5","2024-05-26T18:08:33.587Z","ask"
"56.35","40.067316","2024-05-26T18:08:33.587Z","ask"
"56.5","1","2024-05-26T18:08:33.587Z","ask"
"56.7","2.385368","2024-05-26T18:08:33.587Z","ask"
"56.88","445.142119","2024-05-26T18:08:33.587Z","ask"
"57","13","2024-05-26T18:08:33.587Z","ask"
"57.48","7","2024-05-26T18:08:33.587Z","ask"
"57.5","1","2024-05-26T18:08:33.587Z","ask"
"57.512","1","2024-05-26T18:08:33.587Z","ask"
"58","237.692813","2024-05-26T18:08:33.587Z","ask"
"58.5","16","2024-05-26T18:08:33.587Z","ask"
"58.89","25","2024-05-26T18:08:33.587Z","ask"
"58.92","500","2024-05-26T18:08:33.587Z","ask"
"59","30.570617","2024-05-26T18:08:33.587Z","ask"
"59.2","340","2024-05-26T18:08:33.587Z","ask"
"59.467","0.25","2024-05-26T18:08:33.587Z","ask"
"59.48","40","2024-05-26T18:08:33.587Z","ask"
"59.5","1","2024-05-26T18:08:33.587Z","ask"
"59.77","1800","2024-05-26T18:08:33.587Z","ask"
"60","2393.048892","2024-05-26T18:08:33.587Z","ask"
"60.178","0.895362","2024-05-26T18:08:33.587Z","ask"
"61","15.94589","2024-05-26T18:08:33.587Z","ask"
"61.6","15","2024-05-26T18:08:33.587Z","ask"
"61.71","2.5","2024-05-26T18:08:33.587Z","ask"
"62","12","2024-05-26T18:08:33.587Z","ask"
"62.11","0.573638","2024-05-26T18:08:33.587Z","ask"
"62.48","5","2024-05-26T18:08:33.587Z","ask"
"63","0.96","2024-05-26T18:08:33.587Z","ask"
"63.89","5","2024-05-26T18:08:33.587Z","ask"
"63.9","35","2024-05-26T18:08:33.587Z","ask"
"64","83.896224","2024-05-26T18:08:33.587Z","ask"
"64.146","5","2024-05-26T18:08:33.587Z","ask"
"64.55","762","2024-05-26T18:08:33.587Z","ask"
"64.85","6.754184","2024-05-26T18:08:33.587Z","ask"
"64.89","20","2024-05-26T18:08:33.587Z","ask"
"65","634.758412","2024-05-26T18:08:33.587Z","ask"
"65.216","23.919734","2024-05-26T18:08:33.587Z","ask"
"65.75","129","2024-05-26T18:08:33.587Z","ask"
"65.87","15.318455","2024-05-26T18:08:33.587Z","ask"
"66","25","2024-05-26T18:08:33.587Z","ask"
"66.6","4","2024-05-26T18:08:33.587Z","ask"
"66.75","4.998039","2024-05-26T18:08:33.587Z","ask"
"66.791","0.254","2024-05-26T18:08:33.587Z","ask"
"67","170","2024-05-26T18:08:33.587Z","ask"
"67.18","250","2024-05-26T18:08:33.587Z","ask"
"67.36","1","2024-05-26T18:08:33.587Z","ask"
"67.48","10","2024-05-26T18:08:33.587Z","ask"
"67.5","10.001679","2024-05-26T18:08:33.587Z","ask"
"67.894","29.815025","2024-05-26T18:08:33.587Z","ask"
"67.902","0.25","2024-05-26T18:08:33.587Z","ask"
"67.973","24.132056","2024-05-26T18:08:33.587Z","ask"
"68","12.96","2024-05-26T18:08:33.587Z","ask"
"68.048","5.677209","2024-05-26T18:08:33.587Z","ask"
"68.27","0.884087","2024-05-26T18:08:33.587Z","ask"
"68.68","25","2024-05-26T18:08:33.587Z","ask"
"68.89","25","2024-05-26T18:08:33.587Z","ask"
"69","14.865502","2024-05-26T18:08:33.587Z","ask"
"69.48","30","2024-05-26T18:08:33.587Z","ask"
"69.69","1.5","2024-05-26T18:08:33.587Z","ask"
"70","487.284264","2024-05-26T18:08:33.587Z","ask"
"70.5","95.01829","2024-05-26T18:08:33.587Z","ask"
"72","36.968279","2024-05-26T18:08:33.587Z","ask"
"72.032","154.316325","2024-05-26T18:08:33.587Z","ask"
"72.48","7","2024-05-26T18:08:33.587Z","ask"
"73","149.804","2024-05-26T18:08:33.587Z","ask"
"73.404","0.366856","2024-05-26T18:08:33.587Z","ask"
"73.89","8","2024-05-26T18:08:33.587Z","ask"
"74","13","2024-05-26T18:08:33.587Z","ask"
"74.44","15","2024-05-26T18:08:33.587Z","ask"
"74.89","35","2024-05-26T18:08:33.587Z","ask"
"75","701.986876","2024-05-26T18:08:33.587Z","ask"
"75.05","15.790798","2024-05-26T18:08:33.587Z","ask"
"75.6","1.996123","2024-05-26T18:08:33.587Z","ask"
"75.75","7","2024-05-26T18:08:33.587Z","ask"
"76.337","0.25","2024-05-26T18:08:33.587Z","ask"
"76.92","500","2024-05-26T18:08:33.587Z","ask"
"77","28.355173","2024-05-26T18:08:33.587Z","ask"
"77.381","23.919734","2024-05-26T18:08:33.587Z","ask"
"77.48","5","2024-05-26T18:08:33.587Z","ask"
"77.7","1","2024-05-26T18:08:33.587Z","ask"
"77.77","0.129292","2024-05-26T18:08:33.587Z","ask"
"78","14.537853","2024-05-26T18:08:33.587Z","ask"
"78.89","15","2024-05-26T18:08:33.587Z","ask"
"79.38","7","2024-05-26T18:08:33.587Z","ask"
"79.48","25","2024-05-26T18:08:33.587Z","ask"
"79.85","85.786238","2024-05-26T18:08:33.587Z","ask"
"80","1733.559567","2024-05-26T18:08:33.587Z","ask"
"80.017","0.258105","2024-05-26T18:08:33.587Z","ask"
"80.08","10","2024-05-26T18:08:33.587Z","ask"
"82","2000","2024-05-26T18:08:33.587Z","ask"
"82.48","5","2024-05-26T18:08:33.587Z","ask"
"83","10.939747","2024-05-26T18:08:33.587Z","ask"
"83.89","5","2024-05-26T18:08:33.587Z","ask"
"84","35.908746","2024-05-26T18:08:33.587Z","ask"
"84.772","0.25","2024-05-26T18:08:33.587Z","ask"
"84.89","10","2024-05-26T18:08:33.587Z","ask"
"85","216.606841","2024-05-26T18:08:33.587Z","ask"
"85.7","88.8","2024-05-26T18:08:33.587Z","ask"
"86","80","2024-05-26T18:08:33.587Z","ask"
"87.48","4","2024-05-26T18:08:33.587Z","ask"
"88","146.807162","2024-05-26T18:08:33.587Z","ask"
"88.28","7.274336","2024-05-26T18:08:33.587Z","ask"
"88.76","0.540806","2024-05-26T18:08:33.587Z","ask"
"88.8","50.276105","2024-05-26T18:08:33.587Z","ask"
"88.88","7.8","2024-05-26T18:08:33.587Z","ask"
"88.89","15","2024-05-26T18:08:33.587Z","ask"
"89.38","35","2024-05-26T18:08:33.587Z","ask"
"89.44","41.10398","2024-05-26T18:08:33.587Z","ask"
"89.48","18","2024-05-26T18:08:33.587Z","ask"
"89.546","23.919734","2024-05-26T18:08:33.587Z","ask"
"90","15261.894533","2024-05-26T18:08:33.587Z","ask"
"93","120","2024-05-26T18:08:33.587Z","ask"
"93.207","0.25","2024-05-26T18:08:33.587Z","ask"
"93.89","15","2024-05-26T18:08:33.587Z","ask"
"94.44","20","2024-05-26T18:08:33.587Z","ask"
"94.89","25","2024-05-26T18:08:33.587Z","ask"
"95","25.4","2024-05-26T18:08:33.587Z","ask"
"95.578","1.326131","2024-05-26T18:08:33.587Z","ask"
"96","20","2024-05-26T18:08:33.587Z","ask"
"96.9","3","2024-05-26T18:08:33.587Z","ask"
"97","1.975461","2024-05-26T18:08:33.587Z","ask"
"97.48","10","2024-05-26T18:08:33.587Z","ask"
"98","5","2024-05-26T18:08:33.587Z","ask"
"98.78","9.785399","2024-05-26T18:08:33.587Z","ask"
"98.85","3.377092","2024-05-26T18:08:33.587Z","ask"
"98.89","30","2024-05-26T18:08:33.587Z","ask"
"99","81.467755","2024-05-26T18:08:33.587Z","ask"
"99.3","1","2024-05-26T18:08:33.587Z","ask"
"100","2874.31239","2024-05-26T18:08:33.587Z","ask"
"101","10","2024-05-26T18:08:33.587Z","ask"
"101.711","23.919734","2024-05-26T18:08:33.587Z","ask"
"104","129","2024-05-26T18:08:33.587Z","ask"
"108","706.651922","2024-05-26T18:08:33.587Z","ask"
"109","2","2024-05-26T18:08:33.587Z","ask"
"110","58.823638","2024-05-26T18:08:33.587Z","ask"
"111","51.449255","2024-05-26T18:08:33.587Z","ask"
"111.11","1.750021","2024-05-26T18:08:33.587Z","ask"
"112","102.8","2024-05-26T18:08:33.587Z","ask"
"112.43","23.516198","2024-05-26T18:08:33.587Z","ask"
"113","9.5","2024-05-26T18:08:33.587Z","ask"
"113.875","23.919734","2024-05-26T18:08:33.587Z","ask"
"114","2.4","2024-05-26T18:08:33.587Z","ask"
"115","10","2024-05-26T18:08:33.587Z","ask"
"118","709.627383","2024-05-26T18:08:33.587Z","ask"
"119","1","2024-05-26T18:08:33.587Z","ask"
"120","246.747135","2024-05-26T18:08:33.587Z","ask"
"122","8.988402","2024-05-26T18:08:33.587Z","ask"
"124","5.67101","2024-05-26T18:08:33.587Z","ask"
"125","39.001755","2024-05-26T18:08:33.587Z","ask"
"126.04","23.919734","2024-05-26T18:08:33.587Z","ask"
"127","1.975461","2024-05-26T18:08:33.587Z","ask"
"128","20","2024-05-26T18:08:33.587Z","ask"
"129","1","2024-05-26T18:08:33.587Z","ask"
"130","159.858475","2024-05-26T18:08:33.587Z","ask"
"130.67","250","2024-05-26T18:08:33.587Z","ask"
"134","1","2024-05-26T18:08:33.587Z","ask"
"136","21","2024-05-26T18:08:33.587Z","ask"
"136.54","1.326131","2024-05-26T18:08:33.587Z","ask"
"136.92","437.929882","2024-05-26T18:08:33.587Z","ask"
"137.65","1.750022","2024-05-26T18:08:33.587Z","ask"
"138","1","2024-05-26T18:08:33.587Z","ask"
"138.205","23.919734","2024-05-26T18:08:33.587Z","ask"
"139","1","2024-05-26T18:08:33.587Z","ask"
"139.6","20","2024-05-26T18:08:33.587Z","ask"
"140","38.540113","2024-05-26T18:08:33.587Z","ask"
"144","1","2024-05-26T18:08:33.587Z","ask"
"145","300","2024-05-26T18:08:33.587Z","ask"
"146","5","2024-05-26T18:08:33.587Z","ask"
"147","1","2024-05-26T18:08:33.587Z","ask"
"148","2","2024-05-26T18:08:33.587Z","ask"
"148.48","3.377092","2024-05-26T18:08:33.587Z","ask"
"149","1137.652855","2024-05-26T18:08:33.587Z","ask"
"149.9","10.953416","2024-05-26T18:08:33.587Z","ask"
"150","121.240637","2024-05-26T18:08:33.587Z","ask"
"150.37","23.919734","2024-05-26T18:08:33.587Z","ask"
"153","2.75","2024-05-26T18:08:33.587Z","ask"
"155.33","0.540806","2024-05-26T18:08:33.587Z","ask"
"157","0.23","2024-05-26T18:08:33.587Z","ask"
"159","1","2024-05-26T18:08:33.587Z","ask"
"160","10","2024-05-26T18:08:33.587Z","ask"
"162.535","23.919739","2024-05-26T18:08:33.587Z","ask"
"168","1","2024-05-26T18:08:33.587Z","ask"
"169","10","2024-05-26T18:08:33.587Z","ask"
"170","10.058975","2024-05-26T18:08:33.587Z","ask"
"174","1","2024-05-26T18:08:33.587Z","ask"
"179","1","2024-05-26T18:08:33.587Z","ask"
"180","8","2024-05-26T18:08:33.587Z","ask"
"189","2","2024-05-26T18:08:33.587Z","ask"
"190","9.430806","2024-05-26T18:08:33.587Z","ask"
"191","2.75","2024-05-26T18:08:33.587Z","ask"
"194","2","2024-05-26T18:08:33.587Z","ask"
"196","1.175461","2024-05-26T18:08:33.587Z","ask"
"197","1","2024-05-26T18:08:33.587Z","ask"
"198","2","2024-05-26T18:08:33.587Z","ask"
"199","2","2024-05-26T18:08:33.587Z","ask"
"200","373.056361","2024-05-26T18:08:33.587Z","ask"
"204","0.8","2024-05-26T18:08:33.587Z","ask"
"214","9.1494","2024-05-26T18:08:33.587Z","ask"
"224","6.53","2024-05-26T18:08:33.587Z","ask"
"232","1.925","2024-05-26T18:08:33.587Z","ask"
"240","19.269093","2024-05-26T18:08:33.587Z","ask"
"242","2.75","2024-05-26T18:08:33.587Z","ask"
"244.09","2.52376","2024-05-26T18:08:33.587Z","ask"
"250","4.70142","2024-05-26T18:08:33.587Z","ask"
"251","10.000484","2024-05-26T18:08:33.587Z","ask"
"258","0.79","2024-05-26T18:08:33.587Z","ask"
"260","110","2024-05-26T18:08:33.587Z","ask"
"280","10.608429","2024-05-26T18:08:33.587Z","ask"
"290","26.801567","2024-05-26T18:08:33.587Z","ask"
"291","1.18","2024-05-26T18:08:33.587Z","ask"
"298","100","2024-05-26T18:08:33.587Z","ask"
"300","10","2024-05-26T18:08:33.587Z","ask"
"314","13.7241","2024-05-26T18:08:33.587Z","ask"
"325","1.78","2024-05-26T18:08:33.587Z","ask"
"358","2.67","2024-05-26T18:08:33.587Z","ask"
"392","4.032372","2024-05-26T18:08:33.587Z","ask"
"448","6","2024-05-26T18:08:33.587Z","ask"
"450","20","2024-05-26T18:08:33.587Z","ask"
"461","10","2024-05-26T18:08:33.587Z","ask"
"475","6.741302","2024-05-26T18:08:33.587Z","ask"
"480","9.269092","2024-05-26T18:08:33.587Z","ask"
"500","6.617388","2024-05-26T18:08:33.587Z","ask"
"600.247","74.341944","2024-05-26T18:08:33.587Z","ask"
"800","5","2024-05-26T18:08:33.587Z","ask"
"860","1.17","2024-05-26T18:08:33.587Z","ask"
"900","0.300924","2024-05-26T18:08:33.587Z","ask"
"980","6.497087","2024-05-26T18:08:33.587Z","ask"
"996","6.022668","2024-05-26T18:08:33.587Z","ask"
"999","5.055976","2024-05-26T18:08:33.587Z","ask"
"1000","0.120319","2024-05-26T18:08:33.587Z","ask"
"1444","39.312158","2024-05-26T18:08:33.587Z","ask"
"1777","7.583964","2024-05-26T18:08:33.587Z","ask"
"2222","1","2024-05-26T18:08:33.587Z","ask"
"2686.203","392.112477","2024-05-26T18:08:33.587Z","ask"
"7519","1.260732","2024-05-26T18:08:33.587Z","ask"
"10000","0.010423","2024-05-26T18:08:33.587Z","ask"
"15300","2816.199431","2024-05-26T18:08:33.587Z","ask"
"18666","1.345543","2024-05-26T18:08:33.587Z","ask"
"50300","25.253225","2024-05-26T18:08:33.587Z","ask"
"1000000","5.807506","2024-05-26T18:08:33.587Z","ask"
"11.343","4.407635","2024-05-26T18:08:33.587Z","bid"
"11.341","9.14397","2024-05-26T18:08:33.587Z","bid"
"11.34","98.143587","2024-05-26T18:08:33.587Z","bid"
"11.339","246.586504","2024-05-26T18:08:33.587Z","bid"
"11.338","245.076103","2024-05-26T18:08:33.587Z","bid"
"11.337","21.869157","2024-05-26T18:08:33.587Z","bid"
"11.336","166.171504","2024-05-26T18:08:33.587Z","bid"
"11.335","248.243742","2024-05-26T18:08:33.587Z","bid"
"11.334","116.86189","2024-05-26T18:08:33.587Z","bid"
"11.333","325.22","2024-05-26T18:08:33.587Z","bid"
"11.332","31.888069","2024-05-26T18:08:33.587Z","bid"
"11.331","531.661453","2024-05-26T18:08:33.587Z","bid"
"11.33","78.819612","2024-05-26T18:08:33.587Z","bid"
"11.329","1249.16668","2024-05-26T18:08:33.587Z","bid"
"11.328","25.482109","2024-05-26T18:08:33.587Z","bid"
"11.326","2.571398","2024-05-26T18:08:33.587Z","bid"
"11.325","427.995772","2024-05-26T18:08:33.587Z","bid"
"11.324","600","2024-05-26T18:08:33.587Z","bid"
"11.323","13.247276","2024-05-26T18:08:33.587Z","bid"
"11.321","2.979581","2024-05-26T18:08:33.587Z","bid"
"11.32","984.636494","2024-05-26T18:08:33.587Z","bid"
"11.319","1018.112235","2024-05-26T18:08:33.587Z","bid"
"11.318","192.986398","2024-05-26T18:08:33.587Z","bid"
"11.317","0.739506","2024-05-26T18:08:33.587Z","bid"
"11.316","4263.035084","2024-05-26T18:08:33.587Z","bid"
"11.315","1044.393238","2024-05-26T18:08:33.587Z","bid"
"11.314","1042.96649","2024-05-26T18:08:33.587Z","bid"
"11.313","66.620784","2024-05-26T18:08:33.587Z","bid"
"11.311","9.488092","2024-05-26T18:08:33.587Z","bid"
"11.31","1.55414","2024-05-26T18:08:33.587Z","bid"
"11.309","83.27598","2024-05-26T18:08:33.587Z","bid"
"11.307","90.808712","2024-05-26T18:08:33.587Z","bid"
"11.305","1.061796","2024-05-26T18:08:33.587Z","bid"
"11.303","137.13","2024-05-26T18:08:33.587Z","bid"
"11.302","1545.069397","2024-05-26T18:08:33.587Z","bid"
"11.299","44.251463","2024-05-26T18:08:33.587Z","bid"
"11.294","715.538449","2024-05-26T18:08:33.587Z","bid"
"11.291","166.55196","2024-05-26T18:08:33.587Z","bid"
"11.282","0.095424","2024-05-26T18:08:33.587Z","bid"
"11.281","12.355238","2024-05-26T18:08:33.587Z","bid"
"11.278","1.441744","2024-05-26T18:08:33.587Z","bid"
"11.277","26.23451","2024-05-26T18:08:33.587Z","bid"
"11.272","2616.95926","2024-05-26T18:08:33.587Z","bid"
"11.271","0.887232","2024-05-26T18:08:33.587Z","bid"
"11.269","210.761348","2024-05-26T18:08:33.587Z","bid"
"11.265","0.135066","2024-05-26T18:08:33.587Z","bid"
"11.264","1042.96649","2024-05-26T18:08:33.587Z","bid"
"11.262","3.357193","2024-05-26T18:08:33.587Z","bid"
"11.26","1.776198","2024-05-26T18:08:33.587Z","bid"
"11.259","2.220446","2024-05-26T18:08:33.587Z","bid"
"11.254","4.976009","2024-05-26T18:08:33.587Z","bid"
"11.249","23.251261","2024-05-26T18:08:33.587Z","bid"
"11.248","17.781206","2024-05-26T18:08:33.587Z","bid"
"11.243","0.744374","2024-05-26T18:08:33.587Z","bid"
"11.24","249.970787","2024-05-26T18:08:33.587Z","bid"
"11.235","203.095674","2024-05-26T18:08:33.587Z","bid"
"11.233","80.691329","2024-05-26T18:08:33.587Z","bid"
"11.232","17052.395389","2024-05-26T18:08:33.587Z","bid"
"11.231","520.39941","2024-05-26T18:08:33.587Z","bid"
"11.229","0.265385","2024-05-26T18:08:33.587Z","bid"
"11.223","35.639577","2024-05-26T18:08:33.587Z","bid"
"11.221","4.388688","2024-05-26T18:08:33.587Z","bid"
"11.214","22.31784","2024-05-26T18:08:33.587Z","bid"
"11.213","2.571398","2024-05-26T18:08:33.587Z","bid"
"11.212","0.2","2024-05-26T18:08:33.587Z","bid"
"11.211","1.450361","2024-05-26T18:08:33.587Z","bid"
"11.207","5.123895","2024-05-26T18:08:33.587Z","bid"
"11.206","3.788226","2024-05-26T18:08:33.587Z","bid"
"11.205","3.450829","2024-05-26T18:08:33.587Z","bid"
"11.201","19.716321","2024-05-26T18:08:33.587Z","bid"
"11.2","50.110993","2024-05-26T18:08:33.587Z","bid"
"11.199","4.687919","2024-05-26T18:08:33.587Z","bid"
"11.198","4.468314","2024-05-26T18:08:33.587Z","bid"
"11.195","2.431194","2024-05-26T18:08:33.587Z","bid"
"11.189","26.811883","2024-05-26T18:08:33.587Z","bid"
"11.188","522.291995","2024-05-26T18:08:33.587Z","bid"
"11.177","44.73","2024-05-26T18:08:33.587Z","bid"
"11.17","0.892086","2024-05-26T18:08:33.587Z","bid"
"11.168","71.633016","2024-05-26T18:08:33.587Z","bid"
"11.167","53.728246","2024-05-26T18:08:33.587Z","bid"
"11.163","17.793637","2024-05-26T18:08:33.587Z","bid"
"11.16","14.675553","2024-05-26T18:08:33.587Z","bid"
"11.157","2.571398","2024-05-26T18:08:33.587Z","bid"
"11.153","53.79706","2024-05-26T18:08:33.587Z","bid"
"11.151","1.056154","2024-05-26T18:08:33.587Z","bid"
"11.15","8.968609","2024-05-26T18:08:33.587Z","bid"
"11.149","3.39122","2024-05-26T18:08:33.587Z","bid"
"11.146","0.919301","2024-05-26T18:08:33.587Z","bid"
"11.145","2.540242","2024-05-26T18:08:33.587Z","bid"
"11.144","3.702441","2024-05-26T18:08:33.587Z","bid"
"11.142","0.267457","2024-05-26T18:08:33.587Z","bid"
"11.135","1.091394","2024-05-26T18:08:33.587Z","bid"
"11.133","2.481597","2024-05-26T18:08:33.587Z","bid"
"11.132","1.16697","2024-05-26T18:08:33.587Z","bid"
"11.124","8.450198","2024-05-26T18:08:33.587Z","bid"
"11.105","0.228816","2024-05-26T18:08:33.587Z","bid"
"11.102","2.571398","2024-05-26T18:08:33.587Z","bid"
"11.101","213.79722","2024-05-26T18:08:33.587Z","bid"
"11.1","487.541921","2024-05-26T18:08:33.587Z","bid"
"11.098","10.458377","2024-05-26T18:08:33.587Z","bid"
"11.093","3.40834","2024-05-26T18:08:33.587Z","bid"
"11.092","327.465749","2024-05-26T18:08:33.587Z","bid"
"11.091","0.2","2024-05-26T18:08:33.587Z","bid"
"11.082","3.979427","2024-05-26T18:08:33.587Z","bid"
"11.081","0.799163","2024-05-26T18:08:33.587Z","bid"
"11.078","1.467773","2024-05-26T18:08:33.587Z","bid"
"11.066","9.474019","2024-05-26T18:08:33.587Z","bid"
"11.061","0.17982","2024-05-26T18:08:33.587Z","bid"
"11.059","6.609014","2024-05-26T18:08:33.587Z","bid"
"11.057","4.388599","2024-05-26T18:08:33.587Z","bid"
"11.056","259.22161","2024-05-26T18:08:33.587Z","bid"
"11.054","0.269586","2024-05-26T18:08:33.587Z","bid"
"11.05","0.18","2024-05-26T18:08:33.587Z","bid"
"11.046","2.571398","2024-05-26T18:08:33.587Z","bid"
"11.043","2.099067","2024-05-26T18:08:33.587Z","bid"
"11.042","14.387412","2024-05-26T18:08:33.587Z","bid"
"11.041","1.543823","2024-05-26T18:08:33.587Z","bid"
"11.038","1.527451","2024-05-26T18:08:33.587Z","bid"
"11.037","3.425633","2024-05-26T18:08:33.587Z","bid"
"11.035","10.255037","2024-05-26T18:08:33.587Z","bid"
"11.03","0.142847","2024-05-26T18:08:33.587Z","bid"
"11.027","0.225469","2024-05-26T18:08:33.587Z","bid"
"11.026","0.759024","2024-05-26T18:08:33.587Z","bid"
"11.022","1.921089","2024-05-26T18:08:33.587Z","bid"
"11.021","1.158875","2024-05-26T18:08:33.587Z","bid"
"11.017","2.851956","2024-05-26T18:08:33.587Z","bid"
"11.012","1.476571","2024-05-26T18:08:33.587Z","bid"
"11.004","2.626318","2024-05-26T18:08:33.587Z","bid"
"11.001","1.818017","2024-05-26T18:08:33.587Z","bid"
"11","776.099468","2024-05-26T18:08:33.587Z","bid"
"10.994","259.22161","2024-05-26T18:08:33.587Z","bid"
"10.992","0.098916","2024-05-26T18:08:33.587Z","bid"
"10.991","5.785743","2024-05-26T18:08:33.587Z","bid"
"10.982","3.442789","2024-05-26T18:08:33.587Z","bid"
"10.975","0.18123","2024-05-26T18:08:33.587Z","bid"
"10.973","2.043197","2024-05-26T18:08:33.587Z","bid"
"10.972","197.760193","2024-05-26T18:08:33.587Z","bid"
"10.971","2.58053","2024-05-26T18:08:33.587Z","bid"
"10.97","0.300502","2024-05-26T18:08:33.587Z","bid"
"10.968","2.481551","2024-05-26T18:08:33.587Z","bid"
"10.967","0.271725","2024-05-26T18:08:33.587Z","bid"
"10.96","0.25627","2024-05-26T18:08:33.587Z","bid"
"10.954","0.764013","2024-05-26T18:08:33.587Z","bid"
"10.947","1.485338","2024-05-26T18:08:33.587Z","bid"
"10.937","2.571398","2024-05-26T18:08:33.587Z","bid"
"10.931","380.91364","2024-05-26T18:08:33.587Z","bid"
"10.927","3.460118","2024-05-26T18:08:33.587Z","bid"
"10.925","5.403462","2024-05-26T18:08:33.587Z","bid"
"10.921","2.492191","2024-05-26T18:08:33.587Z","bid"
"10.917","7.54059","2024-05-26T18:08:33.587Z","bid"
"10.912","7.728427","2024-05-26T18:08:33.588Z","bid"
"10.908","1.230592","2024-05-26T18:08:33.588Z","bid"
"10.901","9.473839","2024-05-26T18:08:33.588Z","bid"
"10.9","60","2024-05-26T18:08:33.588Z","bid"
"10.897","0.182527","2024-05-26T18:08:33.588Z","bid"
"10.896","0.156292","2024-05-26T18:08:33.588Z","bid"
"10.895","4.388489","2024-05-26T18:08:33.588Z","bid"
"10.893","7.741908","2024-05-26T18:08:33.588Z","bid"
"10.89","0.142847","2024-05-26T18:08:33.588Z","bid"
"10.883","0.768997","2024-05-26T18:08:33.588Z","bid"
"10.882","4.065608","2024-05-26T18:08:33.588Z","bid"
"10.879","0.273923","2024-05-26T18:08:33.588Z","bid"
"10.872","3.66057","2024-05-26T18:08:33.588Z","bid"
"10.863","0.183098","2024-05-26T18:08:33.588Z","bid"
"10.86","14.732965","2024-05-26T18:08:33.588Z","bid"
"10.858","1.950105","2024-05-26T18:08:33.588Z","bid"
"10.848","0.2","2024-05-26T18:08:33.588Z","bid"
"10.847","4.268923","2024-05-26T18:08:33.588Z","bid"
"10.845","0.942142","2024-05-26T18:08:33.588Z","bid"
"10.844","0.275959","2024-05-26T18:08:33.588Z","bid"
"10.835","3.11334","2024-05-26T18:08:33.588Z","bid"
"10.829","3.214802","2024-05-26T18:08:33.588Z","bid"
"10.828","2.571398","2024-05-26T18:08:33.588Z","bid"
"10.82","0.401175","2024-05-26T18:08:33.588Z","bid"
"10.817","4.998494","2024-05-26T18:08:33.588Z","bid"
"10.812","0.774047","2024-05-26T18:08:33.588Z","bid"
"10.808","300","2024-05-26T18:08:33.588Z","bid"
"10.804","2.481498","2024-05-26T18:08:33.588Z","bid"
"10.801","7.807851","2024-05-26T18:08:33.588Z","bid"
"10.8","7","2024-05-26T18:08:33.588Z","bid"
"10.799","0.459301","2024-05-26T18:08:33.588Z","bid"
"10.796","1.306812","2024-05-26T18:08:33.588Z","bid"
"10.792","0.276131","2024-05-26T18:08:33.588Z","bid"
"10.787","0.8","2024-05-26T18:08:33.588Z","bid"
"10.786","1.967608","2024-05-26T18:08:33.588Z","bid"
"10.782","7.82161","2024-05-26T18:08:33.588Z","bid"
"10.78","0.276762","2024-05-26T18:08:33.588Z","bid"
"10.774","2.571398","2024-05-26T18:08:33.588Z","bid"
"10.773","3.279389","2024-05-26T18:08:33.588Z","bid"
"10.766","0.458851","2024-05-26T18:08:33.588Z","bid"
"10.763","3.512841","2024-05-26T18:08:33.588Z","bid"
"10.757","7.288278","2024-05-26T18:08:33.588Z","bid"
"10.753","1.512136","2024-05-26T18:08:33.588Z","bid"
"10.751","0.142847","2024-05-26T18:08:33.588Z","bid"
"10.75","50","2024-05-26T18:08:33.588Z","bid"
"10.742","0.779091","2024-05-26T18:08:33.588Z","bid"
"10.739","9.473593","2024-05-26T18:08:33.588Z","bid"
"10.735","4.388358","2024-05-26T18:08:33.588Z","bid"
"10.721","2.571398","2024-05-26T18:08:33.588Z","bid"
