"price","volume","time","side","orderType"
"11.34500000","4.40688000","2024-05-26T18:08:18.601Z","buy","maker"
"11.34400000","19.23840300","2024-05-26T18:08:17.834Z","buy","maker"
"11.34500000","4.40692700","2024-05-26T18:08:17.834Z","buy","maker"
"11.36600000","8.79816900","2024-05-26T18:08:02.638Z","buy","maker"
"11.36900000","5.00000000","2024-05-26T18:07:59.335Z","sell","maker"
"11.36800000","9.14397000","2024-05-26T18:07:59.221Z","sell","maker"
"11.35900000","0.33656500","2024-05-26T18:07:52.923Z","buy","maker"
"11.35700000","32.20005400","2024-05-26T18:07:35.175Z","sell","maker"
"11.35700000","60.16838500","2024-05-26T18:07:35.149Z","sell","maker"
"11.35200000","9.14397000","2024-05-26T18:07:25.237Z","buy","maker"
"11.35000000","20.94646400","2024-05-26T18:07:25.229Z","buy","maker"
"11.35000000","74.72500900","2024-05-26T18:07:25.229Z","buy","maker"
"11.35100000","8.80966700","2024-05-26T18:07:25.229Z","buy","maker"
"11.35200000","9.14397000","2024-05-26T18:07:25.229Z","buy","maker"
"11.35600000","8.80966000","2024-05-26T18:07:25.224Z","buy","maker"
"11.35300000","8.62726500","2024-05-26T18:07:25.217Z","buy","maker"
"11.35300000","183.02372700","2024-05-26T18:07:25.217Z","buy","maker"
"11.35500000","16.29197600","2024-05-26T18:07:25.216Z","buy","maker"
"11.35600000","9.14397000","2024-05-26T18:07:25.216Z","buy","maker"
"11.35700000","0.00005000","2024-05-26T18:07:25.216Z","buy","maker"
"11.35700000","8.80500000","2024-05-26T18:07:25.216Z","buy","maker"
"11.35800000","9.14397000","2024-05-26T18:07:20.186Z","buy","maker"
"11.35800000","16.29197600","2024-05-26T18:07:20.176Z","buy","maker"
"11.35900000","9.14397000","2024-05-26T18:07:20.176Z","buy","maker"
"11.35900000","9.14397000","2024-05-26T18:06:56.599Z","sell","maker"
"11.35800000","9.14397000","2024-05-26T18:06:56.599Z","sell","maker"
"11.35900000","24.17203000","2024-05-26T18:06:56.597Z","sell","maker"
"11.35700000","9.14397000","2024-05-26T18:06:56.597Z","sell","maker"
"11.35600000","9.14397000","2024-05-26T18:06:56.596Z","sell","maker"
"11.35800000","9.14397000","2024-05-26T18:06:56.592Z","sell","maker"
"11.35800000","34.87958600","2024-05-26T18:06:56.592Z","sell","maker"
"11.35700000","10.34848900","2024-05-26T18:06:56.592Z","sell","maker"
"11.35500000","9.14397000","2024-05-26T18:06:56.592Z","sell","maker"
"11.35700000","101.29609300","2024-05-26T18:06:56.592Z","sell","maker"
"11.35700000","16.29197600","2024-05-26T18:06:56.592Z","sell","maker"
"11.35700000","3.23855000","2024-05-26T18:06:56.592Z","sell","maker"
"11.35400000","9.14397000","2024-05-26T18:06:56.591Z","sell","maker"
"11.35500000","197.18612200","2024-05-26T18:06:56.589Z","sell","maker"
"11.35500000","44.03387000","2024-05-26T18:06:56.589Z","sell","maker"
"11.35400000","20.00000000","2024-05-26T18:06:56.587Z","sell","maker"
"11.35300000","44.04448100","2024-05-26T18:06:56.587Z","sell","maker"
"11.35300000","9.14397000","2024-05-26T18:06:56.587Z","sell","maker"
"11.35400000","0.17000000","2024-05-26T18:06:49.189Z","sell","maker"
"11.35400000","0.17435700","2024-05-26T18:06:47.581Z","sell","maker"
"11.34500000","32.53949900","2024-05-26T18:06:46.280Z","buy","maker"
"11.34500000","1.43323000","2024-05-26T18:06:46.280Z","buy","maker"
"11.34600000","16.29197600","2024-05-26T18:06:46.280Z","buy","maker"
"11.34700000","9.14397000","2024-05-26T18:06:39.137Z","buy","maker"
"11.34700000","7.14800600","2024-05-26T18:06:39.137Z","buy","maker"
"11.34800000","9.14397000","2024-05-26T18:06:39.137Z","buy","maker"
"11.34900000","8.81123900","2024-05-26T18:06:39.137Z","buy","maker"
"11.35200000","35.20209300","2024-05-26T18:06:34.794Z","buy","maker"
"11.35200000","19.41350000","2024-05-26T18:06:34.794Z","buy","maker"
"11.35200000","22.11986100","2024-05-26T18:06:34.794Z","buy","maker"
"11.35300000","44.00262500","2024-05-26T18:06:34.787Z","buy","maker"
"11.35300000","9.14397000","2024-05-26T18:06:34.787Z","buy","maker"
"11.35400000","8.80740800","2024-05-26T18:06:34.787Z","buy","maker"
"11.35600000","0.00000400","2024-05-26T18:06:34.787Z","buy","maker"
"11.36100000","0.17620900","2024-05-26T18:06:33.873Z","sell","maker"
"11.35700000","94.19981800","2024-05-26T18:06:28.388Z","sell","maker"
"11.35600000","80.00783000","2024-05-26T18:06:27.114Z","buy","maker"
"11.35600000","45.95034000","2024-05-26T18:06:27.107Z","buy","maker"
"11.35600000","9.14397000","2024-05-26T18:06:26.998Z","sell","maker"
"11.35400000","95.11148800","2024-05-26T18:06:24.752Z","buy","maker"
"11.36000000","0.23000000","2024-05-26T18:06:20.168Z","sell","maker"
"11.36100000","28.99587100","2024-05-26T18:06:15.691Z","sell","maker"
"11.36100000","9.14397000","2024-05-26T18:06:15.691Z","sell","maker"
"11.36500000","0.17000000","2024-05-26T18:05:19.135Z","sell","maker"
"11.36800000","0.33000000","2024-05-26T18:05:16.135Z","sell","maker"
"11.36600000","59.78000000","2024-05-26T18:05:13.512Z","buy","maker"
"11.37200000","12.35523800","2024-05-26T18:05:06.498Z","sell","maker"
"11.36800000","83.64967000","2024-05-26T18:05:05.796Z","buy","maker"
"11.37000000","50.00000000","2024-05-26T18:05:03.592Z","buy","maker"
"11.36700000","165.85913000","2024-05-26T18:05:01.482Z","buy","maker"
"11.37200000","427.69770300","2024-05-26T18:05:01.466Z","buy","maker"
"11.37700000","0.39000000","2024-05-26T18:05:01.127Z","sell","maker"
"11.37400000","81.97533900","2024-05-26T18:04:59.619Z","buy","maker"
"11.37500000","520.39941000","2024-05-26T18:04:59.619Z","buy","maker"
"11.37600000","3.32355100","2024-05-26T18:04:59.619Z","buy","maker"
"11.37700000","5.82042000","2024-05-26T18:04:59.618Z","buy","maker"
"11.37700000","3.32355000","2024-05-26T18:04:59.617Z","buy","maker"
"11.37900000","9.14397000","2024-05-26T18:04:59.611Z","buy","maker"
"11.38000000","9.14397000","2024-05-26T18:04:59.611Z","buy","maker"
"11.37800000","111.61318200","2024-05-26T18:04:59.609Z","buy","maker"
"11.37900000","112.66000000","2024-05-26T18:04:59.604Z","buy","maker"
"11.38000000","0.14284700","2024-05-26T18:04:59.604Z","buy","maker"
"11.38100000","13.17973400","2024-05-26T18:04:59.604Z","buy","maker"
"11.38200000","0.00018200","2024-05-26T18:04:59.604Z","buy","maker"
"11.38200000","16.18107900","2024-05-26T18:04:59.604Z","buy","maker"
"11.38200000","95.43192100","2024-05-26T18:04:59.604Z","buy","maker"
"11.38800000","82.85852200","2024-05-26T18:04:25.905Z","sell","maker"
"11.38700000","9.14397000","2024-05-26T18:04:25.905Z","sell","maker"
"11.38600000","9.14397000","2024-05-26T18:04:25.899Z","sell","maker"
"11.38200000","8.68971000","2024-05-26T18:03:57.934Z","buy","maker"
"11.38200000","35.21027500","2024-05-26T18:03:57.892Z","buy","maker"
"11.38200000","2.57139800","2024-05-26T18:03:57.892Z","buy","maker"
"11.38300000","20.00000000","2024-05-26T18:03:57.892Z","buy","maker"
"11.38300000","9.14397000","2024-05-26T18:03:57.892Z","buy","maker"
"11.38400000","20.00000000","2024-05-26T18:03:57.884Z","buy","maker"
"11.38600000","13.17310400","2024-05-26T18:03:57.884Z","buy","maker"
"11.38900000","37.91557700","2024-05-26T18:03:49.156Z","buy","maker"
"11.38900000","20.45425300","2024-05-26T18:03:49.156Z","buy","maker"
"11.39100000","13.16735600","2024-05-26T18:03:49.155Z","buy","maker"
"11.39100000","9.14397000","2024-05-26T18:03:49.155Z","buy","maker"
"11.40000000","0.00000400","2024-05-26T18:03:42.835Z","buy","maker"
"11.40000000","125.95817000","2024-05-26T18:03:42.828Z","buy","maker"
"11.40000000","9.14397000","2024-05-26T18:03:42.824Z","sell","maker"
"11.39600000","71.89199400","2024-05-26T18:03:41.980Z","sell","maker"
"11.39100000","9.14396800","2024-05-26T18:03:34.800Z","buy","maker"
"11.39100000","0.73470200","2024-05-26T18:03:34.800Z","buy","maker"
"11.39200000","13.16703000","2024-05-26T18:03:34.796Z","buy","maker"
"11.40600000","62.47000000","2024-05-26T18:03:19.956Z","buy","maker"
"11.40600000","50.00000000","2024-05-26T18:03:19.954Z","buy","maker"
"11.42000000","13.13482600","2024-05-26T18:02:55.572Z","buy","maker"
"11.42000000","5.24662400","2024-05-26T18:02:55.572Z","buy","maker"
"11.42000000","107.13337600","2024-05-26T18:02:55.566Z","buy","maker"
"11.42500000","13.12890000","2024-05-26T18:02:50.546Z","buy","maker"
"11.42900000","1.79224300","2024-05-26T18:02:39.425Z","sell","maker"
"11.42800000","5.37496000","2024-05-26T18:02:39.425Z","sell","maker"
"11.42700000","0.83026500","2024-05-26T18:02:39.006Z","sell","maker"
"11.42600000","2.40152400","2024-05-26T18:02:39.006Z","sell","maker"
"11.42500000","7.30762000","2024-05-26T18:02:39.006Z","sell","maker"
"11.42400000","2.92779100","2024-05-26T18:02:38.897Z","sell","maker"
"11.42300000","3.63114700","2024-05-26T18:02:38.897Z","sell","maker"
"11.41700000","13.13763000","2024-05-26T18:02:29.443Z","buy","maker"
"11.41700000","0.00000200","2024-05-26T18:02:24.234Z","buy","maker"
"11.41700000","13.13734000","2024-05-26T18:02:21.462Z","buy","maker"
"11.41600000","13.13933000","2024-05-26T18:02:20.826Z","buy","maker"
"11.41600000","0.01707500","2024-05-26T18:02:19.318Z","sell","maker"
"11.41100000","0.02540500","2024-05-26T18:02:15.641Z","buy","maker"
"11.41000000","93.40723500","2024-05-26T18:02:08.220Z","sell","maker"
"11.40600000","0.42881100","2024-05-26T18:02:02.932Z","sell","maker"
"11.41300000","0.00000700","2024-05-26T18:01:50.268Z","buy","maker"
"11.41300000","94.09244000","2024-05-26T18:01:50.264Z","buy","maker"
"11.42900000","0.39187600","2024-05-26T18:01:13.937Z","sell","maker"
"11.42100000","18.77768100","2024-05-26T18:01:05.813Z","sell","maker"
"11.42000000","33.56387700","2024-05-26T18:01:05.689Z","buy","maker"
"11.42000000","11.57380300","2024-05-26T18:01:05.689Z","buy","maker"
"11.42000000","7.96041700","2024-05-26T18:01:05.358Z","buy","maker"
"11.41700000","4.29171300","2024-05-26T18:00:56.742Z","buy","maker"
"11.42000000","9.14397000","2024-05-26T18:00:56.385Z","buy","maker"
"11.42000000","174.70000000","2024-05-26T18:00:56.369Z","buy","maker"
"11.42100000","9.38445600","2024-05-26T18:00:56.369Z","buy","maker"
"11.42100000","8.12712200","2024-05-26T18:00:56.369Z","buy","maker"
"11.42500000","135.10214400","2024-05-26T18:00:42.673Z","buy","maker"
"11.42800000","3.19264500","2024-05-26T18:00:35.991Z","sell","maker"
"11.42700000","1.17724200","2024-05-26T18:00:35.991Z","sell","maker"
"11.42600000","3.19067000","2024-05-26T18:00:35.991Z","sell","maker"
"11.42500000","0.56636000","2024-05-26T18:00:35.991Z","sell","maker"
"11.42400000","0.00020500","2024-05-26T18:00:35.991Z","sell","maker"
"11.42400000","3.10282800","2024-05-26T18:00:34.070Z","sell","maker"
"11.42300000","1.17891500","2024-05-26T18:00:34.070Z","sell","maker"
"11.42200000","1.52625700","2024-05-26T18:00:34.070Z","sell","maker"
"11.42100000","9.14344800","2024-05-26T18:00:29.816Z","sell","maker"
"11.42100000","0.47507500","2024-05-26T18:00:29.816Z","sell","maker"
"11.42100000","10.80747700","2024-05-26T18:00:29.816Z","sell","maker"
"11.42000000","1.87941800","2024-05-26T18:00:29.802Z","sell","maker"
"11.41900000","9.14397000","2024-05-26T18:00:29.802Z","sell","maker"
"11.41200000","0.00000400","2024-05-26T18:00:29.712Z","sell","maker"
"11.41200000","150.00000000","2024-05-26T18:00:26.915Z","sell","maker"
"11.41200000","84.79303000","2024-05-26T18:00:26.915Z","sell","maker"
"11.41200000","11.70338800","2024-05-26T18:00:26.850Z","sell","maker"
"11.41200000","11.60768100","2024-05-26T18:00:26.846Z","sell","maker"
"11.41200000","9.26247300","2024-05-26T18:00:26.845Z","sell","maker"
"11.41200000","10.92906000","2024-05-26T18:00:26.837Z","sell","maker"
"11.41200000","41.93286600","2024-05-26T18:00:26.837Z","sell","maker"
"11.41200000","14.12205900","2024-05-26T18:00:26.835Z","sell","maker"
"11.41200000","41.10995800","2024-05-26T18:00:26.826Z","sell","maker"
"11.41200000","7.81242800","2024-05-26T18:00:26.823Z","sell","maker"
"11.41200000","20.02438200","2024-05-26T18:00:26.811Z","sell","maker"
"11.41200000","57.35761900","2024-05-26T18:00:26.707Z","sell","maker"
"11.41200000","58.20200000","2024-05-26T18:00:26.632Z","sell","maker"
"11.41200000","11.07663500","2024-05-26T18:00:25.900Z","sell","maker"
"11.41200000","7.17542800","2024-05-26T18:00:25.607Z","sell","maker"
"11.41200000","18.90389600","2024-05-26T18:00:25.596Z","sell","maker"
"11.41200000","6.81411200","2024-05-26T18:00:25.595Z","sell","maker"
"11.41200000","24.44882700","2024-05-26T18:00:25.594Z","sell","maker"
"11.41200000","34.01691100","2024-05-26T18:00:25.584Z","sell","maker"
"11.41200000","174.55500000","2024-05-26T18:00:25.573Z","sell","maker"
"11.41200000","44.37659400","2024-05-26T18:00:25.529Z","sell","maker"
"11.41200000","13.38881700","2024-05-26T18:00:25.476Z","sell","maker"
"11.41200000","112.78518300","2024-05-26T18:00:25.299Z","sell","maker"
"11.41200000","113.73295900","2024-05-26T18:00:25.292Z","sell","maker"
"11.41200000","17.52496000","2024-05-26T18:00:25.292Z","sell","maker"
"11.41200000","150.00000000","2024-05-26T18:00:25.105Z","sell","maker"
"11.41200000","50.00000000","2024-05-26T18:00:25.042Z","sell","maker"
"11.41200000","69.31428600","2024-05-26T18:00:25.039Z","sell","maker"
"11.41200000","100.00000000","2024-05-26T18:00:25.035Z","sell","maker"
"11.41200000","83.48070000","2024-05-26T18:00:25.035Z","sell","maker"
"11.41200000","69.00000000","2024-05-26T18:00:25.028Z","sell","maker"
"11.41200000","16.95822400","2024-05-26T18:00:24.890Z","sell","maker"
"11.41200000","19.05240700","2024-05-26T18:00:24.884Z","sell","maker"
"11.41200000","22.51855900","2024-05-26T18:00:24.841Z","sell","maker"
"11.41100000","17.52694700","2024-05-26T18:00:23.242Z","buy","maker"
"11.41100000","53.11025900","2024-05-26T18:00:23.242Z","buy","maker"
"11.41200000","129.16100000","2024-05-26T18:00:22.955Z","sell","maker"
"11.41200000","109.29700000","2024-05-26T18:00:20.733Z","sell","maker"
"11.41200000","50.48137500","2024-05-26T18:00:20.229Z","sell","maker"
"11.41200000","41.86774600","2024-05-26T18:00:20.229Z","sell","maker"
"11.41200000","59.88147500","2024-05-26T18:00:20.227Z","sell","maker"
"11.41200000","19.90995900","2024-05-26T18:00:20.218Z","sell","maker"
"11.41200000","142.20100000","2024-05-26T18:00:14.198Z","sell","maker"
"11.40700000","43.53125500","2024-05-26T18:00:06.925Z","buy","maker"
"11.40600000","17.53463000","2024-05-26T18:00:01.816Z","buy","maker"
"11.40800000","97.17704000","2024-05-26T18:00:00.306Z","buy","maker"
"11.40800000","330.52065700","2024-05-26T18:00:00.266Z","buy","maker"
"11.40900000","17.52859900","2024-05-26T18:00:00.259Z","buy","maker"
"11.41100000","17.52694700","2024-05-26T17:59:51.971Z","buy","maker"
"11.41200000","19.21999900","2024-05-26T17:59:49.762Z","sell","maker"
"11.40900000","0.00000700","2024-05-26T17:59:49.089Z","sell","maker"
"11.40900000","31.23097000","2024-05-26T17:59:48.601Z","sell","maker"
"11.40900000","50.00000000","2024-05-26T17:59:48.599Z","sell","maker"
"11.40900000","50.00000000","2024-05-26T17:59:48.599Z","sell","maker"
"11.40900000","50.00000000","2024-05-26T17:59:48.595Z","sell","maker"
"11.40900000","50.00000000","2024-05-26T17:59:48.549Z","sell","maker"
"11.40900000","50.00000000","2024-05-26T17:59:48.522Z","sell","maker"
"11.40900000","200.00000000","2024-05-26T17:59:48.518Z","sell","maker"
"11.40900000","203.95400000","2024-05-26T17:59:48.506Z","sell","maker"
"11.40900000","50.00000000","2024-05-26T17:59:48.503Z","sell","maker"
"11.40900000","100.00000000","2024-05-26T17:59:48.502Z","sell","maker"
"11.40900000","50.00000000","2024-05-26T17:59:48.386Z","sell","maker"
"11.40900000","94.51458000","2024-05-26T17:59:48.382Z","sell","maker"
"11.40900000","50.00000000","2024-05-26T17:59:48.382Z","sell","maker"
"11.40900000","50.00000000","2024-05-26T17:59:48.381Z","sell","maker"
"11.40900000","50.00000000","2024-05-26T17:59:48.378Z","sell","maker"
"11.40900000","850.00000000","2024-05-26T17:59:48.345Z","sell","maker"
"11.40900000","113.63762800","2024-05-26T17:59:48.313Z","sell","maker"
"11.40900000","104.47867200","2024-05-26T17:59:48.311Z","sell","maker"
"11.40900000","52.18414300","2024-05-26T17:59:48.311Z","sell","maker"
"11.40200000","128.69607400","2024-05-26T17:59:33.550Z","buy","maker"
"11.40200000","20.00000000","2024-05-26T17:59:33.550Z","buy","maker"
"11.40300000","21.53006200","2024-05-26T17:59:33.550Z","buy","maker"
"11.40300000","77.73871700","2024-05-26T17:59:33.550Z","buy","maker"
"11.40400000","94.90095700","2024-05-26T17:59:33.550Z","buy","maker"
"11.40400000","59.78000000","2024-05-26T17:59:33.550Z","buy","maker"
"11.40400000","520.39941000","2024-05-26T17:59:33.550Z","buy","maker"
"11.40500000","40.00000000","2024-05-26T17:59:33.550Z","buy","maker"
"11.40700000","20.51277800","2024-05-26T17:59:33.550Z","buy","maker"
"11.40800000","21.91422300","2024-05-26T17:59:33.550Z","buy","maker"
"11.40900000","115.15000000","2024-05-26T17:59:33.550Z","buy","maker"
"11.40900000","4.42451900","2024-05-26T17:59:31.638Z","buy","maker"
"11.41400000","87.64301400","2024-05-26T17:59:31.173Z","buy","maker"
"11.40300000","1.61082000","2024-05-26T17:59:31.025Z","buy","maker"
"11.40300000","25.64097400","2024-05-26T17:59:31.025Z","buy","maker"
"11.40400000","22.35355200","2024-05-26T17:59:31.025Z","buy","maker"
"11.40400000","35.87017600","2024-05-26T17:59:31.025Z","buy","maker"
"11.40500000","44.83772700","2024-05-26T17:59:31.025Z","buy","maker"
"11.40600000","140.30000000","2024-05-26T17:59:31.025Z","buy","maker"
"11.40600000","59.78000000","2024-05-26T17:59:31.025Z","buy","maker"
"11.40700000","186.88238600","2024-05-26T17:59:31.025Z","buy","maker"
"11.40700000","34.42084600","2024-05-26T17:59:31.025Z","buy","maker"
"11.40700000","132.92137300","2024-05-26T17:59:31.025Z","buy","maker"
"11.40700000","43.64981200","2024-05-26T17:59:31.025Z","buy","maker"
"11.40800000","50.00000300","2024-05-26T17:59:31.025Z","buy","maker"
"11.40800000","20.51277800","2024-05-26T17:59:31.025Z","buy","maker"
"11.40900000","25.64097300","2024-05-26T17:59:31.025Z","buy","maker"
"11.41100000","59.78000000","2024-05-26T17:59:31.025Z","buy","maker"
"11.41200000","29.62178100","2024-05-26T17:59:31.025Z","buy","maker"
"11.41200000","17.65811400","2024-05-26T17:59:31.025Z","buy","maker"
"11.41200000","25.64098200","2024-05-26T17:59:31.025Z","buy","maker"
"11.41300000","427.69770300","2024-05-26T17:59:31.025Z","buy","maker"
"11.41300000","115.18000000","2024-05-26T17:59:31.025Z","buy","maker"
"11.41500000","0.09915700","2024-05-26T17:59:27.061Z","buy","maker"
"11.41500000","1.44315600","2024-05-26T17:59:25.524Z","sell","maker"
"11.41400000","3.54609300","2024-05-26T17:59:25.524Z","sell","maker"
"11.41300000","1.44322500","2024-05-26T17:59:25.524Z","sell","maker"
"11.41200000","35.04331500","2024-05-26T17:59:22.284Z","sell","maker"
"11.41200000","0.82686100","2024-05-26T17:59:22.284Z","sell","maker"
"11.41000000","43.82170900","2024-05-26T17:59:20.350Z","sell","maker"
"11.40900000","43.82130500","2024-05-26T17:59:20.350Z","sell","maker"
"11.40700000","20.00000000","2024-05-26T17:59:18.243Z","sell","maker"
"11.40700000","9.14397000","2024-05-26T17:59:18.243Z","sell","maker"
"11.40300000","107.51046700","2024-05-26T17:59:13.089Z","buy","maker"
"11.40700000","52.97311000","2024-05-26T17:59:10.876Z","sell","maker"
"11.40300000","63.64697100","2024-05-26T17:59:01.802Z","sell","maker"
"11.39900000","43.86349600","2024-05-26T17:58:55.402Z","sell","maker"
"11.39800000","52.99055100","2024-05-26T17:58:54.903Z","buy","maker"
"11.40600000","0.17000000","2024-05-26T17:58:49.906Z","sell","maker"
"11.40400000","43.84658100","2024-05-26T17:58:46.710Z","sell","maker"
"11.40400000","9.14397000","2024-05-26T17:58:46.710Z","sell","maker"
"11.40300000","76.26251000","2024-05-26T17:58:45.846Z","buy","maker"
"11.40600000","9.14397000","2024-05-26T17:58:45.413Z","sell","maker"
"11.40600000","67.11854000","2024-05-26T17:58:45.413Z","sell","maker"
"11.40100000","35.35278800","2024-05-26T17:58:41.811Z","buy","maker"
"11.40400000","38.63274700","2024-05-26T17:58:41.783Z","buy","maker"
"11.40500000","0.00001100","2024-05-26T17:58:41.783Z","buy","maker"
"11.40500000","17.67638300","2024-05-26T17:58:41.774Z","buy","maker"
"11.40700000","0.00000700","2024-05-26T17:58:41.774Z","buy","maker"
"11.40700000","8.83819000","2024-05-26T17:58:41.774Z","buy","maker"
"11.40400000","9.00000000","2024-05-26T17:58:41.731Z","buy","maker"
"11.40400000","42.00000000","2024-05-26T17:58:41.706Z","buy","maker"
"11.41000000","528.65225100","2024-05-26T17:58:41.696Z","buy","maker"
"11.41000000","696.08774900","2024-05-26T17:58:41.693Z","buy","maker"
"11.41500000","9.14397000","2024-05-26T17:58:41.692Z","buy","maker"
"11.40900000","290.15803000","2024-05-26T17:58:41.688Z","buy","maker"
"11.41700000","9.14397000","2024-05-26T17:58:41.688Z","buy","maker"
"11.40900000","454.94000000","2024-05-26T17:58:41.686Z","buy","maker"
"11.41000000","20.40286300","2024-05-26T17:58:41.685Z","buy","maker"
"11.41100000","38.01375100","2024-05-26T17:58:41.685Z","buy","maker"
"11.41200000","19.00687500","2024-05-26T17:58:41.685Z","buy","maker"
"11.41200000","102.85358100","2024-05-26T17:58:41.685Z","buy","maker"
"11.41200000","22.36183000","2024-05-26T17:58:41.685Z","buy","maker"
"11.41200000","10.56028400","2024-05-26T17:58:41.685Z","buy","maker"
"11.41200000","10.03669100","2024-05-26T17:58:41.685Z","buy","maker"
"11.41200000","9.96330900","2024-05-26T17:58:41.685Z","buy","maker"
"11.41300000","1.42469100","2024-05-26T17:58:41.685Z","buy","maker"
"11.41400000","112.26000000","2024-05-26T17:58:41.685Z","buy","maker"
"11.41500000","21.90092300","2024-05-26T17:58:41.684Z","buy","maker"
"11.41500000","198.30585700","2024-05-26T17:58:41.684Z","buy","maker"
"11.41500000","9.50343800","2024-05-26T17:58:41.684Z","buy","maker"
"11.41600000","63.64697100","2024-05-26T17:58:41.684Z","buy","maker"
"11.41700000","143.10000000","2024-05-26T17:58:41.683Z","buy","maker"
"11.41800000","20.40286300","2024-05-26T17:58:41.683Z","buy","maker"
"11.41900000","9.14397000","2024-05-26T17:58:41.683Z","buy","maker"
"11.42300000","10.26473700","2024-05-26T17:58:40.776Z","buy","maker"
"11.42400000","61.95438300","2024-05-26T17:58:25.725Z","buy","maker"
"11.42600000","38.80000000","2024-05-26T17:58:25.725Z","buy","maker"
"11.43000000","112.21000000","2024-05-26T17:58:18.670Z","buy","maker"
"11.43100000","68.21000000","2024-05-26T17:58:06.643Z","buy","maker"
"11.43500000","9.40010000","2024-05-26T17:58:06.121Z","buy","maker"
"11.43500000","78.37390700","2024-05-26T17:58:06.118Z","buy","maker"
"11.44100000","3.01252000","2024-05-26T17:57:56.513Z","sell","maker"
"11.44000000","1.26623800","2024-05-26T17:57:56.446Z","sell","maker"
"11.43900000","1.52336700","2024-05-26T17:57:56.446Z","sell","maker"
"11.43800000","0.74198200","2024-05-26T17:57:56.446Z","sell","maker"
"11.43700000","1.96147200","2024-05-26T17:57:56.446Z","sell","maker"
"11.43700000","1.31182200","2024-05-26T17:57:52.920Z","sell","maker"
"11.43600000","1.96146800","2024-05-26T17:57:52.920Z","sell","maker"
"11.43600000","1.40145200","2024-05-26T17:57:52.873Z","sell","maker"
"11.43500000","1.96146800","2024-05-26T17:57:52.873Z","sell","maker"
"11.43400000","17.49256800","2024-05-26T17:57:50.192Z","buy","maker"
"11.43400000","11.01709000","2024-05-26T17:57:49.983Z","buy","maker"
"11.43300000","5.00000000","2024-05-26T17:57:38.759Z","sell","maker"
"11.43200000","43.73687800","2024-05-26T17:57:32.591Z","sell","maker"
"11.43400000","2.20387300","2024-05-26T17:57:30.696Z","sell","maker"
"11.43100000","9.14397000","2024-05-26T17:57:28.639Z","sell","maker"
"11.43100000","20.00000000","2024-05-26T17:57:28.639Z","sell","maker"
"11.42500000","8.63982300","2024-05-26T17:56:52.842Z","buy","maker"
"11.42900000","37.85485200","2024-05-26T17:56:40.154Z","buy","maker"
"11.42900000","9.14397000","2024-05-26T17:56:40.154Z","buy","maker"
"11.42900000","53.64834900","2024-05-26T17:56:40.154Z","buy","maker"
"11.43500000","59.78000000","2024-05-26T17:56:37.091Z","buy","maker"
"11.44100000","0.04099800","2024-05-26T17:56:36.873Z","buy","maker"
"11.45400000","4.36397000","2024-05-26T17:56:18.994Z","buy","maker"
"11.46400000","0.07672300","2024-05-26T17:56:15.620Z","sell","maker"
"11.46100000","59.78000000","2024-05-26T17:56:13.135Z","buy","maker"
"11.45700000","9.14397000","2024-05-26T17:56:00.254Z","buy","maker"
"11.46000000","20.00000000","2024-05-26T17:55:59.066Z","sell","maker"
"11.45500000","55.00000000","2024-05-26T17:55:51.697Z","sell","maker"
"11.44900000","9.14397000","2024-05-26T17:55:34.042Z","sell","maker"
"11.44900000","9.14397000","2024-05-26T17:55:34.033Z","sell","maker"
"11.44800000","20.00000000","2024-05-26T17:55:34.033Z","sell","maker"
"11.44800000","43.67611700","2024-05-26T17:55:34.033Z","sell","maker"
"11.45000000","1.00000000","2024-05-26T17:55:21.182Z","sell","maker"
"11.44900000","43.65287200","2024-05-26T17:55:19.855Z","buy","maker"
"11.45400000","0.01657100","2024-05-26T17:55:07.102Z","buy","maker"
"11.45400000","43.65287200","2024-05-26T17:54:55.201Z","sell","maker"
"11.45300000","30.00000000","2024-05-26T17:54:54.935Z","buy","maker"
"11.47300000","43.55363000","2024-05-26T17:54:08.848Z","buy","maker"
"11.47400000","9.14397000","2024-05-26T17:54:08.841Z","buy","maker"
"11.47700000","0.53367400","2024-05-26T17:54:02.363Z","sell","maker"
"11.46800000","10.42635900","2024-05-26T17:53:47.067Z","buy","maker"
"11.46700000","14.50136000","2024-05-26T17:53:36.550Z","buy","maker"
"11.46700000","9.14397000","2024-05-26T17:53:36.550Z","buy","maker"
"11.45800000","62.44897000","2024-05-26T17:53:22.293Z","sell","maker"
"11.45700000","43.64484700","2024-05-26T17:53:22.286Z","sell","maker"
"11.45700000","20.00000000","2024-05-26T17:53:22.286Z","sell","maker"
"11.45300000","30.00000000","2024-05-26T17:53:07.638Z","buy","maker"
"11.45300000","42.00000000","2024-05-26T17:53:07.631Z","buy","maker"
"11.45300000","160.69576900","2024-05-26T17:53:07.627Z","buy","maker"
"11.45700000","42.00000000","2024-05-26T17:52:57.769Z","buy","maker"
"11.45700000","110.53086000","2024-05-26T17:52:57.769Z","buy","maker"
"11.46800000","88.95892700","2024-05-26T17:52:44.510Z","buy","maker"
"11.46800000","73.65154900","2024-05-26T17:52:44.458Z","buy","maker"
"11.46900000","1.26335200","2024-05-26T17:52:34.416Z","buy","maker"
"11.46900000","33.73664800","2024-05-26T17:52:34.416Z","buy","maker"
"11.47200000","2.02813700","2024-05-26T17:52:32.822Z","sell","maker"
"11.48400000","12.23311200","2024-05-26T17:52:23.192Z","sell","maker"
"11.48400000","1.69705900","2024-05-26T17:52:23.192Z","sell","maker"
"11.48300000","2.56514400","2024-05-26T17:52:23.192Z","sell","maker"
"11.47400000","43.57799000","2024-05-26T17:52:17.391Z","sell","maker"
"11.48700000","16.97223000","2024-05-26T17:51:48.983Z","buy","maker"
"11.48700000","153.90000000","2024-05-26T17:51:48.983Z","buy","maker"
"11.48800000","9.14397000","2024-05-26T17:51:48.983Z","buy","maker"
"11.49100000","0.00097000","2024-05-26T17:51:48.975Z","buy","maker"
"11.49100000","9.14300000","2024-05-26T17:51:48.974Z","buy","maker"
"11.49300000","34.36277600","2024-05-26T17:51:46.148Z","sell","maker"
"11.49200000","9.14397000","2024-05-26T17:51:46.148Z","sell","maker"
"11.49000000","50.00000000","2024-05-26T17:51:46.141Z","sell","maker"
"11.48900000","9.14397000","2024-05-26T17:51:46.141Z","sell","maker"
"11.48800000","0.00011500","2024-05-26T17:51:46.140Z","sell","maker"
"11.48800000","19.99988500","2024-05-26T17:51:46.140Z","sell","maker"
"11.48800000","43.52411500","2024-05-26T17:51:46.140Z","sell","maker"
"11.47400000","9.14397000","2024-05-26T17:51:22.755Z","buy","maker"
"11.47400000","9.59943200","2024-05-26T17:51:22.755Z","buy","maker"
"11.47600000","90.06302900","2024-05-26T17:51:14.391Z","sell","maker"
"11.46700000","40.01946500","2024-05-26T17:51:05.180Z","sell","maker"
"11.46700000","48.88820500","2024-05-26T17:51:05.179Z","sell","maker"
"11.46600000","9.14397000","2024-05-26T17:51:05.178Z","sell","maker"
"11.46400000","45.90106300","2024-05-26T17:51:05.168Z","sell","maker"
"11.46100000","9.14397000","2024-05-26T17:51:03.830Z","sell","maker"
"11.46100000","20.00000000","2024-05-26T17:51:03.830Z","sell","maker"
"11.45900000","9.14397000","2024-05-26T17:50:55.671Z","sell","maker"
"11.45900000","36.18487800","2024-05-26T17:50:55.671Z","sell","maker"
"11.45600000","9.14397000","2024-05-26T17:50:47.554Z","buy","maker"
"11.46200000","0.00941800","2024-05-26T17:50:45.936Z","sell","maker"
"11.46300000","14.50442600","2024-05-26T17:50:45.907Z","sell","maker"
"11.46300000","9.14397000","2024-05-26T17:50:45.907Z","sell","maker"
"11.46000000","43.63007900","2024-05-26T17:50:45.480Z","sell","maker"
"11.45500000","63.64697000","2024-05-26T17:50:43.193Z","sell","maker"
"11.45400000","9.14397000","2024-05-26T17:50:43.191Z","sell","maker"
"11.45200000","0.00000400","2024-05-26T17:50:43.187Z","sell","maker"
"11.45200000","63.64696700","2024-05-26T17:50:43.187Z","sell","maker"
"11.45200000","43.66067300","2024-05-26T17:50:43.187Z","sell","maker"
"11.44900000","9.14397000","2024-05-26T17:50:38.861Z","buy","maker"
"11.44900000","40.00000000","2024-05-26T17:50:38.861Z","buy","maker"
"11.45000000","9.14397000","2024-05-26T17:50:38.861Z","buy","maker"
"11.45200000","40.00000000","2024-05-26T17:50:38.861Z","buy","maker"
"11.45200000","9.14397000","2024-05-26T17:50:38.861Z","buy","maker"
"11.44800000","91.94372200","2024-05-26T17:50:38.854Z","buy","maker"
"11.45000000","0.14284700","2024-05-26T17:50:38.854Z","buy","maker"
"11.45100000","59.78000000","2024-05-26T17:50:38.854Z","buy","maker"
"11.45600000","59.78000000","2024-05-26T17:50:38.854Z","buy","maker"
"11.45700000","43.57049300","2024-05-26T17:50:38.854Z","buy","maker"
"11.46200000","9.69639600","2024-05-26T17:50:38.832Z","buy","maker"
"11.46200000","7.27846200","2024-05-26T17:50:38.789Z","buy","maker"
"11.46200000","36.30181800","2024-05-26T17:50:38.789Z","buy","maker"
"11.46300000","9.14397000","2024-05-26T17:50:38.786Z","buy","maker"
"11.46500000","0.72996000","2024-05-26T17:50:38.777Z","buy","maker"
"11.46600000","9.14397000","2024-05-26T17:50:38.776Z","buy","maker"
"11.46600000","156.00000000","2024-05-26T17:50:38.774Z","buy","maker"
"11.47400000","43.58028000","2024-05-26T17:50:37.079Z","sell","maker"
"11.47600000","0.00940700","2024-05-26T17:50:36.625Z","sell","maker"
"11.47600000","3.62335000","2024-05-26T17:50:36.594Z","sell","maker"
"11.47500000","20.00000000","2024-05-26T17:50:36.594Z","sell","maker"
"11.48300000","48.06027500","2024-05-26T17:50:33.676Z","sell","maker"
"11.48200000","9.14397000","2024-05-26T17:50:33.676Z","sell","maker"
"11.48100000","43.55021300","2024-05-26T17:50:33.676Z","sell","maker"
"11.48000000","1.04611800","2024-05-26T17:50:33.105Z","buy","maker"
"11.48000000","19.80991200","2024-05-26T17:50:33.105Z","buy","maker"
"11.48100000","9.14397000","2024-05-26T17:50:33.105Z","buy","maker"
"11.48400000","42.00000000","2024-05-26T17:50:33.044Z","buy","maker"
"11.48500000","0.00026400","2024-05-26T17:50:33.036Z","buy","maker"
"11.48500000","32.71700000","2024-05-26T17:50:33.036Z","buy","maker"
"11.50500000","10.00500000","2024-05-26T17:50:28.488Z","buy","maker"
"11.50500000","30.00000000","2024-05-26T17:50:28.480Z","buy","maker"
"11.50500000","42.00000000","2024-05-26T17:50:28.470Z","buy","maker"
"11.50500000","145.25121600","2024-05-26T17:50:28.463Z","buy","maker"
"11.50500000","169.70000000","2024-05-26T17:50:28.463Z","buy","maker"
"11.50700000","111.51000000","2024-05-26T17:50:28.414Z","buy","maker"
"11.50700000","6.95228900","2024-05-26T17:50:28.414Z","buy","maker"
"11.51200000","727.49970900","2024-05-26T17:50:24.727Z","buy","maker"
"11.51200000","63.64697100","2024-05-26T17:50:24.727Z","buy","maker"
"11.52000000","2.24357700","2024-05-26T17:50:10.765Z","sell","maker"
"11.51800000","63.64697100","2024-05-26T17:50:08.750Z","sell","maker"
"11.50900000","7.16573200","2024-05-26T17:49:32.608Z","buy","maker"
"11.51000000","9.14397000","2024-05-26T17:49:32.608Z","buy","maker"
"11.51000000","8.78295000","2024-05-26T17:49:05.758Z","buy","maker"
"11.51100000","9.14397000","2024-05-26T17:49:05.758Z","buy","maker"
"11.51100000","32.07308000","2024-05-26T17:49:05.758Z","buy","maker"
"11.51300000","43.42980200","2024-05-26T17:49:04.603Z","sell","maker"
"11.51200000","20.00000000","2024-05-26T17:49:04.580Z","sell","maker"
"11.51200000","63.64358500","2024-05-26T17:49:04.580Z","sell","maker"
"11.51200000","0.00338600","2024-05-26T17:48:59.368Z","sell","maker"
"11.51100000","11.36363200","2024-05-26T17:48:59.358Z","sell","maker"
"11.51100000","8.63636800","2024-05-26T17:48:59.343Z","sell","maker"
"11.50500000","1.32389600","2024-05-26T17:48:55.716Z","buy","maker"
"11.51000000","30.00000000","2024-05-26T17:48:55.086Z","buy","maker"
"11.51000000","200.00000000","2024-05-26T17:48:55.085Z","buy","maker"
"11.51100000","11.63434700","2024-05-26T17:48:42.373Z","sell","maker"
"11.51100000","8.36565300","2024-05-26T17:48:42.348Z","sell","maker"
"11.51300000","43.42927900","2024-05-26T17:48:39.896Z","sell","maker"
"11.51200000","63.64697100","2024-05-26T17:48:39.741Z","sell","maker"
"11.51300000","43.42927900","2024-05-26T17:48:38.035Z","sell","maker"
"11.51200000","43.43363900","2024-05-26T17:48:36.607Z","sell","maker"
"11.51100000","40.11500000","2024-05-26T17:48:36.130Z","sell","maker"
"11.51100000","20.00000000","2024-05-26T17:48:34.515Z","sell","maker"
"11.51000000","16.75366000","2024-05-26T17:48:31.901Z","buy","maker"
"11.51300000","0.00044800","2024-05-26T17:48:31.557Z","buy","maker"
"11.51300000","10.17800000","2024-05-26T17:48:31.545Z","buy","maker"
"11.51500000","34.27960800","2024-05-26T17:48:26.211Z","sell","maker"
"11.51500000","9.14397000","2024-05-26T17:48:26.209Z","sell","maker"
"11.51500000","43.42357800","2024-05-26T17:48:26.199Z","sell","maker"
"11.51300000","250.00000000","2024-05-26T17:48:26.198Z","sell","maker"
"11.51200000","250.00000000","2024-05-26T17:48:26.198Z","sell","maker"
"11.51000000","0.00056700","2024-05-26T17:48:26.198Z","sell","maker"
"11.51000000","43.44002900","2024-05-26T17:48:26.197Z","sell","maker"
"11.50900000","63.64697100","2024-05-26T17:48:26.197Z","sell","maker"
"11.50900000","41.82200000","2024-05-26T17:48:25.025Z","sell","maker"
"11.50900000","20.00000000","2024-05-26T17:48:20.979Z","sell","maker"
"11.50900000","47.92593900","2024-05-26T17:48:20.971Z","sell","maker"
"11.50900000","15.72103200","2024-05-26T17:48:20.966Z","sell","maker"
"11.50900000","31.46562100","2024-05-26T17:48:18.801Z","sell","maker"
"11.50900000","10.35637900","2024-05-26T17:48:18.796Z","sell","maker"
"11.50900000","41.82200000","2024-05-26T17:48:18.777Z","sell","maker"
"11.50900000","20.00000000","2024-05-26T17:48:18.762Z","sell","maker"
"11.50900000","41.82200000","2024-05-26T17:48:18.762Z","sell","maker"
"11.50900000","20.00000000","2024-05-26T17:48:14.138Z","sell","maker"
"11.51200000","8.83141800","2024-05-26T17:48:00.719Z","buy","maker"
"11.51300000","21.16858200","2024-05-26T17:48:00.719Z","buy","maker"
"11.51400000","92.76701600","2024-05-26T17:48:00.406Z","buy","maker"
"11.51500000","10.58429100","2024-05-26T17:48:00.406Z","buy","maker"
"11.54100000","17.37862700","2024-05-26T17:47:58.696Z","sell","maker"
"11.54000000","0.72996000","2024-05-26T17:47:58.696Z","sell","maker"
"11.53900000","791.14668000","2024-05-26T17:47:58.696Z","sell","maker"
"11.53900000","2.19055400","2024-05-26T17:47:58.696Z","sell","maker"
"11.53700000","36.31272700","2024-05-26T17:47:58.696Z","sell","maker"
"11.53600000","130.03069300","2024-05-26T17:47:58.696Z","sell","maker"
"11.53500000","520.39941000","2024-05-26T17:47:58.696Z","sell","maker"
"11.53400000","3.49131700","2024-05-26T17:47:58.696Z","sell","maker"
"11.53300000","18.15636400","2024-05-26T17:47:58.696Z","sell","maker"
"11.53300000","462.67505800","2024-05-26T17:47:58.696Z","sell","maker"
"11.53200000","69.69988400","2024-05-26T17:47:58.696Z","sell","maker"
"11.53200000","9.07818200","2024-05-26T17:47:58.696Z","sell","maker"
"11.52900000","451.80000000","2024-05-26T17:47:58.696Z","sell","maker"
"11.52900000","15.85652400","2024-05-26T17:47:58.696Z","sell","maker"
"11.52900000","130.11199800","2024-05-26T17:47:58.696Z","sell","maker"
"11.52800000","10.68957200","2024-05-26T17:47:58.696Z","sell","maker"
"11.52700000","155.80000000","2024-05-26T17:47:58.696Z","sell","maker"
"11.52600000","112.49000000","2024-05-26T17:47:58.696Z","sell","maker"
"11.52400000","3.42531500","2024-05-26T17:47:58.696Z","sell","maker"
"11.52300000","0.73484200","2024-05-26T17:47:58.696Z","sell","maker"
"11.52200000","86.79617900","2024-05-26T17:47:58.696Z","sell","maker"
"11.52200000","15.85652400","2024-05-26T17:47:58.696Z","sell","maker"
"11.52200000","2.03375900","2024-05-26T17:47:58.696Z","sell","maker"
"11.52100000","84.87017400","2024-05-26T17:47:58.696Z","sell","maker"
"11.52100000","22.36285800","2024-05-26T17:47:58.696Z","sell","maker"
"11.52100000","0.64946000","2024-05-26T17:47:58.696Z","sell","maker"
"11.52000000","7.41670100","2024-05-26T17:47:58.696Z","sell","maker"
"11.51900000","2.73091100","2024-05-26T17:47:58.696Z","sell","maker"
"11.51800000","452.98171500","2024-05-26T17:47:58.696Z","sell","maker"
"11.51800000","1.86205900","2024-05-26T17:47:58.696Z","sell","maker"
"11.51700000","0.21146400","2024-05-26T17:47:58.696Z","sell","maker"
"11.51600000","24.25146500","2024-05-26T17:47:58.696Z","sell","maker"
"11.51600000","0.55807000","2024-05-26T17:47:58.696Z","sell","maker"
"11.51500000","43.42333200","2024-05-26T17:47:58.696Z","sell","maker"
"11.51500000","15.85652400","2024-05-26T17:47:58.696Z","sell","maker"
"11.51500000","3.42790300","2024-05-26T17:47:58.696Z","sell","maker"
"11.51400000","180.83841400","2024-05-26T17:47:58.696Z","sell","maker"
"11.51300000","250.00000000","2024-05-26T17:47:58.696Z","sell","maker"
"11.51200000","43.44525300","2024-05-26T17:47:58.696Z","sell","maker"
"11.51100000","20.00000000","2024-05-26T17:47:58.696Z","sell","maker"
"11.51100000","43.43727200","2024-05-26T17:47:58.696Z","sell","maker"
"11.50400000","10.04931100","2024-05-26T17:47:41.529Z","buy","maker"
"11.50400000","59.78000000","2024-05-26T17:47:41.529Z","buy","maker"
"11.50900000","6.95328000","2024-05-26T17:47:24.890Z","buy","maker"
"11.51300000","4.26881900","2024-05-26T17:47:14.582Z","sell","maker"
"11.51200000","20.00000000","2024-05-26T17:47:14.582Z","sell","maker"
"11.51200000","43.43314300","2024-05-26T17:47:14.582Z","sell","maker"
"11.50900000","3.19753300","2024-05-26T17:47:13.403Z","buy","maker"
"11.51100000","8.23645400","2024-05-26T17:47:13.225Z","sell","maker"
"11.51100000","21.14533800","2024-05-26T17:47:08.062Z","buy","maker"
"11.51200000","10.46694200","2024-05-26T17:47:08.062Z","buy","maker"
"11.51300000","0.00000900","2024-05-26T17:47:08.032Z","buy","maker"
"11.51300000","10.57266000","2024-05-26T17:47:08.029Z","buy","maker"
"11.51400000","0.90978600","2024-05-26T17:47:03.023Z","sell","maker"
"11.51300000","34.14074100","2024-05-26T17:47:03.020Z","sell","maker"
"11.51300000","29.50623000","2024-05-26T17:47:03.018Z","sell","maker"
"11.51100000","43.43792700","2024-05-26T17:47:02.964Z","sell","maker"
"11.50500000","17.80613000","2024-05-26T17:46:57.894Z","sell","maker"
"11.50500000","9.14397000","2024-05-26T17:46:57.890Z","sell","maker"
"11.50200000","10.67946000","2024-05-26T17:46:57.817Z","buy","maker"
"11.50500000","12.84152000","2024-05-26T17:46:57.778Z","sell","maker"
"11.50500000","50.80545100","2024-05-26T17:46:57.764Z","sell","maker"
"11.50500000","41.82200000","2024-05-26T17:46:57.764Z","sell","maker"
"11.50400000","21.98549000","2024-05-26T17:46:57.764Z","sell","maker"
"11.50400000","19.83651000","2024-05-26T17:46:57.763Z","sell","maker"
"11.50600000","180.08351500","2024-05-26T17:46:57.749Z","sell","maker"
"11.50500000","9.14397000","2024-05-26T17:46:57.749Z","sell","maker"
"11.53300000","137.32494200","2024-05-26T17:46:57.735Z","sell","maker"
"11.53200000","791.14668000","2024-05-26T17:46:57.735Z","sell","maker"
"11.53100000","78.56504900","2024-05-26T17:46:57.735Z","sell","maker"
"11.52900000","163.60000000","2024-05-26T17:46:57.735Z","sell","maker"
"11.52900000","2.90455100","2024-05-26T17:46:57.735Z","sell","maker"
"11.52900000","2.57139800","2024-05-26T17:46:57.735Z","sell","maker"
"11.52800000","3.59858100","2024-05-26T17:46:57.735Z","sell","maker"
"11.52700000","130.13845200","2024-05-26T17:46:57.735Z","sell","maker"
"11.52700000","3.41990400","2024-05-26T17:46:57.735Z","sell","maker"
"11.52600000","1.33834600","2024-05-26T17:46:57.735Z","sell","maker"
"11.52500000","0.55850300","2024-05-26T17:46:57.735Z","sell","maker"
"11.52400000","1.77205200","2024-05-26T17:46:57.735Z","sell","maker"
"11.52300000","451.67000000","2024-05-26T17:46:57.735Z","sell","maker"
"11.52300000","1.77568200","2024-05-26T17:46:57.735Z","sell","maker"
"11.52300000","3.32355100","2024-05-26T17:46:57.735Z","sell","maker"
"11.52200000","39.28252400","2024-05-26T17:46:57.735Z","sell","maker"
"11.52200000","187.80000000","2024-05-26T17:46:57.735Z","sell","maker"
"11.52100000","10.68957200","2024-05-26T17:46:57.735Z","sell","maker"
"11.52100000","86.79805300","2024-05-26T17:46:57.735Z","sell","maker"
"11.52000000","20.13301500","2024-05-26T17:46:57.735Z","sell","maker"
"11.52000000","0.14284700","2024-05-26T17:46:57.735Z","sell","maker"
"11.51800000","520.39941000","2024-05-26T17:46:57.735Z","sell","maker"
"11.51800000","19.64126200","2024-05-26T17:46:57.735Z","sell","maker"
"11.51700000","55.82605200","2024-05-26T17:46:57.735Z","sell","maker"
"11.51700000","3.60200100","2024-05-26T17:46:57.735Z","sell","maker"
"11.51600000","9.82063100","2024-05-26T17:46:57.735Z","sell","maker"
"11.51600000","0.99289100","2024-05-26T17:46:57.735Z","sell","maker"
"11.51500000","409.88932500","2024-05-26T17:46:57.735Z","sell","maker"
"11.51500000","0.38586400","2024-05-26T17:46:57.735Z","sell","maker"
"11.51300000","86.86423100","2024-05-26T17:46:57.735Z","sell","maker"
"11.51300000","112.47000000","2024-05-26T17:46:57.735Z","sell","maker"
"11.51300000","41.82200000","2024-05-26T17:46:57.735Z","sell","maker"
"11.51200000","161.32817800","2024-05-26T17:46:57.735Z","sell","maker"
"11.50900000","41.00049500","2024-05-26T17:46:57.735Z","sell","maker"
"11.50900000","20.00000000","2024-05-26T17:46:57.735Z","sell","maker"
"11.50800000","20.13301500","2024-05-26T17:46:57.735Z","sell","maker"
"11.50800000","41.82200000","2024-05-26T17:46:57.735Z","sell","maker"
"11.50700000","29.86253500","2024-05-26T17:46:57.735Z","sell","maker"
"11.50700000","180.08351500","2024-05-26T17:46:57.735Z","sell","maker"
"11.50700000","9.14397000","2024-05-26T17:46:57.735Z","sell","maker"
"11.50600000","250.00000000","2024-05-26T17:46:57.735Z","sell","maker"
"11.50300000","43.46718700","2024-05-26T17:46:57.735Z","sell","maker"
"11.50300000","51.41063300","2024-05-26T17:46:57.735Z","sell","maker"
"11.50200000","20.00000000","2024-05-26T17:46:57.735Z","sell","maker"
"11.50300000","40.13851900","2024-05-26T17:46:51.580Z","sell","maker"
"11.50100000","92.34095800","2024-05-26T17:46:49.897Z","buy","maker"
"11.50800000","0.00000900","2024-05-26T17:46:47.653Z","buy","maker"
"11.50800000","2.37044000","2024-05-26T17:46:24.920Z","buy","maker"
"11.51400000","2.12656600","2024-05-26T17:46:13.104Z","sell","maker"
"11.51300000","2.55744100","2024-05-26T17:46:13.104Z","sell","maker"
"11.51200000","20.13301500","2024-05-26T17:46:12.234Z","sell","maker"
"11.51200000","3.51446500","2024-05-26T17:46:12.234Z","sell","maker"
"11.51100000","9.14397000","2024-05-26T17:46:12.233Z","sell","maker"
"11.51100000","0.21086900","2024-05-26T17:46:12.233Z","sell","maker"
"11.51000000","1.51738600","2024-05-26T17:46:12.233Z","sell","maker"
"11.50900000","43.44475800","2024-05-26T17:46:12.233Z","sell","maker"
"11.50900000","22.07550900","2024-05-26T17:46:12.233Z","sell","maker"
"11.50900000","12.67603900","2024-05-26T17:46:12.229Z","sell","maker"
"11.50900000","0.47672700","2024-05-26T17:46:12.229Z","sell","maker"
"11.50600000","1.54330500","2024-05-26T17:46:12.229Z","sell","maker"
"11.50600000","0.92723000","2024-05-26T17:46:09.531Z","sell","maker"
"11.50500000","1.68798200","2024-05-26T17:46:09.531Z","sell","maker"
"11.50400000","2.10730500","2024-05-26T17:46:05.353Z","sell","maker"
"11.50400000","32.65964600","2024-05-26T17:46:05.350Z","sell","maker"
"11.50400000","3.60515700","2024-05-26T17:46:05.350Z","sell","maker"
"11.50300000","9.14397000","2024-05-26T17:46:05.342Z","sell","maker"
"11.50300000","0.99315000","2024-05-26T17:46:05.342Z","sell","maker"
"11.50200000","1.25727000","2024-05-26T17:46:05.339Z","sell","maker"
"11.50100000","2.38910500","2024-05-26T17:46:05.336Z","sell","maker"
"11.50000000","3.17104800","2024-05-26T17:46:05.336Z","sell","maker"
"11.49900000","3.51620700","2024-05-26T17:46:04.126Z","sell","maker"
"11.49800000","2.91051900","2024-05-26T17:46:04.126Z","sell","maker"
"11.49700000","1.17305300","2024-05-26T17:46:04.126Z","sell","maker"
"11.49600000","34.79153000","2024-05-26T17:46:02.796Z","sell","maker"
"11.49600000","9.14397000","2024-05-26T17:46:02.796Z","sell","maker"
"11.48600000","12.00000000","2024-05-26T17:46:00.596Z","buy","maker"
"11.48600000","5.42221200","2024-05-26T17:46:00.593Z","buy","maker"
"11.49100000","43.05845500","2024-05-26T17:46:00.269Z","buy","maker"
"11.49100000","113.83924100","2024-05-26T17:46:00.235Z","buy","maker"
"11.48900000","21.05127100","2024-05-26T17:45:49.500Z","sell","maker"
"11.48900000","9.14397000","2024-05-26T17:45:49.500Z","sell","maker"
"11.48500000","41.82200000","2024-05-26T17:45:48.337Z","sell","maker"
"11.48700000","41.82200000","2024-05-26T17:45:48.320Z","sell","maker"
"11.48600000","50.00000000","2024-05-26T17:45:48.296Z","buy","maker"
"11.48800000","21.55297600","2024-05-26T17:45:48.262Z","buy","maker"
"11.48900000","9.14397000","2024-05-26T17:45:48.262Z","buy","maker"
"11.49100000","9.14397000","2024-05-26T17:45:48.256Z","buy","maker"
"11.49000000","303.46840200","2024-05-26T17:45:48.250Z","buy","maker"
"11.49000000","133.51223000","2024-05-26T17:45:48.250Z","buy","maker"
"11.49100000","9.14397000","2024-05-26T17:45:48.250Z","buy","maker"
"11.49400000","9.14397000","2024-05-26T17:45:48.250Z","buy","maker"
"11.49000000","105.22700000","2024-05-26T17:45:48.245Z","buy","maker"
"11.49000000","248.93904800","2024-05-26T17:45:48.243Z","buy","maker"
"11.49100000","141.84103600","2024-05-26T17:45:48.243Z","buy","maker"
"11.49100000","49.15034900","2024-05-26T17:45:48.242Z","buy","maker"
"11.49300000","40.00000000","2024-05-26T17:45:48.242Z","buy","maker"
"11.49500000","43.49704600","2024-05-26T17:45:48.242Z","buy","maker"
"11.49600000","9.14397000","2024-05-26T17:45:48.242Z","buy","maker"
"11.49800000","9.14397000","2024-05-26T17:45:38.862Z","sell","maker"
"11.49900000","76.37011700","2024-05-26T17:45:38.855Z","sell","maker"
"11.49800000","9.14397000","2024-05-26T17:45:38.855Z","sell","maker"
"11.49900000","120.89601200","2024-05-26T17:45:38.852Z","sell","maker"
"11.49900000","62.79790800","2024-05-26T17:45:38.850Z","sell","maker"
"11.49600000","9.14397000","2024-05-26T17:45:38.850Z","sell","maker"
"11.49500000","9.14397000","2024-05-26T17:45:38.843Z","sell","maker"
"11.49300000","43.50595200","2024-05-26T17:45:38.843Z","sell","maker"
"11.48700000","43.52995900","2024-05-26T17:45:34.635Z","sell","maker"
"11.48600000","43.53125500","2024-05-26T17:45:31.920Z","buy","maker"
"11.48800000","78.79900000","2024-05-26T17:45:18.207Z","buy","maker"
"11.49600000","59.78000000","2024-05-26T17:45:13.517Z","buy","maker"
"11.49000000","10.14440000","2024-05-26T17:44:57.962Z","buy","maker"
"11.49100000","9.14397000","2024-05-26T17:44:57.962Z","buy","maker"
"11.49500000","224.63749000","2024-05-26T17:44:56.982Z","buy","maker"
"11.49600000","9.14397000","2024-05-26T17:44:54.901Z","buy","maker"
"11.49600000","59.78000000","2024-05-26T17:44:54.901Z","buy","maker"
"11.50300000","74.59736300","2024-05-26T17:44:47.986Z","buy","maker"
"11.50400000","9.14397000","2024-05-26T17:44:47.986Z","buy","maker"
"11.50500000","3.69002900","2024-05-26T17:44:25.829Z","buy","maker"
"11.50500000","16.00000000","2024-05-26T17:44:25.789Z","buy","maker"
"11.50500000","25.00000000","2024-05-26T17:44:25.788Z","buy","maker"
"11.50600000","9.14397000","2024-05-26T17:44:25.734Z","buy","maker"
"11.50600000","9.14397000","2024-05-26T17:44:25.715Z","buy","maker"
"11.51000000","3.16674800","2024-05-26T17:44:20.810Z","sell","maker"
"11.50900000","2.20913600","2024-05-26T17:44:20.736Z","sell","maker"
"11.50400000","2.12517000","2024-05-26T17:44:19.707Z","sell","maker"
"11.50300000","2.04123000","2024-05-26T17:44:19.637Z","sell","maker"
"11.50200000","1.51455700","2024-05-26T17:44:19.637Z","sell","maker"
"11.50100000","0.00000600","2024-05-26T17:44:19.637Z","sell","maker"
"11.50100000","2.64514000","2024-05-26T17:44:19.633Z","sell","maker"
"11.50000000","12.38715000","2024-05-26T17:44:19.629Z","sell","maker"
"11.50000000","2.50075000","2024-05-26T17:44:19.629Z","sell","maker"
"11.49900000","1.00821700","2024-05-26T17:44:19.629Z","sell","maker"
"11.49700000","0.17000000","2024-05-26T17:44:19.386Z","buy","maker"
"11.49900000","0.24722900","2024-05-26T17:44:17.786Z","sell","maker"
"11.49800000","9.14397000","2024-05-26T17:44:17.380Z","sell","maker"
"11.49800000","34.39159800","2024-05-26T17:44:17.334Z","sell","maker"
"11.49800000","15.90641200","2024-05-26T17:44:17.334Z","sell","maker"
"11.49800000","3.25611100","2024-05-26T17:44:17.334Z","sell","maker"
"11.49700000","0.38802600","2024-05-26T17:44:17.334Z","sell","maker"
"11.49600000","1.86611400","2024-05-26T17:44:17.334Z","sell","maker"
"11.49500000","20.00000000","2024-05-26T17:44:17.331Z","sell","maker"
"11.49500000","1.43134600","2024-05-26T17:44:17.331Z","sell","maker"
"11.49400000","43.50137700","2024-05-26T17:44:17.331Z","sell","maker"
"11.48900000","1.60592000","2024-05-26T17:44:03.534Z","sell","maker"
"11.48700000","0.00000800","2024-05-26T17:43:37.194Z","buy","maker"
"11.48700000","36.18487000","2024-05-26T17:43:37.189Z","buy","maker"
"11.48700000","9.14397000","2024-05-26T17:43:37.189Z","buy","maker"
"11.48400000","0.17000000","2024-05-26T17:43:13.347Z","buy","maker"
"11.48600000","6.87810700","2024-05-26T17:43:10.393Z","sell","maker"
"11.48400000","9.14397000","2024-05-26T17:43:10.393Z","sell","maker"
"11.48600000","1.05955200","2024-05-26T17:43:10.387Z","sell","maker"
"11.48600000","42.47261100","2024-05-26T17:43:10.386Z","sell","maker"
"11.48300000","34.83622600","2024-05-26T17:43:10.383Z","sell","maker"
"11.48300000","2.30665700","2024-05-26T17:43:10.383Z","sell","maker"
"11.48200000","1.78145400","2024-05-26T17:43:10.383Z","sell","maker"
"11.48100000","1.52201900","2024-05-26T17:43:10.383Z","sell","maker"
"11.48100000","1.42469100","2024-05-26T17:43:10.383Z","sell","maker"
"11.48000000","1.81993900","2024-05-26T17:43:10.382Z","sell","maker"
"11.48000000","41.73457200","2024-05-26T17:43:10.382Z","sell","maker"
"11.47900000","1.81993900","2024-05-26T17:43:10.382Z","sell","maker"
"11.47900000","0.48484500","2024-05-26T17:42:37.205Z","sell","maker"
"11.47800000","0.99652100","2024-05-26T17:42:37.205Z","sell","maker"
"11.47600000","0.82341400","2024-05-26T17:42:37.205Z","sell","maker"
"11.47500000","1.26283900","2024-05-26T17:42:36.282Z","sell","maker"
"11.47500000","1.74137100","2024-05-26T17:42:29.940Z","sell","maker"
"11.47400000","1.26283900","2024-05-26T17:42:29.940Z","sell","maker"
"11.47100000","0.44000000","2024-05-26T17:42:16.314Z","buy","maker"
"11.47300000","0.00001600","2024-05-26T17:42:15.779Z","sell","maker"
"11.47300000","0.55958100","2024-05-26T17:42:15.690Z","sell","maker"
"11.47300000","2.57139800","2024-05-26T17:42:15.690Z","sell","maker"
"11.47200000","0.00000100","2024-05-26T17:42:15.690Z","sell","maker"
"11.47200000","3.17688300","2024-05-26T17:42:15.469Z","sell","maker"
"11.47100000","1.00000000","2024-05-26T17:42:15.469Z","sell","maker"
"11.46500000","9.10974300","2024-05-26T17:42:07.407Z","sell","maker"
"11.46400000","1.17116100","2024-05-26T17:42:07.407Z","sell","maker"
"11.46200000","0.00001300","2024-05-26T17:42:07.407Z","sell","maker"
"11.46000000","193.18246600","2024-05-26T17:42:01.089Z","buy","maker"
"11.46000000","17.62781800","2024-05-26T17:42:01.089Z","buy","maker"
"11.46000000","34.87790000","2024-05-26T17:42:01.089Z","buy","maker"
"11.46100000","16.02207700","2024-05-26T17:42:01.089Z","buy","maker"
"11.46100000","43.62621000","2024-05-26T17:42:01.089Z","buy","maker"
"11.46100000","9.14397000","2024-05-26T17:42:01.089Z","buy","maker"
"11.46200000","3.61949400","2024-05-26T17:42:00.159Z","sell","maker"
"11.46100000","0.00000600","2024-05-26T17:42:00.159Z","sell","maker"
"11.46100000","2.74355000","2024-05-26T17:41:58.629Z","sell","maker"
"11.46000000","0.65301000","2024-05-26T17:41:58.240Z","sell","maker"
"11.45900000","34.90802000","2024-05-26T17:41:49.344Z","sell","maker"
"11.45900000","2.83380000","2024-05-26T17:41:49.344Z","sell","maker"
"11.45800000","1.43724000","2024-05-26T17:41:49.344Z","sell","maker"
"11.45700000","1.26053000","2024-05-26T17:41:49.340Z","sell","maker"
"11.45600000","3.44113700","2024-05-26T17:41:49.340Z","sell","maker"
"11.45500000","2.74559200","2024-05-26T17:41:49.340Z","sell","maker"
"11.44700000","1.78730800","2024-05-26T17:41:34.906Z","sell","maker"
"11.44700000","1.65845900","2024-05-26T17:41:34.902Z","sell","maker"
"11.44600000","1.78730100","2024-05-26T17:41:34.902Z","sell","maker"
"11.44500000","0.00000800","2024-05-26T17:41:30.108Z","sell","maker"
"11.44500000","2.66395000","2024-05-26T17:41:30.064Z","sell","maker"
"11.44400000","3.01171700","2024-05-26T17:41:12.568Z","sell","maker"
"11.44300000","0.00000100","2024-05-26T17:41:12.568Z","sell","maker"
"11.44300000","3.09947000","2024-05-26T17:40:51.577Z","sell","maker"
"11.44200000","0.64957400","2024-05-26T17:40:51.538Z","sell","maker"
"11.44100000","3.45135900","2024-05-26T17:40:51.537Z","sell","maker"
"11.44000000","1.70055100","2024-05-26T17:40:51.537Z","sell","maker"
"11.43900000","0.30197400","2024-05-26T17:40:51.537Z","sell","maker"
"11.43800000","0.00000800","2024-05-26T17:40:51.535Z","sell","maker"
"11.43800000","2.49040000","2024-05-26T17:40:35.627Z","sell","maker"
"11.43100000","9.14397000","2024-05-26T17:40:28.969Z","sell","maker"
"11.43200000","8.47404700","2024-05-26T17:40:28.959Z","sell","maker"
"11.43200000","31.71206000","2024-05-26T17:40:28.959Z","sell","maker"
"11.43000000","9.14397000","2024-05-26T17:40:28.959Z","sell","maker"
"11.42800000","9.14397000","2024-05-26T17:40:28.959Z","sell","maker"
"11.43200000","40.29091200","2024-05-26T17:40:28.958Z","sell","maker"
"11.43200000","59.66620600","2024-05-26T17:40:28.955Z","sell","maker"
"11.43100000","22.42981600","2024-05-26T17:40:28.955Z","sell","maker"
"11.42900000","29.78986400","2024-05-26T17:40:28.954Z","sell","maker"
"11.42800000","9.14397000","2024-05-26T17:40:28.954Z","sell","maker"
"11.42900000","66.60147900","2024-05-26T17:40:28.952Z","sell","maker"
"11.42700000","9.14397000","2024-05-26T17:40:28.950Z","sell","maker"
"11.42500000","6.34087700","2024-05-26T17:40:21.326Z","sell","maker"
"11.42000000","29.90000000","2024-05-26T17:40:14.117Z","buy","maker"
"11.42200000","96.39134300","2024-05-26T17:40:13.019Z","buy","maker"
"11.42500000","7.24486300","2024-05-26T17:40:08.062Z","buy","maker"
"11.42900000","1.87992500","2024-05-26T17:39:39.539Z","sell","maker"
"11.42800000","1.63440500","2024-05-26T17:39:39.539Z","sell","maker"
"11.42800000","1.73258700","2024-05-26T17:39:36.393Z","sell","maker"
"11.42700000","3.09987200","2024-05-26T17:39:25.659Z","sell","maker"
"11.42600000","2.05021300","2024-05-26T17:39:25.659Z","sell","maker"
"11.42500000","1.52789200","2024-05-26T17:39:25.659Z","sell","maker"
"11.42400000","0.56688600","2024-05-26T17:39:25.659Z","sell","maker"
"11.41800000","20.00000000","2024-05-26T17:39:01.445Z","buy","maker"
"11.42300000","2.15632200","2024-05-26T17:38:50.510Z","sell","maker"
"11.42300000","4.09645400","2024-05-26T17:38:50.507Z","sell","maker"
"11.42200000","2.15631600","2024-05-26T17:38:50.507Z","sell","maker"
"11.42200000","0.59956700","2024-05-26T17:38:50.506Z","sell","maker"
"11.42100000","2.15631300","2024-05-26T17:38:50.506Z","sell","maker"
"11.42100000","1.21363700","2024-05-26T17:38:41.232Z","sell","maker"
"11.42000000","0.39088900","2024-05-26T17:38:41.232Z","sell","maker"
"11.41900000","10.22760000","2024-05-26T17:38:32.094Z","sell","maker"
"11.41900000","3.28049400","2024-05-26T17:38:32.094Z","sell","maker"
"11.41800000","1.26795000","2024-05-26T17:38:32.094Z","sell","maker"
"11.41700000","3.54512900","2024-05-26T17:38:32.094Z","sell","maker"
"11.41600000","0.56330600","2024-05-26T17:38:32.048Z","sell","maker"
"11.40800000","7.82608700","2024-05-26T17:38:09.678Z","buy","maker"
"11.41000000","45.64673700","2024-05-26T17:38:07.226Z","sell","maker"
"11.41000000","45.55144800","2024-05-26T17:38:07.225Z","sell","maker"
"11.41000000","61.82856300","2024-05-26T17:38:07.224Z","sell","maker"
"11.40700000","43.83342700","2024-05-26T17:38:07.176Z","sell","maker"
"11.40800000","16.93599100","2024-05-26T17:38:00.337Z","sell","maker"
"11.40800000","0.42596500","2024-05-26T17:37:57.539Z","sell","maker"
"11.40600000","162.70000000","2024-05-26T17:37:57.367Z","buy","maker"
"11.42700000","6.70102300","2024-05-26T17:37:07.559Z","buy","maker"
"11.42800000","0.02711900","2024-05-26T17:37:04.330Z","buy","maker"
"11.43200000","83.98817700","2024-05-26T17:36:30.453Z","buy","maker"
"11.43200000","64.71182300","2024-05-26T17:36:30.452Z","buy","maker"
"11.43200000","20.42221000","2024-05-26T17:36:30.452Z","buy","maker"
"11.44600000","2.19054900","2024-05-26T17:36:16.078Z","buy","maker"
"11.44800000","14.12957600","2024-05-26T17:36:09.187Z","sell","maker"
"11.44800000","45.16030700","2024-05-26T17:36:09.187Z","sell","maker"
"11.44800000","10.16106500","2024-05-26T17:36:09.187Z","sell","maker"
"11.44800000","0.30048900","2024-05-26T17:36:09.187Z","sell","maker"
"11.44700000","27.06394000","2024-05-26T17:36:09.187Z","sell","maker"
"11.44700000","3.18462300","2024-05-26T17:36:09.187Z","sell","maker"
"11.44600000","0.00000500","2024-05-26T17:36:05.450Z","sell","maker"
"11.43900000","37.00000000","2024-05-26T17:36:04.078Z","buy","maker"
"11.43900000","18.30000000","2024-05-26T17:36:04.073Z","buy","maker"
"11.44100000","10.16106500","2024-05-26T17:36:04.000Z","buy","maker"
"11.44200000","10.16106500","2024-05-26T17:36:04.000Z","buy","maker"
"11.44200000","20.42221000","2024-05-26T17:36:03.994Z","buy","maker"
"11.44300000","0.00006500","2024-05-26T17:36:03.992Z","buy","maker"
"11.44300000","10.16100000","2024-05-26T17:36:03.992Z","buy","maker"
"11.44100000","4.30210100","2024-05-26T17:36:02.110Z","buy","maker"
"11.44600000","2.48772700","2024-05-26T17:35:58.591Z","sell","maker"
"11.44500000","0.00000300","2024-05-26T17:35:58.591Z","sell","maker"
"11.44500000","3.53432000","2024-05-26T17:35:58.583Z","sell","maker"
"11.43700000","10.16106500","2024-05-26T17:35:48.498Z","sell","maker"
"11.43700000","20.00000000","2024-05-26T17:35:48.498Z","sell","maker"
"11.43300000","1.78910300","2024-05-26T17:35:36.930Z","buy","maker"
"11.44100000","0.00024600","2024-05-26T17:35:31.571Z","buy","maker"
"11.44100000","20.42196400","2024-05-26T17:35:31.571Z","buy","maker"
"11.44100000","63.64697100","2024-05-26T17:35:31.571Z","buy","maker"
"11.44100000","10.16106500","2024-05-26T17:35:31.571Z","buy","maker"
"11.44100000","4.00000000","2024-05-26T17:35:16.197Z","sell","maker"
"11.44100000","10.16106500","2024-05-26T17:35:16.089Z","sell","maker"
"11.44400000","2.13889900","2024-05-26T17:35:16.082Z","sell","maker"
"11.44300000","121.39757400","2024-05-26T17:35:16.082Z","sell","maker"
"11.44300000","1.78753000","2024-05-26T17:35:16.082Z","sell","maker"
"11.44200000","20.00000000","2024-05-26T17:35:16.082Z","sell","maker"
"11.44200000","2.74727200","2024-05-26T17:35:16.082Z","sell","maker"
"11.44100000","0.00096600","2024-05-26T17:35:16.082Z","sell","maker"
"11.44100000","43.70193500","2024-05-26T17:35:16.082Z","sell","maker"
"11.44100000","10.16106500","2024-05-26T17:35:16.082Z","sell","maker"
"11.43200000","14.84698000","2024-05-26T17:35:14.783Z","buy","maker"
"11.43300000","10.16106500","2024-05-26T17:35:14.783Z","buy","maker"
"11.42900000","61.68851200","2024-05-26T17:35:07.379Z","sell","maker"
"11.42400000","43.76763700","2024-05-26T17:34:53.789Z","sell","maker"
"11.42400000","0.00001400","2024-05-26T17:34:53.789Z","sell","maker"
"11.42400000","136.51935300","2024-05-26T17:34:53.786Z","sell","maker"
"11.42400000","96.55876200","2024-05-26T17:34:53.786Z","sell","maker"
"11.42300000","0.00000500","2024-05-26T17:34:53.786Z","sell","maker"
"11.42300000","10.16106000","2024-05-26T17:34:53.785Z","sell","maker"
"11.42100000","10.16106000","2024-05-26T17:34:51.296Z","buy","maker"
"11.42300000","10.16106500","2024-05-26T17:34:51.279Z","buy","maker"
"11.43800000","0.37508700","2024-05-26T17:34:34.288Z","buy","maker"
"11.44400000","8.79153800","2024-05-26T17:34:22.996Z","sell","maker"
"11.44400000","25.00846200","2024-05-26T17:34:22.996Z","sell","maker"
"11.44700000","80.01290600","2024-05-26T17:34:14.093Z","buy","maker"
"11.44700000","16.54585600","2024-05-26T17:34:07.312Z","buy","maker"
"11.46100000","1.10660600","2024-05-26T17:33:41.535Z","sell","maker"
"11.46000000","6.97930300","2024-05-26T17:33:38.960Z","sell","maker"
"11.45600000","1.52734000","2024-05-26T17:33:38.960Z","sell","maker"
"11.45000000","1.42651300","2024-05-26T17:33:24.266Z","sell","maker"
"11.44500000","20.35242500","2024-05-26T17:33:18.979Z","sell","maker"
"11.44300000","10.16106500","2024-05-26T17:33:18.979Z","sell","maker"
"11.44400000","97.73532100","2024-05-26T17:33:18.958Z","sell","maker"
"11.44400000","250.00000000","2024-05-26T17:33:18.958Z","sell","maker"
"11.44100000","20.00000000","2024-05-26T17:33:18.958Z","sell","maker"
"11.44000000","10.16106500","2024-05-26T17:33:18.958Z","sell","maker"
"11.43900000","98.83086300","2024-05-26T17:33:18.824Z","buy","maker"
"11.44700000","0.25076400","2024-05-26T17:33:15.806Z","sell","maker"
"11.44500000","20.00880400","2024-05-26T17:32:58.012Z","sell","maker"
"11.44500000","28.86323300","2024-05-26T17:32:58.011Z","sell","maker"
"11.44500000","50.89868200","2024-05-26T17:32:58.003Z","sell","maker"
"11.44300000","25.22594900","2024-05-26T17:32:51.421Z","buy","maker"
"11.44700000","59.78000000","2024-05-26T17:32:50.057Z","buy","maker"
"11.45400000","20.35242500","2024-05-26T17:32:40.814Z","sell","maker"
"11.45300000","10.16106500","2024-05-26T17:32:40.814Z","sell","maker"
"11.45300000","0.66730200","2024-05-26T17:32:40.783Z","sell","maker"
"11.45200000","43.66409200","2024-05-26T17:32:40.783Z","sell","maker"
"11.45200000","10.16106500","2024-05-26T17:32:40.783Z","sell","maker"
"11.45500000","18.45000000","2024-05-26T17:32:27.399Z","sell","maker"
"11.45200000","15.60600000","2024-05-26T17:32:27.347Z","sell","maker"
"11.45300000","15.53400000","2024-05-26T17:32:27.327Z","sell","maker"
"11.45100000","9.39425000","2024-05-26T17:32:26.637Z","buy","maker"
"11.45100000","108.80573300","2024-05-26T17:32:26.633Z","buy","maker"
"11.45300000","0.00000400","2024-05-26T17:32:26.628Z","buy","maker"
"11.45300000","9.39425000","2024-05-26T17:32:26.627Z","buy","maker"
"11.45200000","10.16106000","2024-05-26T17:32:26.605Z","buy","maker"
"11.45100000","532.33897900","2024-05-26T17:32:26.600Z","buy","maker"
"11.45100000","52.72492200","2024-05-26T17:32:26.597Z","buy","maker"
"11.45100000","19.36959600","2024-05-26T17:32:26.597Z","buy","maker"
"11.45100000","17.74441700","2024-05-26T17:32:26.597Z","buy","maker"
"11.45400000","10.16106500","2024-05-26T17:32:26.597Z","buy","maker"
"11.45200000","50.00000000","2024-05-26T17:32:26.593Z","buy","maker"
"11.45200000","44.53879700","2024-05-26T17:32:26.592Z","buy","maker"
"11.45300000","0.00000800","2024-05-26T17:32:26.592Z","buy","maker"
"11.45500000","10.16106500","2024-05-26T17:32:26.592Z","buy","maker"
"11.45300000","9.68479000","2024-05-26T17:32:26.592Z","buy","maker"
"11.45400000","10.16106500","2024-05-26T17:32:26.591Z","buy","maker"
"11.45400000","90.04145200","2024-05-26T17:32:26.588Z","buy","maker"
"11.45900000","10.16106500","2024-05-26T17:32:26.588Z","buy","maker"
"11.46000000","10.16106500","2024-05-26T17:32:26.587Z","buy","maker"
"11.45500000","21.29891000","2024-05-26T17:32:26.581Z","buy","maker"
"11.45700000","43.61112600","2024-05-26T17:32:26.580Z","buy","maker"
"11.45800000","43.63758900","2024-05-26T17:32:26.580Z","buy","maker"
"11.46000000","203.61127000","2024-05-26T17:32:26.580Z","buy","maker"
"11.46000000","10.16106500","2024-05-26T17:32:26.580Z","buy","maker"
"11.45900000","0.18000000","2024-05-26T17:32:18.962Z","buy","maker"
"11.46100000","20.70000000","2024-05-26T17:32:18.452Z","sell","maker"
"11.46600000","0.91132800","2024-05-26T17:32:13.308Z","sell","maker"
"11.46600000","3.34028700","2024-05-26T17:32:13.308Z","sell","maker"
"11.46500000","20.00000000","2024-05-26T17:32:13.308Z","sell","maker"
"11.46500000","1.17133000","2024-05-26T17:32:13.308Z","sell","maker"
"11.46500000","0.73470200","2024-05-26T17:32:13.308Z","sell","maker"
"11.46300000","0.56610000","2024-05-26T17:32:13.308Z","sell","maker"
"11.46200000","3.17940400","2024-05-26T17:32:13.308Z","sell","maker"
"11.45800000","0.33000000","2024-05-26T17:32:09.959Z","buy","maker"
"11.46100000","3.52855700","2024-05-26T17:32:08.250Z","sell","maker"
"11.46000000","3.53100400","2024-05-26T17:32:08.250Z","sell","maker"
"11.45900000","2.48388800","2024-05-26T17:32:08.197Z","sell","maker"
"11.45800000","0.00000200","2024-05-26T17:32:07.927Z","sell","maker"
"11.45800000","43.63789200","2024-05-26T17:32:07.927Z","sell","maker"
"11.45700000","20.00000000","2024-05-26T17:32:07.927Z","sell","maker"
"11.45700000","34.91384300","2024-05-26T17:32:07.927Z","sell","maker"
"11.45600000","1.52470700","2024-05-26T17:32:07.927Z","sell","maker"
"11.45500000","1.08546900","2024-05-26T17:32:07.927Z","sell","maker"
"11.45500000","0.20000000","2024-05-26T17:32:07.927Z","sell","maker"
"11.45200000","35.49085700","2024-05-26T17:32:06.017Z","sell","maker"
"11.45100000","0.56145700","2024-05-26T17:32:06.017Z","sell","maker"
"11.45000000","2.48420600","2024-05-26T17:32:06.004Z","sell","maker"
"11.45000000","0.14284700","2024-05-26T17:32:06.004Z","sell","maker"
"11.44900000","2.22635400","2024-05-26T17:32:06.004Z","sell","maker"
"11.44500000","0.08699000","2024-05-26T17:31:26.802Z","sell","maker"
"11.44800000","34.93966400","2024-05-26T17:31:24.882Z","sell","maker"
"11.44800000","1.08628600","2024-05-26T17:31:24.882Z","sell","maker"
"11.44700000","1.78864500","2024-05-26T17:31:24.882Z","sell","maker"
"11.44500000","43.68732400","2024-05-26T17:31:24.540Z","sell","maker"
"11.43800000","10.16106500","2024-05-26T17:31:24.504Z","sell","maker"
"11.43500000","10.16106500","2024-05-26T17:31:24.502Z","buy","maker"
"11.44400000","19.26227200","2024-05-26T17:31:24.498Z","sell","maker"
"11.44200000","9.63113600","2024-05-26T17:31:24.498Z","sell","maker"
"11.43900000","37.90000000","2024-05-26T17:31:24.498Z","sell","maker"
"11.43700000","10.16106500","2024-05-26T17:31:24.498Z","sell","maker"
"11.43000000","89.67000000","2024-05-26T17:31:24.496Z","buy","maker"
"11.43100000","40.00000000","2024-05-26T17:31:24.496Z","buy","maker"
"11.43800000","87.42978000","2024-05-26T17:31:24.494Z","sell","maker"
"11.43600000","31.48379000","2024-05-26T17:31:24.488Z","sell","maker"
"11.43600000","58.56548600","2024-05-26T17:31:24.487Z","sell","maker"
"11.43600000","124.57000000","2024-05-26T17:31:24.487Z","sell","maker"
"11.43600000","197.45664000","2024-05-26T17:31:24.487Z","sell","maker"
"11.43500000","27.10000000","2024-05-26T17:31:24.487Z","sell","maker"
"11.43500000","21.48209700","2024-05-26T17:31:24.487Z","sell","maker"
"11.43200000","43.73871200","2024-05-26T17:31:24.487Z","sell","maker"
"11.43200000","250.00000000","2024-05-26T17:31:24.487Z","sell","maker"
"11.43100000","10.16106500","2024-05-26T17:31:24.487Z","sell","maker"
"11.42600000","20.00000000","2024-05-26T17:31:24.485Z","sell","maker"
"11.43600000","6.55892300","2024-05-26T17:31:11.874Z","sell","maker"
"11.43500000","454.97000000","2024-05-26T17:31:08.745Z","buy","maker"
"11.43800000","10.16106500","2024-05-26T17:31:03.476Z","buy","maker"
"11.43700000","8.00000000","2024-05-26T17:31:03.465Z","buy","maker"
"11.43900000","10.16106500","2024-05-26T17:31:03.464Z","buy","maker"
"11.44100000","10.16106500","2024-05-26T17:31:03.464Z","buy","maker"
"11.43700000","155.30000000","2024-05-26T17:31:03.462Z","buy","maker"
"11.43800000","21.48209700","2024-05-26T17:31:03.462Z","buy","maker"
"11.44000000","10.16106500","2024-05-26T17:31:03.459Z","buy","maker"
"11.44000000","24.77543600","2024-05-26T17:31:03.458Z","buy","maker"
"11.44100000","10.16106500","2024-05-26T17:31:03.458Z","buy","maker"
"11.44200000","2.74883900","2024-05-26T17:31:00.548Z","sell","maker"
"11.44100000","0.00050300","2024-05-26T17:31:00.539Z","sell","maker"
"11.44100000","1.87433400","2024-05-26T17:31:00.539Z","sell","maker"
"11.44000000","3.01253300","2024-05-26T17:31:00.539Z","sell","maker"
"11.43900000","0.82413300","2024-05-26T17:31:00.539Z","sell","maker"
"11.43800000","2.04915400","2024-05-26T17:30:59.397Z","sell","maker"
"11.43600000","43.72495900","2024-05-26T17:30:56.050Z","sell","maker"
"11.43500000","10.16106500","2024-05-26T17:30:56.050Z","sell","maker"
"11.43400000","20.00000000","2024-05-26T17:30:56.048Z","sell","maker"
"11.43300000","15.80400000","2024-05-26T17:30:56.047Z","sell","maker"
"11.42800000","18.41170000","2024-05-26T17:30:54.298Z","sell","maker"
"11.42800000","2.03629900","2024-05-26T17:30:52.737Z","sell","maker"
"11.43000000","20.00000000","2024-05-26T17:30:47.225Z","sell","maker"
"11.42900000","15.35400000","2024-05-26T17:30:47.225Z","sell","maker"
"11.43400000","10.16106500","2024-05-26T17:30:37.088Z","sell","maker"