"price","volume","time","side","orderType"
"0.01592000","11078.91000000","2023-07-14T02:59:19.087Z","buy","taker"
"0.01606000","850.56000000","2023-07-14T02:59:07.785Z","buy","taker"
"0.01592000","6993.97000000","2023-07-14T02:58:41.662Z","sell","taker"
"0.01591000","28876.86000000","2023-07-14T02:58:30.925Z","buy","taker"
"0.01602000","22.13000000","2023-07-14T02:58:26.836Z","buy","taker"
"0.01606000","1359.32000000","2023-07-14T02:58:26.836Z","buy","taker"
"0.01606000","911.96000000","2023-07-14T02:58:26.836Z","buy","taker"
"0.01591000","2293.41000000","2023-07-14T02:58:26.792Z","buy","taker"
"0.01598000","2.41000000","2023-07-14T02:58:26.792Z","buy","taker"
"0.01600000","1487.15000000","2023-07-14T02:58:26.792Z","buy","taker"
"0.01602000","1463.13000000","2023-07-14T02:58:26.792Z","buy","taker"
"0.01591000","2178.21000000","2023-07-14T02:58:18.524Z","buy","taker"
"0.01591000","77107.43000000","2023-07-14T02:58:18.524Z","buy","taker"
"0.01598000","1486.62000000","2023-07-14T02:58:13.258Z","buy","taker"
"0.01591000","30.32000000","2023-07-14T02:58:12.086Z","buy","taker"
"0.01591000","9384.66000000","2023-07-14T02:58:12.085Z","buy","taker"
"0.01591000","9114.85000000","2023-07-14T02:58:12.049Z","buy","taker"
"0.01591000","10000.00000000","2023-07-14T02:58:10.750Z","buy","taker"
"0.01591000","10000.00000000","2023-07-14T02:58:09.455Z","buy","taker"
"0.01591000","9578.58000000","2023-07-14T02:58:08.650Z","buy","taker"
"0.01591000","1892.43000000","2023-07-14T02:58:08.152Z","buy","taker"
"0.01596000","1489.03000000","2023-07-14T02:57:53.851Z","buy","taker"
"0.01593000","1492.89000000","2023-07-14T02:57:47.787Z","buy","taker"
"0.01596000","1.88000000","2023-07-14T02:57:47.787Z","buy","taker"
"0.01591000","1045.50000000","2023-07-14T02:57:45.626Z","buy","taker"
"0.01593000","0.84000000","2023-07-14T02:57:45.626Z","buy","taker"
"0.01585000","3.38000000","2023-07-14T02:57:28.031Z","buy","taker"
"0.01587000","651.98000000","2023-07-14T02:57:28.031Z","buy","taker"
"0.01589000","1497.54000000","2023-07-14T02:57:28.031Z","buy","taker"
"0.01591000","450.13000000","2023-07-14T02:57:28.031Z","buy","taker"
"0.01580000","9185.78000000","2023-07-14T02:57:28.022Z","buy","taker"
"0.01583000","1372.46000000","2023-07-14T02:56:58.217Z","sell","taker"
"0.01583000","297.79000000","2023-07-14T02:56:58.217Z","sell","taker"
"0.01583000","1719.80000000","2023-07-14T02:56:56.307Z","sell","taker"
"0.01585000","1498.92000000","2023-07-14T02:56:53.849Z","buy","taker"
"0.01587000","847.46000000","2023-07-14T02:56:50.274Z","buy","taker"
"0.01581000","1645.45000000","2023-07-14T02:56:47.315Z","sell","taker"
"0.01581000","1694.66000000","2023-07-14T02:56:43.667Z","sell","taker"
"0.01600000","153.39000000","2023-07-14T02:56:22.901Z","buy","taker"
"0.01600000","6772.37000000","2023-07-14T02:56:22.901Z","buy","taker"
"0.01600000","846.61000000","2023-07-14T02:55:56.363Z","buy","taker"
"0.01590000","1000.00000000","2023-07-14T02:55:40.563Z","sell","taker"
"0.01604000","36.36000000","2023-07-14T02:55:39.529Z","sell","taker"
"0.01602000","1475.98000000","2023-07-14T02:55:39.529Z","sell","taker"
"0.01599000","1478.75000000","2023-07-14T02:55:39.529Z","sell","taker"
"0.01597000","1601.03000000","2023-07-14T02:55:39.529Z","sell","taker"
"0.01597000","1480.60000000","2023-07-14T02:55:39.529Z","sell","taker"
"0.01595000","1482.46000000","2023-07-14T02:55:39.529Z","sell","taker"
"0.01593000","1484.32000000","2023-07-14T02:55:39.529Z","sell","taker"
"0.01588000","1488.99000000","2023-07-14T02:55:39.529Z","sell","taker"
"0.01586000","1490.87000000","2023-07-14T02:55:39.529Z","sell","taker"
"0.01584000","1492.76000000","2023-07-14T02:55:39.529Z","sell","taker"
"0.01582000","1494.64000000","2023-07-14T02:55:39.529Z","sell","taker"
"0.01579000","1497.48000000","2023-07-14T02:55:39.529Z","sell","taker"
"0.01577000","1499.38000000","2023-07-14T02:55:39.529Z","sell","taker"
"0.01575000","92.91000000","2023-07-14T02:55:39.529Z","sell","taker"
"0.01573000","1503.19000000","2023-07-14T02:55:39.529Z","sell","taker"
"0.01570000","1506.07000000","2023-07-14T02:55:39.529Z","sell","taker"
"0.01550000","1000.00000000","2023-07-14T02:55:39.529Z","sell","taker"
"0.01550000","1649.58000000","2023-07-14T02:55:39.529Z","sell","taker"
"0.01527000","1674.43000000","2023-07-14T02:55:39.529Z","sell","taker"
"0.01505000","1698.90000000","2023-07-14T02:55:39.529Z","sell","taker"
"0.01500000","1000.00000000","2023-07-14T02:55:39.529Z","sell","taker"
"0.01483000","1724.11000000","2023-07-14T02:55:39.529Z","sell","taker"
"0.01470000","16022.24000000","2023-07-14T02:55:39.529Z","sell","taker"
"0.01461000","595.37000000","2023-07-14T02:55:39.529Z","sell","taker"
"0.01604000","1437.78000000","2023-07-14T02:55:13.371Z","sell","taker"
"0.01606000","34.53000000","2023-07-14T02:54:22.075Z","sell","taker"
"0.01606000","275.00000000","2023-07-14T02:54:22.075Z","sell","taker"
"0.01606000","1437.78000000","2023-07-14T02:53:41.752Z","sell","taker"
"0.01613000","28.14000000","2023-07-14T02:53:29.173Z","sell","taker"
"0.01613000","1437.78000000","2023-07-14T02:52:31.960Z","sell","taker"
"0.01620000","35.46000000","2023-07-14T02:52:30.866Z","sell","taker"
"0.01620000","1040.12000000","2023-07-14T02:52:17.867Z","sell","taker"
"0.01620000","128.00000000","2023-07-14T02:52:14.519Z","sell","taker"
"0.01620000","128.00000000","2023-07-14T02:52:06.289Z","sell","taker"
"0.01620000","128.00000000","2023-07-14T02:52:05.921Z","sell","taker"
"0.01599000","1042.18000000","2023-07-14T02:51:28.097Z","sell","taker"
"0.01599000","248.14000000","2023-07-14T02:51:28.078Z","sell","taker"
"0.01628000","248.14000000","2023-07-14T02:51:28.055Z","buy","taker"
"0.01599000","397.02000000","2023-07-14T02:51:28.043Z","sell","taker"
"0.01628000","397.02000000","2023-07-14T02:51:28.032Z","buy","taker"
"0.01599000","397.02000000","2023-07-14T02:51:28.023Z","sell","taker"
"0.01628000","397.02000000","2023-07-14T02:51:28.008Z","buy","taker"
"0.01628000","397.02000000","2023-07-14T02:51:27.985Z","buy","taker"
"0.01628000","397.02000000","2023-07-14T02:51:27.944Z","buy","taker"
"0.01628000","397.02000000","2023-07-14T02:51:27.921Z","buy","taker"
"0.01628000","397.02000000","2023-07-14T02:51:27.897Z","buy","taker"
"0.01628000","736.49000000","2023-07-14T02:51:27.877Z","buy","taker"
"0.01607000","7304.12000000","2023-07-14T02:51:27.850Z","buy","taker"
"0.01637000","333.70000000","2023-07-14T02:51:27.850Z","buy","taker"
"0.01607000","1464.10000000","2023-07-14T02:51:25.654Z","buy","taker"
"0.01607000","34447.47000000","2023-07-14T02:51:19.089Z","buy","taker"
"0.01595000","400.68000000","2023-07-14T02:51:11.014Z","sell","taker"
"0.01607000","11597.62000000","2023-07-14T02:50:57.064Z","buy","taker"
"0.01607000","31879.15000000","2023-07-14T02:50:53.913Z","buy","taker"
"0.01593000","14970.89000000","2023-07-14T02:50:52.021Z","sell","taker"
"0.01607000","4613.10000000","2023-07-14T02:50:47.223Z","buy","taker"
"0.01609000","1478.75000000","2023-07-14T02:50:47.223Z","buy","taker"
"0.01612000","1476.90000000","2023-07-14T02:50:47.223Z","buy","taker"
"0.01614000","1475.05000000","2023-07-14T02:50:47.223Z","buy","taker"
"0.01617000","1472.30000000","2023-07-14T02:50:47.223Z","buy","taker"
"0.01619000","882.05000000","2023-07-14T02:50:47.223Z","buy","taker"
"0.01621000","1468.62000000","2023-07-14T02:50:47.223Z","buy","taker"
"0.01624000","9.13000000","2023-07-14T02:50:47.223Z","buy","taker"
"0.01625000","99.90000000","2023-07-14T02:50:47.223Z","buy","taker"
"0.01628000","3.55000000","2023-07-14T02:50:47.223Z","buy","taker"
"0.01630000","1460.44000000","2023-07-14T02:50:47.223Z","buy","taker"
"0.01635000","1119.27000000","2023-07-14T02:50:47.223Z","buy","taker"
"0.01637000","532.75000000","2023-07-14T02:50:47.223Z","buy","taker"
"0.01607000","11478.71000000","2023-07-14T02:50:47.207Z","buy","taker"
"0.01607000","497.02000000","2023-07-14T02:50:44.391Z","buy","taker"
"0.01607000","719.72000000","2023-07-14T02:50:43.774Z","buy","taker"
"0.01607000","7277.66000000","2023-07-14T02:50:43.737Z","buy","taker"
"0.01590000","1487.12000000","2023-07-14T02:50:43.722Z","sell","taker"
"0.01590000","11291.07000000","2023-07-14T02:50:43.722Z","sell","taker"
"0.01607000","281.19000000","2023-07-14T02:50:38.954Z","buy","taker"
"0.01607000","2584.49000000","2023-07-14T02:50:38.625Z","buy","taker"
"0.01607000","13730.46000000","2023-07-14T02:50:31.673Z","buy","taker"
"0.01607000","780.00000000","2023-07-14T02:50:31.673Z","buy","taker"
"0.01607000","19937.01000000","2023-07-14T02:50:31.673Z","buy","taker"
"0.01607000","12397.01000000","2023-07-14T02:50:26.715Z","buy","taker"
"0.01607000","3297.02000000","2023-07-14T02:50:26.715Z","buy","taker"
"0.01607000","1480.61000000","2023-07-14T02:50:26.715Z","buy","taker"
"0.01607000","281.51000000","2023-07-14T02:50:26.715Z","buy","taker"
"0.01607000","17082.54000000","2023-07-14T02:50:26.180Z","buy","taker"
"0.01607000","3076.92000000","2023-07-14T02:50:00.474Z","buy","taker"
"0.01593000","23659.43000000","2023-07-14T02:49:55.792Z","sell","taker"
"0.01593000","21630.01000000","2023-07-14T02:49:55.792Z","sell","taker"
"0.01604000","1483.40000000","2023-07-14T02:49:28.540Z","buy","taker"
"0.01607000","11.37000000","2023-07-14T02:49:28.540Z","buy","taker"
"0.01602000","40.32000000","2023-07-14T02:49:11.673Z","buy","taker"
"0.01600000","5320.10000000","2023-07-14T02:49:09.957Z","buy","taker"
"0.01600000","10017.44000000","2023-07-14T02:49:07.328Z","buy","taker"
"0.01600000","1595.21000000","2023-07-14T02:49:06.048Z","buy","taker"
"0.01600000","8419.60000000","2023-07-14T02:49:06.031Z","buy","taker"
"0.01600000","3527.07000000","2023-07-14T02:49:02.158Z","buy","taker"
"0.01600000","5723.40000000","2023-07-14T02:49:02.131Z","buy","taker"
"0.01600000","7078.76000000","2023-07-14T02:49:00.857Z","buy","taker"
"0.01600000","2886.95000000","2023-07-14T02:49:00.831Z","buy","taker"
"0.01600000","1246.88000000","2023-07-14T02:48:58.257Z","buy","taker"
"0.01600000","8758.50000000","2023-07-14T02:48:58.240Z","buy","taker"
"0.01600000","10000.00000000","2023-07-14T02:48:56.952Z","buy","taker"
"0.01600000","10000.00000000","2023-07-14T02:48:56.115Z","buy","taker"
"0.01600000","83.92000000","2023-07-14T02:48:39.358Z","buy","taker"
"0.01600000","2996.06000000","2023-07-14T02:48:39.358Z","buy","taker"
"0.01592000","6890.63000000","2023-07-14T02:47:30.490Z","sell","taker"
"0.01589000","93365.19000000","2023-07-14T02:47:30.490Z","sell","taker"
"0.01600000","566.35000000","2023-07-14T02:45:46.208Z","buy","taker"
"0.01600000","7074.08000000","2023-07-14T02:45:46.208Z","buy","taker"
"0.01600000","398.60000000","2023-07-14T02:45:23.267Z","buy","taker"
"0.01602000","1444.94000000","2023-07-14T02:45:21.043Z","buy","taker"
"0.01600000","2645.20000000","2023-07-14T02:45:18.827Z","buy","taker"
"0.01600000","2303.87000000","2023-07-14T02:45:17.438Z","buy","taker"
"0.01600000","3316.78000000","2023-07-14T02:45:16.139Z","buy","taker"
"0.01600000","5708.17000000","2023-07-14T02:45:14.370Z","buy","taker"
"0.01600000","3730.09000000","2023-07-14T02:45:14.350Z","buy","taker"
"0.01600000","10000.00000000","2023-07-14T02:45:13.787Z","buy","taker"
"0.01600000","9452.74000000","2023-07-14T02:45:12.875Z","buy","taker"
"0.01600000","10000.00000000","2023-07-14T02:45:12.060Z","buy","taker"
"0.01600000","4793.64000000","2023-07-14T02:45:11.174Z","buy","taker"
"0.01600000","10000.00000000","2023-07-14T02:45:10.774Z","buy","taker"
"0.01600000","1483.40000000","2023-07-14T02:45:09.419Z","buy","taker"
"0.01600000","5733.56000000","2023-07-14T02:45:09.391Z","buy","taker"
"0.01600000","729.21000000","2023-07-14T02:45:08.140Z","buy","taker"
"0.01600000","4539.69000000","2023-07-14T02:45:08.136Z","buy","taker"
"0.01600000","4539.69000000","2023-07-14T02:45:08.130Z","buy","taker"
"0.01600000","128.00000000","2023-07-14T02:45:08.128Z","buy","taker"
"0.01600000","7412.61000000","2023-07-14T02:45:06.829Z","buy","taker"
"0.01595000","9508.65000000","2023-07-14T02:45:01.571Z","buy","taker"
"0.01600000","897.76000000","2023-07-14T02:44:35.145Z","buy","taker"
"0.01600000","498.75000000","2023-07-14T02:44:33.263Z","buy","taker"
"0.01596000","2800.00000000","2023-07-14T02:44:29.363Z","buy","taker"
"0.01596000","9.08000000","2023-07-14T02:44:29.363Z","buy","taker"
"0.01600000","40.04000000","2023-07-14T02:44:07.964Z","buy","taker"
"0.01596000","1490.91000000","2023-07-14T02:44:01.314Z","buy","taker"
"0.01600000","1447.10000000","2023-07-14T02:43:54.196Z","buy","taker"
"0.01607000","499.75000000","2023-07-14T02:43:43.846Z","buy","taker"
"0.01591000","2600.00000000","2023-07-14T02:43:33.708Z","sell","taker"
"0.01590000","1487.12000000","2023-07-14T02:43:33.708Z","sell","taker"
"0.01588000","1488.99000000","2023-07-14T02:43:33.708Z","sell","taker"
"0.01586000","1490.87000000","2023-07-14T02:43:33.708Z","sell","taker"
"0.01582000","1494.64000000","2023-07-14T02:43:33.708Z","sell","taker"
"0.01575000","1408.38000000","2023-07-14T02:43:33.708Z","sell","taker"
"0.01604000","6431.43000000","2023-07-14T02:42:44.428Z","buy","taker"
"0.01607000","1427.62000000","2023-07-14T02:42:44.428Z","buy","taker"
"0.01589000","1907.60000000","2023-07-14T02:42:38.127Z","sell","taker"
"0.01604000","594.95000000","2023-07-14T02:42:36.986Z","buy","taker"
"0.01589000","1670.24000000","2023-07-14T02:42:32.777Z","sell","taker"
"0.01589000","1852.19000000","2023-07-14T02:42:30.042Z","sell","taker"
"0.01596000","128.00000000","2023-07-14T02:42:29.333Z","buy","taker"
"0.01596000","1362.90000000","2023-07-14T02:42:29.333Z","buy","taker"
"0.01591000","1495.64000000","2023-07-14T02:42:26.236Z","buy","taker"
"0.01587000","1771.16000000","2023-07-14T02:42:26.188Z","sell","taker"
"0.01607000","1489.03000000","2023-07-14T02:42:23.373Z","buy","taker"
"0.01598000","1489.03000000","2023-07-14T02:42:23.355Z","buy","taker"
"0.01600000","1487.14000000","2023-07-14T02:42:23.355Z","buy","taker"
"0.01607000","3486.68000000","2023-07-14T02:42:23.355Z","buy","taker"
"0.01597000","268.49000000","2023-07-14T02:42:22.070Z","sell","taker"
"0.01596000","11944.67000000","2023-07-14T02:42:22.070Z","sell","taker"
"0.01597000","1499.43000000","2023-07-14T02:42:20.546Z","sell","taker"
"0.01597000","1879.47000000","2023-07-14T02:42:19.926Z","sell","taker"
"0.01597000","1497.54000000","2023-07-14T02:42:17.938Z","sell","taker"
"0.01597000","1745.70000000","2023-07-14T02:42:16.554Z","sell","taker"
"0.01594000","1493.73000000","2023-07-14T02:42:11.638Z","sell","taker"
"0.01594000","1719.80000000","2023-07-14T02:42:10.071Z","sell","taker"
"0.01592000","1645.45000000","2023-07-14T02:42:07.113Z","sell","taker"
"0.01591000","1097.69000000","2023-07-14T02:42:01.823Z","sell","taker"
"0.01590000","596.96000000","2023-07-14T02:42:01.823Z","sell","taker"
"0.01590000","1502.31000000","2023-07-14T02:41:57.791Z","sell","taker"
"0.01604000","1483.41000000","2023-07-14T02:41:37.664Z","buy","taker"
"0.01602000","1485.26000000","2023-07-14T02:41:31.592Z","buy","taker"
"0.01600000","1000.00000000","2023-07-14T02:41:30.962Z","buy","taker"
"0.01550000","1000.00000000","2023-07-14T02:41:30.731Z","buy","taker"
"0.01592000","52795.28000000","2023-07-14T02:41:28.961Z","sell","taker"
"0.01592000","89685.74000000","2023-07-14T02:41:28.961Z","sell","taker"
"0.01591000","2600.00000000","2023-07-14T02:41:28.961Z","sell","taker"
"0.01587000","32365.19000000","2023-07-14T02:41:28.961Z","sell","taker"
"0.01586000","1490.87000000","2023-07-14T02:41:28.961Z","sell","taker"
"0.01584000","1492.76000000","2023-07-14T02:41:28.961Z","sell","taker"
"0.01582000","1494.64000000","2023-07-14T02:41:28.961Z","sell","taker"
"0.01579000","1497.48000000","2023-07-14T02:41:28.961Z","sell","taker"
"0.01577000","1499.38000000","2023-07-14T02:41:28.961Z","sell","taker"
"0.01575000","1501.29000000","2023-07-14T02:41:28.961Z","sell","taker"
"0.01573000","1503.19000000","2023-07-14T02:41:28.961Z","sell","taker"
"0.01570000","1506.07000000","2023-07-14T02:41:28.961Z","sell","taker"
"0.01562000","9512.04000000","2023-07-14T02:41:28.961Z","sell","taker"
"0.01550000","1000.00000000","2023-07-14T02:41:28.961Z","sell","taker"
"0.01550000","1649.58000000","2023-07-14T02:41:28.961Z","sell","taker"
"0.01527000","1674.43000000","2023-07-14T02:41:28.961Z","sell","taker"
"0.01505000","1698.90000000","2023-07-14T02:41:28.961Z","sell","taker"
"0.01503000","9115.28000000","2023-07-14T02:41:28.961Z","sell","taker"
"0.01500000","1000.00000000","2023-07-14T02:41:28.961Z","sell","taker"
"0.01499000","6085.71000000","2023-07-14T02:41:28.961Z","sell","taker"
"0.01483000","1724.11000000","2023-07-14T02:41:28.961Z","sell","taker"
"0.01461000","1750.07000000","2023-07-14T02:41:28.961Z","sell","taker"
"0.01450000","80000.00000000","2023-07-14T02:41:28.961Z","sell","taker"
"0.01440000","1775.59000000","2023-07-14T02:41:28.961Z","sell","taker"
"0.01414000","3146.93000000","2023-07-14T02:41:28.961Z","sell","taker"
"0.01402000","27104.13000000","2023-07-14T02:41:28.961Z","sell","taker"
"0.01400000","10000.00000000","2023-07-14T02:41:28.961Z","sell","taker"
"0.01400000","357.14000000","2023-07-14T02:41:28.961Z","sell","taker"
"0.01377000","1856.83000000","2023-07-14T02:41:28.961Z","sell","taker"
"0.01357000","1884.19000000","2023-07-14T02:41:28.961Z","sell","taker"
"0.01356000","100000.00000000","2023-07-14T02:41:28.961Z","sell","taker"
"0.01350000","63840.00000000","2023-07-14T02:41:28.961Z","sell","taker"
"0.01350000","40000.00000000","2023-07-14T02:41:28.961Z","sell","taker"
"0.01337000","1912.38000000","2023-07-14T02:41:28.961Z","sell","taker"
"0.01335000","149.81000000","2023-07-14T02:41:28.961Z","sell","taker"
"0.01335000","150099.70000000","2023-07-14T02:41:28.961Z","sell","taker"
"0.01588000","5418.95000000","2023-07-14T02:40:48.734Z","buy","taker"
"0.01602000","1475.98000000","2023-07-14T02:40:48.729Z","sell","taker"
"0.01599000","1478.75000000","2023-07-14T02:40:48.729Z","sell","taker"
"0.01597000","1480.60000000","2023-07-14T02:40:48.729Z","sell","taker"
"0.01595000","411.46000000","2023-07-14T02:40:48.729Z","sell","taker"
"0.01593000","1484.32000000","2023-07-14T02:40:48.729Z","sell","taker"
"0.01590000","966.55000000","2023-07-14T02:40:48.729Z","sell","taker"
"0.01588000","1488.99000000","2023-07-14T02:40:48.729Z","sell","taker"
"0.01607000","386.95000000","2023-07-14T02:40:00.366Z","sell","taker"
"0.01607000","1480.60000000","2023-07-14T02:37:30.553Z","buy","taker"
"0.01595000","1071.00000000","2023-07-14T02:37:17.235Z","sell","taker"
"0.01608000","1504.62000000","2023-07-14T02:37:16.693Z","buy","taker"
"0.01612000","693.10000000","2023-07-14T02:37:16.693Z","buy","taker"
"0.01614000","1475.05000000","2023-07-14T02:37:16.693Z","buy","taker"
"0.01617000","1472.29000000","2023-07-14T02:37:16.693Z","buy","taker"
"0.01619000","588.41000000","2023-07-14T02:37:16.693Z","buy","taker"
"0.01608000","4228.85000000","2023-07-14T02:37:16.689Z","buy","taker"
"0.01596000","74863.86000000","2023-07-14T02:36:54.239Z","sell","taker"
"0.01593000","1484.32000000","2023-07-14T02:36:54.239Z","sell","taker"
"0.01590000","520.57000000","2023-07-14T02:36:54.239Z","sell","taker"
"0.01602000","5980.68000000","2023-07-14T02:36:30.748Z","buy","taker"
"0.01609000","131.43000000","2023-07-14T02:36:30.748Z","buy","taker"
"0.01612000","374.91000000","2023-07-14T02:36:30.748Z","buy","taker"
"0.01602000","3519.61000000","2023-07-14T02:36:30.731Z","buy","taker"
"0.01588000","897.75000000","2023-07-14T02:36:06.027Z","sell","taker"
"0.01588000","83122.60000000","2023-07-14T02:36:06.027Z","sell","taker"
"0.01587000","80247.51000000","2023-07-14T02:36:06.027Z","sell","taker"
"0.01587000","37016.00000000","2023-07-14T02:35:50.278Z","sell","taker"
"0.01584000","586.24000000","2023-07-14T02:35:45.234Z","sell","taker"
"0.01600000","586.24000000","2023-07-14T02:35:45.230Z","buy","taker"
"0.01584000","1100.00000000","2023-07-14T02:35:40.971Z","sell","taker"
"0.01583000","2273.66000000","2023-07-14T02:35:40.971Z","sell","taker"
"0.01600000","900.90000000","2023-07-14T02:35:36.646Z","buy","taker"
"0.01591000","1495.64000000","2023-07-14T02:35:32.738Z","buy","taker"
"0.01587000","9.20000000","2023-07-14T02:35:32.339Z","buy","taker"
"0.01585000","1502.31000000","2023-07-14T02:35:30.150Z","buy","taker"
"0.01581000","2200.69000000","2023-07-14T02:35:27.202Z","buy","taker"
"0.01581000","19607.79000000","2023-07-14T02:35:27.197Z","buy","taker"
"0.01581000","1403.52000000","2023-07-14T02:35:27.197Z","buy","taker"
"0.01587000","1362.24000000","2023-07-14T02:35:17.471Z","buy","taker"
"0.01587000","128.00000000","2023-07-14T02:35:17.465Z","buy","taker"
"0.01609000","1347.32000000","2023-07-14T02:35:15.363Z","buy","taker"
"0.01565000","1483.41000000","2023-07-14T02:35:15.362Z","sell","taker"
"0.01604000","1483.41000000","2023-07-14T02:35:15.357Z","buy","taker"
"0.01565000","1384.86000000","2023-07-14T02:35:15.357Z","sell","taker"
"0.01602000","1384.86000000","2023-07-14T02:35:15.353Z","buy","taker"
"0.01589000","1219.32000000","2023-07-14T02:35:15.347Z","buy","taker"
"0.01589000","128.00000000","2023-07-14T02:35:15.051Z","buy","taker"
"0.01589000","150.22000000","2023-07-14T02:35:14.333Z","buy","taker"
"0.01602000","100.40000000","2023-07-14T02:35:12.724Z","buy","taker"
"0.01580000","274.47000000","2023-07-14T02:35:03.647Z","buy","taker"
"0.01593000","1493.74000000","2023-07-14T02:35:03.647Z","buy","taker"
"0.01598000","1489.02000000","2023-07-14T02:35:03.647Z","buy","taker"
"0.01607000","1480.61000000","2023-07-14T02:35:03.647Z","buy","taker"
"0.01612000","408.88000000","2023-07-14T02:35:03.647Z","buy","taker"
"0.01580000","4872.25000000","2023-07-14T02:35:03.628Z","buy","taker"
"0.01580000","2582.60000000","2023-07-14T02:35:02.663Z","buy","taker"
"0.01580000","17014.78000000","2023-07-14T02:35:02.651Z","buy","taker"
"0.01580000","7427.68000000","2023-07-14T02:35:02.330Z","buy","taker"
"0.01580000","1222.61000000","2023-07-14T02:35:01.048Z","buy","taker"
"0.01580000","7530.27000000","2023-07-14T02:35:01.030Z","buy","taker"
"0.01580000","10000.00000000","2023-07-14T02:34:59.747Z","buy","taker"
"0.01580000","10000.00000000","2023-07-14T02:34:58.455Z","buy","taker"
"0.01580000","10000.00000000","2023-07-14T02:34:57.145Z","buy","taker"
"0.01580000","10000.00000000","2023-07-14T02:34:55.854Z","buy","taker"
"0.01580000","5182.21000000","2023-07-14T02:34:54.555Z","buy","taker"
"0.01580000","2857.45000000","2023-07-14T02:34:54.535Z","buy","taker"
"0.01562000","13554.00000000","2023-07-14T02:34:53.692Z","sell","taker"
"0.01580000","10000.00000000","2023-07-14T02:34:53.263Z","buy","taker"
"0.01580000","10000.00000000","2023-07-14T02:34:51.956Z","buy","taker"
"0.01580000","10000.00000000","2023-07-14T02:34:50.671Z","buy","taker"
"0.01580000","10000.00000000","2023-07-14T02:34:49.798Z","buy","taker"
"0.01580000","1169.88000000","2023-07-14T02:34:48.075Z","buy","taker"
"0.01580000","6878.92000000","2023-07-14T02:34:48.055Z","buy","taker"
"0.01580000","5182.21000000","2023-07-14T02:34:47.196Z","buy","taker"
"0.01580000","2863.65000000","2023-07-14T02:34:47.173Z","buy","taker"
"0.01580000","10000.00000000","2023-07-14T02:34:45.468Z","buy","taker"
"0.01580000","10000.00000000","2023-07-14T02:34:44.277Z","buy","taker"
"0.01580000","17386.88000000","2023-07-14T02:34:44.096Z","buy","taker"
"0.01580000","10000.00000000","2023-07-14T02:34:42.852Z","buy","taker"
"0.01580000","3152.00000000","2023-07-14T02:34:41.543Z","buy","taker"
"0.01580000","13816.62000000","2023-07-14T02:34:41.532Z","buy","taker"
"0.01580000","4899.80000000","2023-07-14T02:34:41.526Z","buy","taker"
"0.01580000","2607.00000000","2023-07-14T02:34:41.024Z","buy","taker"
"0.01580000","2607.00000000","2023-07-14T02:34:41.017Z","buy","taker"
"0.01580000","21433.16000000","2023-07-14T02:34:41.005Z","buy","taker"
"0.01580000","8069.70000000","2023-07-14T02:34:40.234Z","buy","taker"
"0.01580000","2607.00000000","2023-07-14T02:34:39.969Z","buy","taker"
"0.01580000","4539.69000000","2023-07-14T02:34:39.962Z","buy","taker"
"0.01580000","1012.65000000","2023-07-14T02:34:39.961Z","buy","taker"
"0.01580000","6890.63000000","2023-07-14T02:34:39.960Z","buy","taker"
"0.01580000","11090.74000000","2023-07-14T02:34:39.952Z","buy","taker"
"0.01580000","17962.33000000","2023-07-14T02:34:39.949Z","buy","taker"
"0.01582000","53493.40000000","2023-07-14T02:34:39.945Z","sell","taker"
"0.01581000","954.54000000","2023-07-14T02:34:39.945Z","sell","taker"
"0.01581000","144785.24000000","2023-07-14T02:34:39.945Z","sell","taker"
"0.01581000","1645.46000000","2023-07-14T02:34:38.802Z","sell","taker"
"0.01596000","1490.91000000","2023-07-14T02:34:36.773Z","buy","taker"
"0.01595000","79767.14000000","2023-07-14T02:34:34.177Z","sell","taker"
"0.01594000","905.34000000","2023-07-14T02:34:34.177Z","sell","taker"
"0.01594000","203327.52000000","2023-07-14T02:34:34.177Z","sell","taker"
"0.01595000","1670.24000000","2023-07-14T02:34:33.711Z","sell","taker"
"0.01594000","1694.66000000","2023-07-14T02:34:27.367Z","sell","taker"
"0.01614000","4696.23000000","2023-07-14T02:34:17.074Z","buy","taker"
"0.01614000","6996.50000000","2023-07-14T02:34:15.981Z","buy","taker"
"0.01614000","7009.52000000","2023-07-14T02:34:10.341Z","buy","taker"
"0.01614000","128.00000000","2023-07-14T02:34:10.333Z","buy","taker"
"0.01614000","509.37000000","2023-07-14T02:34:07.729Z","buy","taker"
"0.01614000","150.41000000","2023-07-14T02:34:07.727Z","buy","taker"
"0.01591000","3456.94000000","2023-07-14T02:34:04.707Z","sell","taker"
"0.01591000","1000.00000000","2023-07-14T02:34:04.162Z","sell","taker"
"0.01600000","1000.00000000","2023-07-14T02:34:03.725Z","buy","taker"
"0.01606000","1472.31000000","2023-07-14T02:34:02.343Z","sell","taker"
"0.01604000","1474.14000000","2023-07-14T02:34:02.343Z","sell","taker"
"0.01602000","1475.98000000","2023-07-14T02:34:02.343Z","sell","taker"
"0.01599000","1478.75000000","2023-07-14T02:34:02.343Z","sell","taker"
"0.01597000","1480.60000000","2023-07-14T02:34:02.343Z","sell","taker"
"0.01595000","1482.46000000","2023-07-14T02:34:02.343Z","sell","taker"
"0.01593000","1484.32000000","2023-07-14T02:34:02.343Z","sell","taker"
"0.01590000","1487.12000000","2023-07-14T02:34:02.343Z","sell","taker"
"0.01588000","1488.99000000","2023-07-14T02:34:02.343Z","sell","taker"
"0.01586000","1490.87000000","2023-07-14T02:34:02.343Z","sell","taker"
"0.01584000","1492.76000000","2023-07-14T02:34:02.343Z","sell","taker"
"0.01582000","1494.64000000","2023-07-14T02:34:02.343Z","sell","taker"
"0.01579000","1497.48000000","2023-07-14T02:34:02.343Z","sell","taker"
"0.01577000","1499.38000000","2023-07-14T02:34:02.343Z","sell","taker"
"0.01575000","1501.29000000","2023-07-14T02:34:02.343Z","sell","taker"
"0.01573000","1503.19000000","2023-07-14T02:34:02.343Z","sell","taker"
"0.01570000","1506.07000000","2023-07-14T02:34:02.343Z","sell","taker"
"0.01564000","9500.29000000","2023-07-14T02:34:02.343Z","sell","taker"
"0.01550000","1649.58000000","2023-07-14T02:34:02.343Z","sell","taker"
"0.01550000","1000.00000000","2023-07-14T02:34:02.343Z","sell","taker"
"0.01527000","1674.43000000","2023-07-14T02:34:02.343Z","sell","taker"
"0.01505000","1698.90000000","2023-07-14T02:34:02.343Z","sell","taker"
"0.01500000","1000.00000000","2023-07-14T02:34:02.343Z","sell","taker"
"0.01499000","27987.13000000","2023-07-14T02:34:02.343Z","sell","taker"
"0.01614000","7384.41000000","2023-07-14T02:33:58.630Z","buy","taker"
"0.01614000","128.00000000","2023-07-14T02:33:58.627Z","buy","taker"
"0.01614000","1779.91000000","2023-07-14T02:33:54.733Z","buy","taker"
"0.01614000","4539.69000000","2023-07-14T02:33:54.732Z","buy","taker"
"0.01614000","128.00000000","2023-07-14T02:33:54.730Z","buy","taker"
"0.01614000","106792.02000000","2023-07-14T02:33:49.851Z","buy","taker"
"0.01614000","7011.49000000","2023-07-14T02:33:49.848Z","buy","taker"
"0.01614000","4539.69000000","2023-07-14T02:33:49.847Z","buy","taker"
"0.01614000","6980.21000000","2023-07-14T02:33:49.845Z","buy","taker"
"0.01614000","113772.23000000","2023-07-14T02:33:49.845Z","buy","taker"
"0.01623000","19698.54000000","2023-07-14T02:33:49.840Z","sell","taker"
"0.01624000","992.06000000","2023-07-14T02:32:52.210Z","buy","taker"
"0.01624000","595.83000000","2023-07-14T02:32:33.135Z","buy","taker"
"0.01616000","1489.02000000","2023-07-14T02:32:30.638Z","sell","taker"
"0.01616000","1645.46000000","2023-07-14T02:32:30.421Z","sell","taker"
"0.01614000","1478.76000000","2023-07-14T02:32:27.301Z","sell","taker"
"0.01621000","30.13000000","2023-07-14T02:32:23.767Z","buy","taker"
"0.01628000","1458.70000000","2023-07-14T02:32:23.767Z","buy","taker"
"0.01619000","1470.45000000","2023-07-14T02:32:23.660Z","buy","taker"
"0.01614000","1475.06000000","2023-07-14T02:32:18.029Z","buy","taker"
"0.01613000","1694.65000000","2023-07-14T02:32:14.674Z","sell","taker"
"0.01612000","1499.44000000","2023-07-14T02:32:12.422Z","sell","taker"
"0.01612000","1480.60000000","2023-07-14T02:32:05.898Z","sell","taker"
"0.01611000","1487.14000000","2023-07-14T02:32:00.208Z","sell","taker"
"0.01611000","1495.64000000","2023-07-14T02:31:57.453Z","sell","taker"
"0.01621000","1438.49000000","2023-07-14T02:31:55.104Z","buy","taker"
"0.01609000","1600.00000000","2023-07-14T02:31:53.968Z","sell","taker"
"0.01608000","1252.14000000","2023-07-14T02:31:53.968Z","sell","taker"
"0.01606000","1000.00000000","2023-07-14T02:31:49.096Z","sell","taker"
"0.01623000","1520.31000000","2023-07-14T02:31:48.570Z","sell","taker"
"0.01623000","84603.01000000","2023-07-14T02:31:48.570Z","sell","taker"
"0.01597000","1601.03000000","2023-07-14T02:31:48.570Z","sell","taker"
"0.01550000","1649.58000000","2023-07-14T02:31:48.570Z","sell","taker"
"0.01520000","226068.49000000","2023-07-14T02:31:48.570Z","sell","taker"
"0.01505000","1698.90000000","2023-07-14T02:31:48.570Z","sell","taker"
"0.01501000","24770.14000000","2023-07-14T02:31:48.570Z","sell","taker"
"0.01500000","670.00000000","2023-07-14T02:31:48.570Z","sell","taker"
"0.01500000","333.33000000","2023-07-14T02:31:48.570Z","sell","taker"
"0.01500000","2333.60000000","2023-07-14T02:31:48.570Z","sell","taker"
"0.01500000","1066.67000000","2023-07-14T02:31:48.570Z","sell","taker"
"0.01500000","1000.00000000","2023-07-14T02:31:48.570Z","sell","taker"
"0.01500000","21175.00000000","2023-07-14T02:31:48.570Z","sell","taker"
"0.01500000","97.08000000","2023-07-14T02:31:48.570Z","sell","taker"
"0.01499000","15927.16000000","2023-07-14T02:31:48.570Z","sell","taker"
"0.01623000","1490.90000000","2023-07-14T02:31:47.782Z","sell","taker"
"0.01623000","1493.74000000","2023-07-14T02:31:45.989Z","sell","taker"
"0.01622000","1485.27000000","2023-07-14T02:31:39.880Z","sell","taker"
"0.01635000","80.47000000","2023-07-14T02:31:33.230Z","buy","taker"
"0.01623000","1502.30000000","2023-07-14T02:31:32.566Z","sell","taker"
"0.01635000","124.44000000","2023-07-14T02:31:32.330Z","buy","taker"
"0.01622000","1472.30000000","2023-07-14T02:31:30.511Z","sell","taker"
"0.01622000","1483.40000000","2023-07-14T02:31:26.702Z","sell","taker"
"0.01623000","1670.24000000","2023-07-14T02:31:22.910Z","sell","taker"
"0.01634000","25.26000000","2023-07-14T02:31:22.424Z","buy","taker"
"0.01635000","131.75000000","2023-07-14T02:31:22.424Z","buy","taker"
"0.01621000","1476.90000000","2023-07-14T02:31:20.635Z","sell","taker"
"0.01634000","9149.36000000","2023-07-14T02:31:19.789Z","buy","taker"
"0.01634000","308.67000000","2023-07-14T02:31:18.210Z","buy","taker"
"0.01619000","1497.53000000","2023-07-14T02:31:17.629Z","sell","taker"
"0.01624000","1597.03000000","2023-07-14T02:31:16.522Z","buy","taker"
"0.01619000","1645.45000000","2023-07-14T02:31:14.262Z","sell","taker"
"0.01618000","1000.00000000","2023-07-14T02:30:36.984Z","sell","taker"
"0.01637000","30801.78000000","2023-07-14T02:30:34.961Z","sell","taker"
"0.01635000","1446.19000000","2023-07-14T02:30:34.961Z","sell","taker"
"0.01633000","1447.96000000","2023-07-14T02:30:34.961Z","sell","taker"
"0.01631000","1449.74000000","2023-07-14T02:30:34.961Z","sell","taker"
"0.01629000","1451.52000000","2023-07-14T02:30:34.961Z","sell","taker"
"0.01626000","1454.20000000","2023-07-14T02:30:34.961Z","sell","taker"
"0.01624000","499.77000000","2023-07-14T02:30:34.961Z","sell","taker"
"0.01622000","1457.78000000","2023-07-14T02:30:34.961Z","sell","taker"
"0.01620000","1578.30000000","2023-07-14T02:30:34.961Z","sell","taker"
"0.01620000","1459.58000000","2023-07-14T02:30:34.961Z","sell","taker"
"0.01615000","1464.10000000","2023-07-14T02:30:34.961Z","sell","taker"
"0.01613000","1465.92000000","2023-07-14T02:30:34.961Z","sell","taker"
"0.01606000","1472.31000000","2023-07-14T02:30:34.961Z","sell","taker"
"0.01604000","536.59000000","2023-07-14T02:30:34.961Z","sell","taker"
"0.01602000","1475.98000000","2023-07-14T02:30:34.961Z","sell","taker"
"0.01602000","4740.16000000","2023-07-14T02:30:34.961Z","sell","taker"
"0.01601000","4743.12000000","2023-07-14T02:30:34.961Z","sell","taker"
"0.01600000","1000.00000000","2023-07-14T02:30:34.961Z","sell","taker"
"0.01599000","1478.75000000","2023-07-14T02:30:34.961Z","sell","taker"
"0.01597000","1601.03000000","2023-07-14T02:30:34.961Z","sell","taker"
"0.01597000","1480.60000000","2023-07-14T02:30:34.961Z","sell","taker"
"0.01595000","1130.35000000","2023-07-14T02:30:34.961Z","sell","taker"
"0.01593000","1484.32000000","2023-07-14T02:30:34.961Z","sell","taker"
"0.01593000","3376.18000000","2023-07-14T02:30:34.961Z","sell","taker"
"0.01590000","1487.12000000","2023-07-14T02:30:34.961Z","sell","taker"
"0.01588000","1488.99000000","2023-07-14T02:30:34.961Z","sell","taker"
"0.01586000","1490.87000000","2023-07-14T02:30:34.961Z","sell","taker"
"0.01584000","463.57000000","2023-07-14T02:30:34.961Z","sell","taker"
"0.01582000","1494.64000000","2023-07-14T02:30:34.961Z","sell","taker"
"0.01579000","1497.48000000","2023-07-14T02:30:34.961Z","sell","taker"
"0.01577000","1499.38000000","2023-07-14T02:30:34.961Z","sell","taker"
"0.01575000","1501.29000000","2023-07-14T02:30:34.961Z","sell","taker"
"0.01573000","1503.19000000","2023-07-14T02:30:34.961Z","sell","taker"
"0.01570000","1506.07000000","2023-07-14T02:30:34.961Z","sell","taker"
"0.01550000","1649.58000000","2023-07-14T02:30:34.961Z","sell","taker"
"0.01550000","1000.00000000","2023-07-14T02:30:34.961Z","sell","taker"
"0.01535000","5756.50000000","2023-07-14T02:30:34.961Z","sell","taker"
"0.01527000","1674.43000000","2023-07-14T02:30:34.961Z","sell","taker"
"0.01520000","5490.66000000","2023-07-14T02:30:34.961Z","sell","taker"
"0.01637000","10000.00000000","2023-07-14T02:30:11.997Z","sell","taker"
"0.01638000","23023.72000000","2023-07-14T02:29:29.848Z","buy","taker"
"0.01638000","826.19000000","2023-07-14T02:29:26.012Z","buy","taker"
"0.01637000","20285.57000000","2023-07-14T02:29:24.817Z","sell","taker"
"0.01638000","15662.06000000","2023-07-14T02:29:16.489Z","buy","taker"
"0.01638000","1642.97000000","2023-07-14T02:29:11.756Z","buy","taker"
"0.01638000","16.37000000","2023-07-14T02:29:11.749Z","sell","taker"
"0.01643000","238.26000000","2023-07-14T02:28:56.910Z","buy","taker"
"0.01643000","4782.49000000","2023-07-14T02:28:40.310Z","buy","taker"
"0.01643000","4825.24000000","2023-07-14T02:28:40.310Z","buy","taker"
"0.01640000","385.38000000","2023-07-14T02:28:36.794Z","buy","taker"
"0.01643000","48429.85000000","2023-07-14T02:28:36.794Z","buy","taker"
"0.01638000","1427.17000000","2023-07-14T02:27:48.288Z","sell","taker"