"price","volume","time","side","orderType"
"0.54296000","46.53941820","2024-05-21T18:18:23.127Z","s","m"
"0.54296000","20.78069360","2024-05-21T18:18:23.127Z","s","m"
"0.54296000","18.00000000","2024-05-21T18:18:23.127Z","s","m"
"0.54296000","28.96135859","2024-05-21T18:18:23.127Z","s","m"
"0.54296000","57.96723719","2024-05-21T18:18:23.127Z","s","m"
"0.54296000","69.98864080","2024-05-21T18:18:23.127Z","s","m"
"0.54296000","40.02479494","2024-05-21T18:18:23.127Z","s","m"
"0.54296000","109.18357704","2024-05-21T18:18:23.127Z","s","m"
"0.54296000","52.22338399","2024-05-21T18:18:23.127Z","s","m"
"0.54296000","39.08640741","2024-05-21T18:18:23.127Z","s","m"
"0.54296000","200.23584321","2024-05-21T18:18:23.127Z","s","m"
"0.54296000","411.78141938","2024-05-21T18:18:23.127Z","s","m"
"0.54296000","78.04733745","2024-05-21T18:18:23.127Z","s","m"
"0.54296000","132.92570970","2024-05-21T18:18:23.127Z","s","m"
"0.54296000","438.52112548","2024-05-21T18:18:23.127Z","s","m"
"0.54296000","22.27248610","2024-05-21T18:18:23.127Z","s","m"
"0.54296000","66.17040415","2024-05-21T18:18:23.127Z","s","m"
"0.54296000","49.89542443","2024-05-21T18:18:23.127Z","s","m"
"0.54296000","136.90051446","2024-05-21T18:18:23.127Z","s","m"
"0.54296000","110.93184385","2024-05-21T18:18:23.127Z","s","m"
"0.54296000","367.21634534","2024-05-21T18:18:23.127Z","s","m"
"0.54296000","13.00560207","2024-05-21T18:18:23.127Z","s","m"
"0.54288000","1079.44058170","2024-05-21T18:18:23.127Z","s","m"
"0.54288000","109.77592956","2024-05-21T18:18:23.127Z","s","m"
"0.54288000","129.41525797","2024-05-21T18:18:23.127Z","s","m"
"0.54288000","19.20768635","2024-05-21T18:18:23.127Z","s","m"
"0.54284000","166.14677852","2024-05-21T18:18:23.127Z","s","m"
"0.54284000","291.57924816","2024-05-21T18:18:23.127Z","s","m"
"0.54284000","68.84687512","2024-05-21T18:18:23.127Z","s","m"
"0.54284000","210.46654825","2024-05-21T18:18:23.127Z","s","m"
"0.54284000","78.54764440","2024-05-21T18:18:23.127Z","s","m"
"0.54284000","36.17518799","2024-05-21T18:18:23.127Z","s","m"
"0.54284000","126.99265720","2024-05-21T18:18:23.127Z","s","m"
"0.54284000","421.24506036","2024-05-21T18:18:23.127Z","s","m"
"0.54284000","1062.51164998","2024-05-21T18:18:23.127Z","s","m"
"0.54284000","24.98835002","2024-05-21T18:18:23.127Z","s","m"
"0.54284000","0.12256839","2024-05-21T18:18:23.127Z","s","m"
"0.54284000","70.65588112","2024-05-21T18:18:23.127Z","s","m"
"0.54284000","30.27702756","2024-05-21T18:18:23.127Z","s","m"
"0.54284000","31.08076199","2024-05-21T18:18:23.127Z","s","m"
"0.54284000","34.61694781","2024-05-21T18:18:23.127Z","s","m"
"0.54284000","150.00000000","2024-05-21T18:18:23.127Z","s","m"
"0.54284000","24.77062348","2024-05-21T18:18:23.127Z","s","m"
"0.54284000","67.87492377","2024-05-21T18:18:23.127Z","s","m"
"0.54284000","115.41626683","2024-05-21T18:18:23.127Z","s","m"
"0.54284000","89.58294119","2024-05-21T18:18:23.127Z","s","m"
"0.54288000","12.77684702","2024-05-21T18:19:01.098Z","b","m"
"0.54281000","419.01442000","2024-05-21T18:19:38.608Z","b","l"
"0.54293000","76.34100800","2024-05-21T18:21:18.166Z","s","m"
"0.54299000","11.51034089","2024-05-21T18:21:24.892Z","b","m"
"0.54298000","736.68895150","2024-05-21T18:21:55.688Z","s","l"
"0.54298000","1087.50000000","2024-05-21T18:21:55.688Z","s","l"
"0.54298000","14.75941216","2024-05-21T18:21:55.688Z","s","l"
"0.54298000","898.73569251","2024-05-21T18:22:38.514Z","s","l"
"0.54294000","1400.00000000","2024-05-21T18:22:38.514Z","s","l"
"0.54293000","736.73644174","2024-05-21T18:22:38.514Z","s","l"
"0.54292000","4604.67943471","2024-05-21T18:22:38.514Z","s","l"
"0.54291000","736.70251952","2024-05-21T18:22:38.514Z","s","l"
"0.54287000","1473.54073419","2024-05-21T18:22:38.514Z","s","l"
"0.54287000","568.66084376","2024-05-21T18:22:38.514Z","s","l"
"0.54287000","1285.00000000","2024-05-21T18:22:38.514Z","s","l"
"0.54286000","1087.50000000","2024-05-21T18:22:38.514Z","s","l"
"0.54281000","4910.87805435","2024-05-21T18:22:38.514Z","s","l"
"0.54280000","129.21041878","2024-05-21T18:22:38.514Z","s","l"
"0.54278000","4604.35623508","2024-05-21T18:22:38.514Z","s","l"
"0.54278000","9211.81694599","2024-05-21T18:22:38.514Z","s","l"
"0.54277000","1051.99425937","2024-05-21T18:22:38.514Z","s","l"
"0.54281000","1087.50000000","2024-05-21T18:23:10.966Z","s","l"
"0.54281000","4605.60055747","2024-05-21T18:23:10.966Z","s","l"
"0.54276000","567.62475699","2024-05-21T18:23:10.966Z","s","l"
"0.54276000","1285.00000000","2024-05-21T18:23:10.966Z","s","l"
"0.54272000","31.00000000","2024-05-21T18:23:10.966Z","s","l"
"0.54271000","116.72390000","2024-05-21T18:23:10.966Z","s","l"
"0.54271000","1087.50000000","2024-05-21T18:23:10.966Z","s","l"
"0.54269000","1219.05078554","2024-05-21T18:23:10.966Z","s","l"
"0.54291000","583.53740000","2024-05-21T18:23:13.738Z","b","l"
"0.54265000","250.00000000","2024-05-21T18:23:43.463Z","b","l"
"0.54271000","172.80023000","2024-05-21T18:23:48.918Z","b","l"
"0.54298000","1087.50000000","2024-05-21T18:24:19.631Z","s","l"
"0.54298000","1656.81161083","2024-05-21T18:24:19.631Z","s","l"
"0.54297000","1400.00000000","2024-05-21T18:24:19.631Z","s","l"
"0.54297000","1087.50000000","2024-05-21T18:24:19.631Z","s","l"
"0.54296000","4604.39074701","2024-05-21T18:24:19.631Z","s","l"
"0.54287000","163.79764216","2024-05-21T18:24:19.631Z","s","l"
"0.54294000","736.75001151","2024-05-21T18:26:38.009Z","b","l"
"0.54296000","736.75001151","2024-05-21T18:26:38.009Z","b","l"
"0.54299000","64.89877184","2024-05-21T18:26:38.009Z","b","l"
"0.54299000","17.76341275","2024-05-21T18:26:38.009Z","b","l"
"0.54299000","1285.00000000","2024-05-21T18:26:38.009Z","b","l"
"0.54299000","1400.00000000","2024-05-21T18:26:38.009Z","b","l"
"0.54301000","1473.48645313","2024-05-21T18:26:38.009Z","b","l"
"0.54301000","1216.25720926","2024-05-21T18:26:38.009Z","b","l"
"0.54220000","1660.90349207","2024-05-21T18:28:46.269Z","b","l"
"0.54224000","1285.00000000","2024-05-21T18:28:46.269Z","b","l"
"0.54231000","630.63162793","2024-05-21T18:28:46.269Z","b","l"
"0.54180000","175.11997046","2024-05-21T18:31:09.569Z","s","l"
"0.54171000","89.21201851","2024-05-21T18:31:09.569Z","s","l"
"0.54117000","25.00000000","2024-05-21T18:31:13.631Z","b","l"
"0.54116000","1087.50000000","2024-05-21T18:31:16.702Z","s","m"
"0.54110000","119.30130000","2024-05-21T18:31:16.702Z","s","m"
"0.54110000","1087.50000000","2024-05-21T18:31:16.702Z","s","m"
"0.54107000","55.69404023","2024-05-21T18:31:16.702Z","s","m"
"0.54107000","1285.00000000","2024-05-21T18:31:16.702Z","s","m"
"0.54105000","1255.50945309","2024-05-21T18:31:16.702Z","s","m"
"0.54124000","18.40845000","2024-05-21T18:31:23.412Z","b","l"
"0.54090000","172.20435000","2024-05-21T18:31:34.549Z","b","l"
"0.54077000","350.00000000","2024-05-21T18:31:35.088Z","s","l"
"0.54086000","33.98228000","2024-05-21T18:31:43.414Z","b","l"
"0.54102000","110.88318456","2024-05-21T18:31:51.833Z","b","m"
"0.54111000","14.38983000","2024-05-21T18:31:55.617Z","b","l"
"0.54167000","264.33198897","2024-05-21T18:32:40.059Z","s","l"
"0.54204000","34.06826000","2024-05-21T18:32:58.403Z","b","l"
"0.54203000","250.00000000","2024-05-21T18:33:04.117Z","b","l"
"0.54235000","1.86204000","2024-05-21T18:33:17.882Z","b","l"
"0.54240000","16.78182000","2024-05-21T18:33:19.506Z","b","l"
"0.54243000","34.04370267","2024-05-21T18:35:01.108Z","b","m"
"0.54245000","1285.00000000","2024-05-21T18:35:01.108Z","b","m"
"0.54247000","1087.50000000","2024-05-21T18:35:01.108Z","b","m"
"0.54248000","1091.39512374","2024-05-21T18:35:01.108Z","b","m"
"0.54248000","1363.07692934","2024-05-21T18:35:01.108Z","b","m"
"0.54238000","89.17120000","2024-05-21T18:35:39.216Z","b","l"
"0.54226000","86.09800000","2024-05-21T18:35:47.790Z","b","l"
"0.54245000","814.82164254","2024-05-21T18:36:12.735Z","s","l"
"0.54244000","814.91929164","2024-05-21T18:36:12.735Z","s","l"
"0.54237000","1474.96704370","2024-05-21T18:36:12.735Z","s","l"
"0.54237000","1400.00000000","2024-05-21T18:36:12.735Z","s","l"
"0.54234000","36.23516623","2024-05-21T18:36:12.735Z","s","l"
"0.54233000","839.32580680","2024-05-21T18:36:12.735Z","s","l"
"0.54246000","10.08978317","2024-05-21T18:36:27.891Z","b","l"
"0.54249000","368.14651683","2024-05-21T18:36:27.891Z","b","l"
"0.54256000","273.42887600","2024-05-21T18:36:35.440Z","s","m"
"0.54256000","737.23885617","2024-05-21T18:36:48.868Z","s","l"
"0.54251000","2878.27910383","2024-05-21T18:36:48.868Z","s","l"
"0.54253000","1805.32297436","2024-05-21T18:38:07.325Z","s","l"
"0.54234000","37.78453600","2024-05-21T18:38:12.994Z","s","m"
"0.54230000","92.73590700","2024-05-21T18:38:16.907Z","s","m"
"0.54230000","87.41194200","2024-05-21T18:38:17.507Z","s","m"
"0.54227000","16.44511000","2024-05-21T18:38:31.582Z","b","l"
"0.54220000","490.00000000","2024-05-21T18:38:57.752Z","s","m"
"0.54217000","134.41487000","2024-05-21T18:40:18.272Z","s","l"
"0.54198000","38.00000000","2024-05-21T18:41:18.989Z","s","l"
"0.54190000","51.76428000","2024-05-21T18:41:18.989Z","s","l"
"0.54212000","184.41338103","2024-05-21T18:41:53.231Z","s","m"
"0.54111000","38.06567000","2024-05-21T18:45:04.760Z","s","l"
"0.54090000","36.23516623","2024-05-21T18:46:10.234Z","s","m"
"0.54090000","36.23516623","2024-05-21T18:46:10.234Z","s","m"
"0.54090000","1087.50000000","2024-05-21T18:46:10.234Z","s","m"
"0.54089000","2069.05025946","2024-05-21T18:46:10.234Z","s","m"
"0.54075000","9.80702244","2024-05-21T18:46:28.283Z","s","m"
"0.54075000","336.64254300","2024-05-21T18:46:28.283Z","s","m"
"0.54075000","38.23594600","2024-05-21T18:46:28.283Z","s","m"
"0.54074000","1087.50000000","2024-05-21T18:46:31.947Z","s","l"
"0.54072000","1295.00000000","2024-05-21T18:46:31.947Z","s","l"
"0.54066000","1400.00000000","2024-05-21T18:46:31.947Z","s","l"
"0.54065000","52.43688154","2024-05-21T18:46:31.947Z","s","l"
"0.54065000","1087.50000000","2024-05-21T18:46:31.947Z","s","l"
"0.54065000","36.23516623","2024-05-21T18:46:31.947Z","s","l"
"0.54064000","36.23516623","2024-05-21T18:46:31.947Z","s","l"
"0.54064000","36.23516623","2024-05-21T18:46:31.947Z","s","l"
"0.54059000","4056.62662823","2024-05-21T18:46:31.947Z","s","l"
"0.54059000","9249.04904848","2024-05-21T18:46:31.947Z","s","l"
"0.54059000","1087.50000000","2024-05-21T18:46:31.947Z","s","l"
"0.54055000","43.40688627","2024-05-21T18:46:31.947Z","s","l"
"0.54055000","3011.74580865","2024-05-21T18:46:31.947Z","s","l"
"0.54054000","1295.00000000","2024-05-21T18:46:31.947Z","s","l"
"0.54052000","1087.50000000","2024-05-21T18:46:31.947Z","s","l"
"0.54050000","310.53433998","2024-05-21T18:46:31.947Z","s","l"
"0.54050000","725.16798142","2024-05-21T18:46:31.947Z","s","l"
"0.54049000","5050.00000000","2024-05-21T18:46:31.947Z","s","l"
"0.54048000","387.66389439","2024-05-21T18:46:31.947Z","s","l"
"0.54047000","4623.96617127","2024-05-21T18:46:31.947Z","s","l"
"0.54046000","1087.50000000","2024-05-21T18:46:31.947Z","s","l"
"0.54046000","113.50200000","2024-05-21T18:46:31.947Z","s","l"
"0.54043000","1592.73711874","2024-05-21T18:46:31.947Z","s","l"
"0.54043000","9185.00000000","2024-05-21T18:46:31.947Z","s","l"
"0.54042000","9251.99760729","2024-05-21T18:46:31.947Z","s","l"
"0.54040000","1087.50000000","2024-05-21T18:46:31.947Z","s","l"
"0.54040000","277.73267665","2024-05-21T18:46:31.947Z","s","l"
"0.54036000","69.26704384","2024-05-21T18:46:31.947Z","s","l"
"0.54034000","1087.50000000","2024-05-21T18:46:31.947Z","s","l"
"0.54034000","1929.52787558","2024-05-21T18:46:31.947Z","s","l"
"0.54033000","260.49404102","2024-05-21T18:46:31.947Z","s","l"
"0.54032000","100.05238349","2024-05-21T18:46:31.947Z","s","l"
"0.54032000","9160.00000000","2024-05-21T18:46:31.947Z","s","l"
"0.54028000","1087.50000000","2024-05-21T18:46:31.947Z","s","l"
"0.54027000","18.69410757","2024-05-21T18:46:31.947Z","s","l"
"0.54021000","111.24971653","2024-05-21T18:46:31.947Z","s","l"
"0.54021000","1364.90000000","2024-05-21T18:46:31.947Z","s","l"
"0.54021000","14945.70874985","2024-05-21T18:46:31.947Z","s","l"
"0.54020000","38.00000000","2024-05-21T18:46:39.404Z","b","l"
"0.54020000","49460.00000000","2024-05-21T18:46:39.432Z","b","l"
"0.54020000","52125.00000000","2024-05-21T18:46:40.134Z","b","l"
"0.54020000","1658.00000000","2024-05-21T18:46:40.291Z","b","l"
"0.54020000","21205.00000000","2024-05-21T18:46:40.292Z","b","l"
"0.54020000","27240.00000000","2024-05-21T18:46:40.312Z","b","l"
"0.54020000","8000.00000000","2024-05-21T18:46:40.315Z","b","l"
"0.54020000","1000.00000000","2024-05-21T18:46:40.315Z","b","l"
"0.54020000","3000.00000000","2024-05-21T18:46:40.315Z","b","l"
"0.54020000","34995.00000000","2024-05-21T18:46:40.333Z","b","l"
"0.54020000","166.51000000","2024-05-21T18:46:40.379Z","b","l"
"0.54020000","115.06690000","2024-05-21T18:46:40.399Z","b","l"
"0.54020000","4626.37403308","2024-05-21T18:46:40.610Z","b","l"
"0.54020000","4626.20281273","2024-05-21T18:46:40.763Z","b","l"
"0.54020000","3700.62607802","2024-05-21T18:46:40.915Z","b","l"
"0.54020000","2774.80187213","2024-05-21T18:46:41.068Z","b","l"
"0.54020000","44960.00000000","2024-05-21T18:46:41.070Z","b","l"
"0.54020000","4627.82391138","2024-05-21T18:46:41.137Z","b","l"
"0.54020000","3699.66736660","2024-05-21T18:46:41.301Z","b","l"
"0.54020000","3699.73582951","2024-05-21T18:46:41.455Z","b","l"
"0.54020000","115.06690000","2024-05-21T18:46:41.483Z","b","l"
"0.54020000","4625.94600595","2024-05-21T18:46:41.607Z","b","l"
"0.54020000","4625.94600595","2024-05-21T18:46:41.760Z","b","l"
"0.54020000","4626.11720730","2024-05-21T18:46:41.912Z","b","l"
"0.54020000","4500.00000000","2024-05-21T18:46:42.017Z","b","l"
"0.54020000","4626.20281273","2024-05-21T18:46:42.064Z","b","l"
"0.54020000","4626.37403308","2024-05-21T18:46:42.217Z","b","l"
"0.54020000","4626.37403308","2024-05-21T18:46:42.370Z","b","l"
"0.54020000","4626.88777021","2024-05-21T18:46:42.522Z","b","l"
"0.54020000","2775.77782985","2024-05-21T18:46:42.675Z","b","l"
"0.54020000","11865.00000000","2024-05-21T18:46:43.248Z","b","l"
"0.54020000","38.00000000","2024-05-21T18:46:48.257Z","b","l"
"0.54020000","38.00000000","2024-05-21T18:46:48.257Z","b","l"
"0.54020000","38.00000000","2024-05-21T18:46:48.263Z","b","l"
"0.54019000","92.19245000","2024-05-21T18:46:49.808Z","s","l"
"0.54020000","10.00000000","2024-05-21T18:46:58.163Z","b","l"
"0.54020000","38.00000000","2024-05-21T18:47:02.508Z","b","l"
"0.54020000","38.00000000","2024-05-21T18:47:02.509Z","b","l"
"0.54020000","1658.00000000","2024-05-21T18:47:02.509Z","b","l"
"0.54020000","38.00000000","2024-05-21T18:47:02.509Z","b","l"
"0.54020000","50450.00000000","2024-05-21T18:47:02.717Z","b","l"
"0.54020000","1000.00000000","2024-05-21T18:47:02.721Z","b","l"
"0.54020000","3000.00000000","2024-05-21T18:47:02.721Z","b","l"
"0.54020000","179.96000000","2024-05-21T18:47:02.750Z","b","l"
"0.54020000","10875.00000000","2024-05-21T18:47:02.752Z","b","l"
"0.54020000","50450.00000000","2024-05-21T18:47:06.920Z","b","l"
"0.54020000","38.00000000","2024-05-21T18:47:11.194Z","b","l"
"0.54020000","1658.00000000","2024-05-21T18:47:11.207Z","b","l"
"0.54020000","49460.00000000","2024-05-21T18:47:11.238Z","b","l"
"0.54020000","3000.00000000","2024-05-21T18:47:16.392Z","b","l"
"0.54020000","1000.00000000","2024-05-21T18:47:16.393Z","b","l"
"0.54020000","49460.00000000","2024-05-21T18:47:16.394Z","b","l"
"0.54020000","38.00000000","2024-05-21T18:47:18.318Z","b","l"
"0.54020000","38.00000000","2024-05-21T18:47:18.319Z","b","l"
"0.54020000","1658.00000000","2024-05-21T18:47:18.320Z","b","l"
"0.54020000","4627.81545913","2024-05-21T18:47:18.327Z","b","l"
"0.54020000","49460.00000000","2024-05-21T18:47:19.407Z","b","l"
"0.54020000","4627.81545913","2024-05-21T18:47:19.646Z","b","l"
"0.54020000","4627.81545913","2024-05-21T18:47:20.647Z","b","l"
"0.54020000","52125.00000000","2024-05-21T18:47:20.949Z","b","l"
"0.54020000","1000.00000000","2024-05-21T18:47:21.177Z","b","l"
"0.54020000","1658.00000000","2024-05-21T18:47:21.179Z","b","l"
"0.54020000","21205.00000000","2024-05-21T18:47:21.181Z","b","l"
"0.54020000","4627.28284514","2024-05-21T18:47:21.188Z","b","l"
"0.54020000","27240.00000000","2024-05-21T18:47:21.218Z","b","l"
"0.54020000","34995.00000000","2024-05-21T18:47:21.488Z","b","l"
"0.54020000","4000.00000000","2024-05-21T18:47:21.710Z","b","l"
"0.54020000","4626.97853282","2024-05-21T18:47:21.923Z","b","l"
"0.54020000","10684.21380000","2024-05-21T18:47:21.927Z","b","l"
"0.54020000","44.27080000","2024-05-21T18:47:21.933Z","b","l"
"0.54020000","12.50900000","2024-05-21T18:47:21.950Z","b","l"
"0.54020000","34.27140000","2024-05-21T18:47:21.955Z","b","l"
"0.54020000","9255.57462851","2024-05-21T18:47:21.955Z","b","l"
"0.54020000","24.68060000","2024-05-21T18:47:21.977Z","b","l"
"0.54020000","484.57986799","2024-05-21T18:47:21.997Z","b","l"
"0.54020000","10.99920000","2024-05-21T18:47:22.005Z","b","l"
"0.54020000","198.33900000","2024-05-21T18:47:22.059Z","b","l"
"0.54020000","8000.00000000","2024-05-21T18:47:22.060Z","b","l"
"0.54020000","3000.00000000","2024-05-21T18:47:22.060Z","b","l"
"0.54020000","256.30810000","2024-05-21T18:47:22.061Z","b","l"
"0.54020000","44960.00000000","2024-05-21T18:47:22.076Z","b","l"
"0.54020000","64.51710000","2024-05-21T18:47:22.079Z","b","l"
"0.54020000","21.62360000","2024-05-21T18:47:22.089Z","b","l"
"0.54020000","61.76250000","2024-05-21T18:47:22.091Z","b","l"
"0.54020000","154.51000000","2024-05-21T18:47:22.092Z","b","l"
"0.54020000","207.65700000","2024-05-21T18:47:22.095Z","b","l"
"0.54020000","217.97240000","2024-05-21T18:47:22.095Z","b","l"
"0.54020000","14.41440000","2024-05-21T18:47:22.097Z","b","l"
"0.54020000","100.68060000","2024-05-21T18:47:22.098Z","b","l"
"0.54020000","28.79230000","2024-05-21T18:47:22.102Z","b","l"
"0.54020000","100.67820000","2024-05-21T18:47:22.103Z","b","l"
"0.54020000","26.79050000","2024-05-21T18:47:22.118Z","b","l"
"0.54020000","88.88500000","2024-05-21T18:47:22.145Z","b","l"
"0.54020000","41.16860000","2024-05-21T18:47:22.149Z","b","l"
"0.54020000","13975.01937650","2024-05-21T18:47:22.173Z","b","l"
"0.54020000","4000.00000000","2024-05-21T18:47:22.239Z","b","l"
"0.54020000","4500.00000000","2024-05-21T18:47:22.535Z","b","l"
"0.54020000","4000.00000000","2024-05-21T18:47:22.760Z","b","l"
"0.54020000","4627.04841267","2024-05-21T18:47:23.011Z","b","l"
"0.54020000","4000.00000000","2024-05-21T18:47:23.285Z","b","l"
"0.54020000","4627.44931083","2024-05-21T18:47:23.493Z","b","l"
"0.54020000","16.66049611","2024-05-21T18:47:25.531Z","b","l"
"0.54020000","49460.00000000","2024-05-21T18:47:53.169Z","b","l"
"0.54020000","18.51166234","2024-05-21T18:47:55.178Z","b","m"
"0.54020000","49460.00000000","2024-05-21T18:47:57.913Z","b","l"
"0.54020000","6820.42216901","2024-05-21T18:47:57.923Z","b","l"
"0.54113000","585.18190000","2024-05-21T18:48:07.501Z","b","m"
"0.54102000","11.27270711","2024-05-21T18:48:23.485Z","b","m"
"0.54124000","16.64191620","2024-05-21T18:48:31.524Z","s","m"
"0.54152000","28.50392222","2024-05-21T18:49:39.709Z","b","l"
"0.54172000","54.38126787","2024-05-21T18:49:52.947Z","b","m"
"0.54187000","586.69647253","2024-05-21T18:49:52.947Z","b","m"
"0.54179000","3.00000000","2024-05-21T18:50:04.818Z","s","l"
"0.54180000","33.73818000","2024-05-21T18:52:37.117Z","s","l"
"0.54180000","0.32210000","2024-05-21T18:52:37.117Z","s","l"
"0.54181000","1358.10000000","2024-05-21T18:53:12.495Z","b","m"
"0.54181000","330.01199683","2024-05-21T18:53:12.495Z","b","m"
"0.54180000","800.00000000","2024-05-21T18:53:35.014Z","s","m"
"0.54185000","645.93522192","2024-05-21T18:54:28.056Z","b","m"
"0.54180000","418.36249538","2024-05-21T18:55:24.577Z","s","l"
"0.54167000","928.59750462","2024-05-21T18:55:24.577Z","s","l"
"0.54173000","4531.30100920","2024-05-21T18:56:04.169Z","s","m"
"0.54162000","34.22527000","2024-05-21T18:56:08.195Z","s","l"
"0.54135000","85.79765000","2024-05-21T18:57:31.731Z","b","l"
"0.54135000","582.88425676","2024-05-21T18:58:00.209Z","b","l"
"0.54136000","548.96909324","2024-05-21T18:58:00.209Z","b","l"
"0.54136000","119.79311193","2024-05-21T18:58:01.963Z","b","m"
"0.54140000","247.80640779","2024-05-21T18:58:01.963Z","b","m"
"0.54129000","17.93630000","2024-05-21T18:58:14.414Z","b","l"
"0.54145000","11.54116039","2024-05-21T18:59:08.055Z","b","m"
"0.54172000","227.78728185","2024-05-21T18:59:33.431Z","s","m"
"0.54162000","80.00000000","2024-05-21T18:59:48.349Z","s","m"
"0.54156000","605.39320591","2024-05-21T19:00:04.513Z","b","l"
"0.54156000","1087.50000000","2024-05-21T19:00:04.513Z","b","l"
"0.54156000","31.94349409","2024-05-21T19:00:04.513Z","b","l"
"0.54175000","74.71787659","2024-05-21T19:02:13.400Z","b","l"
"0.54182000","74.71364366","2024-05-21T19:03:12.447Z","b","l"
"0.54194000","32.16046108","2024-05-21T19:03:12.447Z","b","l"
"0.54195000","69.13794212","2024-05-21T19:03:12.447Z","b","l"
"0.54197000","70.92868017","2024-05-21T19:03:12.447Z","b","l"
"0.54200000","471.35330297","2024-05-21T19:03:12.447Z","b","l"
"0.54139000","30.40002000","2024-05-21T19:04:26.315Z","b","l"
"0.54130000","36.94587105","2024-05-21T19:04:29.024Z","b","m"
"0.54106000","3300.00000000","2024-05-21T19:06:06.754Z","s","m"
"0.54119000","83.90332000","2024-05-21T19:06:44.608Z","s","l"
"0.54090000","125.00000000","2024-05-21T19:07:25.871Z","s","l"
"0.54106000","80.00000000","2024-05-21T19:07:48.225Z","b","l"
"0.54092000","499.63077285","2024-05-21T19:08:15.582Z","b","l"
"0.54098000","220.03831715","2024-05-21T19:08:15.582Z","b","l"
"0.54083000","34.19410000","2024-05-21T19:09:09.995Z","b","l"
"0.54112000","4620.01295339","2024-05-21T19:09:32.182Z","s","l"
"0.54112000","1094.01709401","2024-05-21T19:09:32.182Z","s","l"
"0.54109000","1290.00000000","2024-05-21T19:09:32.182Z","s","l"
"0.54104000","995.96995260","2024-05-21T19:09:32.182Z","s","l"
"0.54100000","1000.00000000","2024-05-21T19:11:58.387Z","s","l"
"0.54106000","20.92149000","2024-05-21T19:12:17.614Z","b","l"
"0.54107000","41.37523000","2024-05-21T19:13:25.606Z","s","l"
"0.54108000","86.09700000","2024-05-21T19:13:32.611Z","b","l"
"0.54111000","450.84811000","2024-05-21T19:13:50.940Z","s","l"
"0.54123000","91.87609000","2024-05-21T19:14:47.393Z","s","m"
"0.54094000","36.93950100","2024-05-21T19:16:18.342Z","s","m"
"0.54114000","668.93522110","2024-05-21T19:17:49.348Z","b","m"
"0.54118000","668.88577884","2024-05-21T19:17:49.348Z","b","m"
"0.54122000","83.99921311","2024-05-21T19:17:49.348Z","b","m"
"0.54122000","668.84870195","2024-05-21T19:17:49.348Z","b","m"
"0.54122000","1087.50000000","2024-05-21T19:17:49.348Z","b","m"
"0.54122000","1478.25122879","2024-05-21T19:17:49.348Z","b","m"
"0.54128000","1087.50000000","2024-05-21T19:17:49.348Z","b","m"
"0.54128000","4618.74007948","2024-05-21T19:17:49.348Z","b","m"
"0.54128000","1290.00000000","2024-05-21T19:17:49.348Z","b","m"
"0.54128000","1290.00000000","2024-05-21T19:17:49.348Z","b","m"
"0.54130000","3003.57468562","2024-05-21T19:17:49.348Z","b","m"
"0.54115000","4619.79118543","2024-05-21T19:18:01.882Z","s","m"
"0.54114000","1400.00000000","2024-05-21T19:18:01.882Z","s","m"
"0.54111000","1216.56749331","2024-05-21T19:18:01.882Z","s","m"
"0.54110000","1216.57873420","2024-05-21T19:18:01.882Z","s","m"
"0.54107000","36.23516623","2024-05-21T19:18:01.882Z","s","m"
"0.54107000","1009.61054804","2024-05-21T19:18:01.882Z","s","m"
"0.54083000","91.77567000","2024-05-21T19:18:27.680Z","b","l"
"0.54017000","89.13415987","2024-05-21T19:19:05.908Z","s","m"
"0.54008000","903.32731732","2024-05-21T19:19:05.908Z","s","m"
"0.54003000","1400.00000000","2024-05-21T19:19:05.908Z","s","m"
"0.54002000","46.54747074","2024-05-21T19:19:05.908Z","s","m"
"0.54002000","887.02651921","2024-05-21T19:19:05.908Z","s","m"
"0.54002000","6192.96453286","2024-05-21T19:19:05.908Z","s","m"
"0.54002000","2178.76612291","2024-05-21T19:19:05.908Z","s","m"
"0.54001000","37.01156613","2024-05-21T19:19:05.908Z","s","m"
"0.54000000","12784.22231096","2024-05-21T19:19:05.908Z","s","m"
"0.54041000","4626.11720730","2024-05-21T19:20:15.950Z","s","m"
"0.54041000","373.88279270","2024-05-21T19:20:15.950Z","s","m"
"0.54045000","738.63805500","2024-05-21T19:22:42.216Z","s","m"
"0.54046000","8.03265000","2024-05-21T19:23:00.590Z","s","l"
"0.54069000","36.32024000","2024-05-21T19:23:38.432Z","s","l"
"0.54060000","15.62563000","2024-05-21T19:24:30.768Z","s","l"
"0.54000000","31.54216735","2024-05-21T19:25:04.672Z","s","m"
"0.54000000","7184.23552169","2024-05-21T19:25:08.004Z","s","l"
"0.54000000","90.52389710","2024-05-21T19:25:08.004Z","s","l"
"0.54000000","1362.18796296","2024-05-21T19:25:08.004Z","s","l"
"0.54000000","999.99999825","2024-05-21T19:25:08.004Z","s","l"
"0.54000000","0.00000175","2024-05-21T19:25:08.004Z","s","l"
"0.53982000","297.53360000","2024-05-21T19:25:08.039Z","s","l"
"0.53982000","0.00001406","2024-05-21T19:25:08.046Z","s","l"
"0.53978000","120.15458594","2024-05-21T19:25:08.046Z","s","l"
"0.53978000","0.00007183","2024-05-21T19:25:08.094Z","s","l"
"0.53963000","13.76455398","2024-05-21T19:25:08.317Z","s","l"
"0.53953000","44.17039090","2024-05-21T19:25:08.317Z","s","l"
"0.53951000","913.07082000","2024-05-21T19:25:09.049Z","b","l"
"0.53950000","1888.33345690","2024-05-21T19:25:10.177Z","s","l"
"0.53923000","10.81530000","2024-05-21T19:26:40.133Z","s","l"
"0.53923000","0.00001871","2024-05-21T19:26:40.154Z","s","l"
"0.53921000","17.99998129","2024-05-21T19:26:40.154Z","s","l"
"0.53921000","0.00001871","2024-05-21T19:26:40.329Z","s","l"
"0.53914000","99.29014129","2024-05-21T19:26:40.329Z","s","l"
"0.53914000","0.00002331","2024-05-21T19:26:40.330Z","s","l"
"0.53913000","322.86551669","2024-05-21T19:26:40.330Z","s","l"
"0.53913000","0.00002595","2024-05-21T19:26:40.330Z","s","l"
"0.53912000","449.55871405","2024-05-21T19:26:40.330Z","s","l"
"0.53912000","0.00003591","2024-05-21T19:26:40.334Z","s","l"
"0.53907000","89.64891860","2024-05-21T19:26:40.334Z","s","l"
"0.53907000","130.10442549","2024-05-21T19:26:40.334Z","s","l"
"0.53907000","0.00004205","2024-05-21T19:26:40.357Z","s","l"
"0.53892000","62.32828514","2024-05-21T19:27:09.599Z","s","l"
"0.53885000","87.12945633","2024-05-21T19:27:12.249Z","s","l"
"0.53884000","11.07944368","2024-05-21T19:27:12.249Z","s","l"
"0.53879000","185.60106000","2024-05-21T19:27:12.267Z","s","l"
"0.53879000","0.00000907","2024-05-21T19:27:12.267Z","s","l"
"0.53864000","27.84791327","2024-05-21T19:27:12.764Z","s","l"
"0.53843000","165.58756385","2024-05-21T19:27:14.462Z","s","l"
"0.53843000","43.24013148","2024-05-21T19:27:14.462Z","s","l"
"0.53841000","21.99751729","2024-05-21T19:27:14.478Z","s","l"
"0.53818000","798.92971424","2024-05-21T19:27:16.398Z","s","l"
"0.53810000","31.83123114","2024-05-21T19:27:17.229Z","s","l"
"0.53808000","120.27186667","2024-05-21T19:27:17.683Z","s","l"
"0.53800000","47.18675857","2024-05-21T19:27:17.744Z","s","l"
"0.53797000","37.47367164","2024-05-21T19:27:17.786Z","s","l"
"0.53768000","40.55002014","2024-05-21T19:27:18.070Z","s","l"
"0.53762000","18.78627163","2024-05-21T19:27:18.242Z","s","l"
"0.53757000","25.69975071","2024-05-21T19:27:19.537Z","s","l"
"0.53733000","4652.63432155","2024-05-21T19:27:21.756Z","b","l"
"0.53733000","1087.50000000","2024-05-21T19:27:21.756Z","b","l"
"0.53733000","908.20267063","2024-05-21T19:27:21.756Z","b","l"
"0.53740000","1087.50000000","2024-05-21T19:27:21.756Z","b","l"
"0.53743000","1001.13511602","2024-05-21T19:27:21.756Z","b","l"
"0.53745000","1400.00000000","2024-05-21T19:27:21.756Z","b","l"
"0.53746000","1087.50000000","2024-05-21T19:27:21.756Z","b","l"
"0.53746000","36.23516623","2024-05-21T19:27:21.756Z","b","l"
"0.53747000","36.23516623","2024-05-21T19:27:21.756Z","b","l"
"0.53747000","36.23516623","2024-05-21T19:27:21.756Z","b","l"
"0.53747000","5366.88919337","2024-05-21T19:27:21.756Z","b","l"
"0.53733000","36.23516623","2024-05-21T19:27:21.935Z","b","m"
"0.53733000","1087.50000000","2024-05-21T19:27:21.935Z","b","m"
"0.53746000","1592.73711874","2024-05-21T19:27:21.935Z","b","m"
"0.53750000","2038.87688843","2024-05-21T19:27:21.935Z","b","m"
"0.53733000","18.11245000","2024-05-21T19:27:29.197Z","b","l"
"0.53732000","46.78136892","2024-05-21T19:27:31.866Z","s","l"
"0.53725000","56.09004067","2024-05-21T19:27:42.455Z","s","l"
"0.53709000","120.75644896","2024-05-21T19:27:43.086Z","s","l"
"0.53709000","12.66997076","2024-05-21T19:27:43.086Z","s","l"
"0.53721000","18.61885345","2024-05-21T19:27:55.993Z","b","m"
"0.53725000","134.03328493","2024-05-21T19:28:00.472Z","b","m"
"0.53699000","579.50435255","2024-05-21T19:28:11.991Z","s","l"
"0.53689000","83.35685000","2024-05-21T19:28:14.029Z","s","l"
"0.53689000","0.00000357","2024-05-21T19:28:14.032Z","s","l"
"0.53664000","10.00000000","2024-05-21T19:28:18.308Z","b","l"
"0.53663000","162.38362239","2024-05-21T19:28:27.014Z","s","m"
"0.53663000","1087.50000000","2024-05-21T19:28:27.014Z","s","m"
"0.53663000","452.89251480","2024-05-21T19:28:27.014Z","s","m"
"0.53662000","18.63516083","2024-05-21T19:28:27.014Z","s","m"
"0.53658000","4659.09916339","2024-05-21T19:28:27.014Z","s","m"
"0.53656000","583.03198349","2024-05-21T19:28:27.014Z","s","m"
"0.53655000","1400.00000000","2024-05-21T19:28:27.014Z","s","m"
"0.53652000","452.89251480","2024-05-21T19:28:27.014Z","s","m"
"0.53651000","1087.50000000","2024-05-21T19:28:27.014Z","s","m"
"0.53645000","1087.50000000","2024-05-21T19:28:27.014Z","s","m"
"0.53645000","4954.79994919","2024-05-21T19:28:27.014Z","s","m"
"0.53645000","140.01941602","2024-05-21T19:28:44.243Z","b","m"
"0.53644000","90.08843962","2024-05-21T19:28:48.141Z","s","l"
"0.53621000","39.16376047","2024-05-21T19:28:48.542Z","s","l"
"0.53618000","2215.00000000","2024-05-21T19:28:48.542Z","s","l"
"0.53600000","15.25161278","2024-05-21T19:28:48.542Z","s","l"
"0.53599000","18.67321454","2024-05-21T19:28:48.542Z","s","l"
"0.53587000","25.00000000","2024-05-21T19:28:48.542Z","s","l"
"0.53585000","13.86165207","2024-05-21T19:28:48.542Z","s","l"
"0.53571000","128.08048374","2024-05-21T19:28:48.542Z","s","l"
"0.53566000","11.14521792","2024-05-21T19:28:48.542Z","s","l"
"0.53549000","47.26518713","2024-05-21T19:28:48.542Z","s","l"
"0.53549000","186.74485052","2024-05-21T19:28:48.542Z","s","l"
"0.53548000","438.87618083","2024-05-21T19:28:48.542Z","s","l"
"0.53567000","1087.50000000","2024-05-21T19:28:49.734Z","s","m"
"0.53557000","3207.55121383","2024-05-21T19:28:49.734Z","s","m"
"0.53610000","500.00000000","2024-05-21T19:28:58.054Z","b","l"
"0.53600000","34.42084727","2024-05-21T19:29:06.943Z","b","m"
"0.53632000","194.90719658","2024-05-21T19:29:14.387Z","s","m"
"0.53632000","4661.39618138","2024-05-21T19:29:14.387Z","s","m"
"0.53632000","143.69662204","2024-05-21T19:29:14.387Z","s","m"
"0.53565000","34.50836518","2024-05-21T19:29:42.862Z","b","l"
"0.53640000","1677.06468167","2024-05-21T19:30:03.701Z","s","m"
"0.53640000","264.95155349","2024-05-21T19:30:03.701Z","s","m"
"0.53614000","1997.55786117","2024-05-21T19:30:34.761Z","s","l"
"0.53598000","18.00000000","2024-05-21T19:30:43.016Z","s","m"
"0.53568000","4666.90583075","2024-05-21T19:30:43.016Z","s","m"
"0.53557000","3471.30223669","2024-05-21T19:30:43.016Z","s","m"
"0.53544000","513.54889382","2024-05-21T19:30:52.066Z","s","l"
"0.53539000","69.26704000","2024-05-21T19:30:52.755Z","s","l"
"0.53539000","0.00000384","2024-05-21T19:30:52.760Z","s","l"
"0.53536000","131.00608000","2024-05-21T19:30:52.772Z","s","l"
"0.53536000","0.00000061","2024-05-21T19:30:52.778Z","s","l"
"0.53523000","615.75494000","2024-05-21T19:30:52.778Z","s","l"
"0.53524000","9.29559000","2024-05-21T19:30:53.036Z","b","l"
"0.53523000","0.00000710","2024-05-21T19:30:54.598Z","s","m"
"0.53521000","10.81531871","2024-05-21T19:30:54.598Z","s","m"
"0.53500000","25.18467419","2024-05-21T19:30:54.598Z","s","m"
"0.53500000","6222.31105000","2024-05-21T19:30:55.306Z","s","l"
"0.53500000","2608.67605151","2024-05-21T19:30:55.306Z","s","l"
"0.53498000","18.87889007","2024-05-21T19:30:55.306Z","s","l"
"0.53495000","128.31105711","2024-05-21T19:30:55.306Z","s","l"
"0.53495000","5613.66921282","2024-05-21T19:30:55.306Z","s","l"
"0.53495000","480.33078718","2024-05-21T19:30:55.306Z","s","l"
"0.53490000","28669.45374000","2024-05-21T19:30:55.309Z","s","l"
"0.53491000","42.58073641","2024-05-21T19:30:56.146Z","b","m"
"0.53491000","59.65043186","2024-05-21T19:31:00.014Z","b","l"
"0.53490000","1658.00000000","2024-05-21T19:31:03.759Z","s","l"
"0.53536000","4669.71568630","2024-05-21T19:32:01.598Z","s","m"
"0.53524000","1400.00000000","2024-05-21T19:32:01.598Z","s","m"
"0.53523000","2000.00000000","2024-05-21T19:32:01.598Z","s","m"
"0.53521000","9341.97708245","2024-05-21T19:32:01.598Z","s","m"
"0.53520000","2847.23509525","2024-05-21T19:32:01.598Z","s","m"
"0.53518000","1087.50000000","2024-05-21T19:32:01.598Z","s","m"
"0.53513000","5050.00000000","2024-05-21T19:32:01.598Z","s","m"
"0.53512000","757.11866233","2024-05-21T19:32:01.598Z","s","m"
"0.53512000","1087.50000000","2024-05-21T19:32:01.598Z","s","m"
"0.53509000","1592.73711874","2024-05-21T19:32:01.598Z","s","m"
"0.53503000","1087.50000000","2024-05-21T19:32:01.598Z","s","m"
"0.53502000","9345.36169348","2024-05-21T19:32:01.598Z","s","m"
"0.53502000","36.23516623","2024-05-21T19:32:01.598Z","s","m"
"0.53501000","36.23516623","2024-05-21T19:32:01.598Z","s","m"
"0.53500000","36.23516623","2024-05-21T19:32:01.598Z","s","m"
"0.53498000","3480.00000000","2024-05-21T19:32:01.598Z","s","m"
"0.53497000","389.46897489","2024-05-21T19:32:01.598Z","s","m"
"0.53497000","1087.50000000","2024-05-21T19:32:01.598Z","s","m"
"0.53492000","467.59709327","2024-05-21T19:32:01.598Z","s","m"
"0.53491000","1087.50000000","2024-05-21T19:32:01.598Z","s","m"
"0.53491000","9227.00000000","2024-05-21T19:32:01.598Z","s","m"
"0.53491000","1087.50000000","2024-05-21T19:32:01.598Z","s","m"
"0.53490000","41510.08309460","2024-05-21T19:32:01.598Z","s","m"
"0.53530000","36.29572952","2024-05-21T19:32:27.877Z","b","l"
"0.53508000","373.29465760","2024-05-21T19:32:57.143Z","s","m"
"0.53508000","4672.15828445","2024-05-21T19:32:57.143Z","s","m"
"0.53497000","183.19152634","2024-05-21T19:32:57.143Z","s","m"
"0.53496000","9346.48300089","2024-05-21T19:32:57.143Z","s","m"
"0.53490000","59065.43568362","2024-05-21T19:32:57.143Z","s","m"
"0.53489000","58.89061303","2024-05-21T19:32:57.143Z","s","m"
"0.53489000","389.46897489","2024-05-21T19:32:57.143Z","s","m"
"0.53488000","101.06996681","2024-05-21T19:32:57.143Z","s","m"
"0.53487000","195.76609443","2024-05-21T19:32:57.143Z","s","m"
"0.53485000","132.36349992","2024-05-21T19:32:57.143Z","s","m"
"0.53485000","9348.33784018","2024-05-21T19:32:57.143Z","s","m"
"0.53483000","754.11816645","2024-05-21T19:32:57.143Z","s","m"
"0.53481000","5050.00000000","2024-05-21T19:32:57.143Z","s","m"
"0.53480000","3485.00000000","2024-05-21T19:32:57.143Z","s","m"
"0.53480000","1564.96686204","2024-05-21T19:32:57.143Z","s","m"
"0.53473000","2488.40000000","2024-05-21T19:32:57.143Z","s","m"
"0.53472000","47.50285828","2024-05-21T19:32:57.143Z","s","m"
"0.53463000","47.01675018","2024-05-21T19:32:57.143Z","s","m"
"0.53460000","93.56482689","2024-05-21T19:32:57.143Z","s","m"
"0.53460000","1316.19311844","2024-05-21T19:32:57.143Z","s","m"
"0.53465000","955.14941969","2024-05-21T19:33:03.178Z","s","l"
"0.53511000","38.97019000","2024-05-21T19:33:07.236Z","s","l"
"0.53517000","17.46340458","2024-05-21T19:33:14.960Z","b","m"
"0.53517000","64.70936841","2024-05-21T19:33:15.023Z","b","m"
"0.53441000","121.36202760","2024-05-21T19:34:11.163Z","s","l"
"0.53428000","28.34271324","2024-05-21T19:34:11.221Z","s","l"
"0.53427000","40.80883229","2024-05-21T19:34:11.222Z","s","l"
"0.53404000","30.21321466","2024-05-21T19:34:12.984Z","b","m"
"0.53409000","4680.85903000","2024-05-21T19:34:27.655Z","s","l"
"0.53404000","307.90276370","2024-05-21T19:34:41.100Z","b","l"
"0.53404000","6877.72593630","2024-05-21T19:34:41.100Z","b","l"
"0.53403000","0.02934288","2024-05-21T19:34:48.317Z","s","m"
"0.53438000","950.11359351","2024-05-21T19:35:03.987Z","b","m"
"0.53477000","161.68269770","2024-05-21T19:35:07.678Z","b","m"
"0.53569000","53.15694357","2024-05-21T19:35:22.981Z","b","l"
"0.53571000","30.67208719","2024-05-21T19:35:23.009Z","b","l"
"0.53599000","10.00000000","2024-05-21T19:35:27.527Z","b","l"
"0.53606000","56.78798435","2024-05-21T19:35:46.256Z","b","l"
"0.53640000","227.14422200","2024-05-21T19:35:49.707Z","s","m"
"0.53641000","36.31974678","2024-05-21T19:36:05.001Z","b","l"
"0.53645000","13.96056538","2024-05-21T19:36:06.235Z","b","l"
"0.53661000","56.79066680","2024-05-21T19:36:06.286Z","b","l"
"0.53662000","25.04526108","2024-05-21T19:36:06.357Z","b","l"
"0.53667000","57.74855163","2024-05-21T19:36:24.094Z","b","l"
"0.53677000","554.10226843","2024-05-21T19:36:30.988Z","s","m"
"0.53674000","376.91144120","2024-05-21T19:36:30.988Z","s","m"
"0.53678000","23.55787145","2024-05-21T19:36:31.412Z","b","m"
"0.53655000","611.10570310","2024-05-21T19:36:51.029Z","b","m"
"0.53668000","40.00446361","2024-05-21T19:37:18.042Z","b","l"
"0.53675000","38.09412825","2024-05-21T19:37:18.042Z","b","l"
"0.53680000","1087.50000000","2024-05-21T19:37:18.042Z","b","l"
"0.53681000","192.00382814","2024-05-21T19:37:18.042Z","b","l"
"0.53659000","481.63978349","2024-05-21T19:37:33.873Z","s","m"
"0.53646000","19.52653000","2024-05-21T19:37:38.161Z","s","m"
"0.53633000","27.96368450","2024-05-21T19:39:22.764Z","b","m"
"0.53605000","18.00000000","2024-05-21T19:40:09.165Z","s","l"
"0.53562000","10.00000000","2024-05-21T19:40:10.558Z","b","l"
"0.53621000","135.79667000","2024-05-21T19:41:24.352Z","b","l"
"0.53620000","18.00000000","2024-05-21T19:41:30.575Z","s","l"
"0.53577000","1.83889000","2024-05-21T19:41:34.039Z","b","l"
"0.53553000","19.00000000","2024-05-21T19:41:45.267Z","s","m"
"0.53541000","389.46897489","2024-05-21T19:42:06.160Z","s","m"
"0.53539000","1142.84976639","2024-05-21T19:42:06.160Z","s","m"
"0.53538000","173.99821000","2024-05-21T19:42:25.842Z","b","l"
"0.53543000","17.06405195","2024-05-21T19:42:48.704Z","b","m"
"0.53553000","17.64647125","2024-05-21T19:45:16.101Z","b","l"
"0.53569000","23.24165336","2024-05-21T19:45:18.275Z","b","l"
"0.53582000","54.98363092","2024-05-21T19:45:23.305Z","b","l"
"0.53609000","504.27791562","2024-05-21T19:45:48.156Z","s","m"
"0.53609000","1400.00000000","2024-05-21T19:45:48.156Z","s","m"
"0.53609000","4663.39607155","2024-05-21T19:45:48.156Z","s","m"
"0.53609000","3432.32601283","2024-05-21T19:45:48.156Z","s","m"
"0.53610000","43.72529662","2024-05-21T19:46:00.252Z","b","l"
"0.53611000","53.04459743","2024-05-21T19:46:01.049Z","b","l"
"0.53614000","17.05774639","2024-05-21T19:46:01.446Z","b","m"
"0.53614000","13.58751602","2024-05-21T19:46:05.012Z","b","l"
"0.53621000","490.61270000","2024-05-21T19:46:05.807Z","b","l"
"0.53649000","411.36693910","2024-05-21T19:46:17.201Z","b","l"
"0.53654000","114.42250000","2024-05-21T19:46:17.277Z","b","l"
"0.53655000","66.08567909","2024-05-21T19:46:17.287Z","b","l"
"0.53661000","23.21476130","2024-05-21T19:46:17.541Z","b","l"
"0.53681000","36.24796800","2024-05-21T19:46:25.334Z","b","l"
"0.53684000","62.27988788","2024-05-21T19:46:25.666Z","b","l"
"0.53686000","51.19485665","2024-05-21T19:46:25.666Z","b","l"
"0.53708000","17.56355683","2024-05-21T19:46:27.165Z","b","l"
"0.53739000","39.51371800","2024-05-21T19:46:27.517Z","b","m"
"0.53713000","233.81093112","2024-05-21T19:47:02.026Z","s","l"
"0.53714000","69.79314922","2024-05-21T19:47:13.388Z","b","m"
"0.53714000","103.47743573","2024-05-21T19:47:13.388Z","b","m"
"0.53683000","1616.28236987","2024-05-21T19:47:52.236Z","s","m"
"0.53694000","4656.01370730","2024-05-21T19:48:05.326Z","s","l"
"0.53694000","36.23516623","2024-05-21T19:48:05.326Z","s","l"
"0.53694000","1547.69537993","2024-05-21T19:48:05.326Z","s","l"
"0.53669000","73.52878209","2024-05-21T19:48:52.559Z","b","l"
"0.53710000","24.67531000","2024-05-21T19:49:42.854Z","s","l"
"0.53705000","4655.01037168","2024-05-21T19:51:18.720Z","s","l"
"0.53705000","1315.00000000","2024-05-21T19:51:18.720Z","s","l"
"0.53702000","541.74907000","2024-05-21T19:51:20.861Z","b","l"
"0.53702000","93.98823500","2024-05-21T19:52:57.164Z","s","m"
"0.53702000","111.00000000","2024-05-21T19:55:49.431Z","s","m"
"0.53703000","1000.00000000","2024-05-21T19:56:46.660Z","b","l"
"0.53702000","54.22000000","2024-05-21T19:57:43.154Z","s","m"
"0.53703000","117.00000000","2024-05-21T19:59:11.314Z","b","l"
"0.53692000","110.77368000","2024-05-21T19:59:58.679Z","s","l"
"0.53676000","36.23516623","2024-05-21T20:00:17.846Z","s","m"
"0.53674000","4.46091340","2024-05-21T20:00:17.846Z","s","m"
"0.53678000","37.25366017","2024-05-21T20:00:19.146Z","b","l"
"0.53703000","38.00000000","2024-05-21T20:01:15.499Z","b","l"
"0.53703000","38.00000000","2024-05-21T20:01:15.499Z","b","l"
"0.53703000","38.00000000","2024-05-21T20:01:15.500Z","b","l"
"0.53703000","30.06256000","2024-05-21T20:01:20.335Z","b","l"
"0.53703000","21321.89622687","2024-05-21T20:01:21.011Z","b","l"
"0.53718000","1474.00000000","2024-05-21T20:01:41.819Z","s","m"
"0.53719000","69.73414449","2024-05-21T20:01:49.177Z","b","l"
"0.53722000","88.31704740","2024-05-21T20:01:49.177Z","b","l"
"0.53723000","67.86991508","2024-05-21T20:01:49.217Z","b","l"
"0.53724000","30.64947917","2024-05-21T20:01:49.217Z","b","l"
"0.53741000","14.42028985","2024-05-21T20:02:24.919Z","s","m"
"0.53742000","19.48299905","2024-05-21T20:02:33.894Z","b","l"
"0.53747000","35.87432000","2024-05-21T20:03:42.576Z","b","l"
"0.53747000","37.49776322","2024-05-21T20:03:46.098Z","b","l"
"0.53753000","64.05096985","2024-05-21T20:03:49.019Z","b","l"
"0.53780000","536.38522000","2024-05-21T20:04:04.960Z","s","l"
"0.53781000","47.28034179","2024-05-21T20:04:06.926Z","b","l"
"0.53783000","19.61179000","2024-05-21T20:05:10.144Z","s","l"
"0.53784000","2214.27406370","2024-05-21T20:05:32.221Z","b","l"
"0.53784000","7086.72593630","2024-05-21T20:05:32.221Z","b","l"
"0.53784000","1087.50000000","2024-05-21T20:05:32.221Z","b","l"
"0.53785000","25.00164466","2024-05-21T20:05:42.093Z","b","l"
"0.53785000","130.49529534","2024-05-21T20:05:42.093Z","b","l"
"0.53789000","77.07891208","2024-05-21T20:05:56.881Z","b","m"
"0.53795000","38.03872890","2024-05-21T20:05:56.881Z","b","m"
"0.53800000","65.86541071","2024-05-21T20:05:56.881Z","b","m"
"0.53803000","1087.50000000","2024-05-21T20:05:56.881Z","b","m"
"0.53805000","609.55195340","2024-05-21T20:05:56.881Z","b","m"
"0.53805000","1400.00000000","2024-05-21T20:05:56.881Z","b","m"
"0.53807000","2005.27406370","2024-05-21T20:05:56.881Z","b","m"
"0.53807000","7295.72593630","2024-05-21T20:05:56.881Z","b","m"
"0.53808000","1580.90000000","2024-05-21T20:05:56.881Z","b","m"
"0.53809000","1087.50000000","2024-05-21T20:05:56.881Z","b","m"
"0.53810000","51.04918049","2024-05-21T20:05:56.881Z","b","m"
"0.53810000","1487.30676631","2024-05-21T20:05:56.881Z","b","m"
"0.53811000","21.26996315","2024-05-21T20:05:56.881Z","b","m"
"0.53814000","8218.86380358","2024-05-21T20:05:56.881Z","b","m"
"0.53817000","24.96672033","2024-05-21T20:06:26.221Z","b","l"
"0.53819000","34.23978325","2024-05-21T20:06:26.252Z","b","l"
"0.53832000","52.89148176","2024-05-21T20:06:26.940Z","b","l"
"0.53834000","58.45171594","2024-05-21T20:06:26.964Z","b","l"
"0.53823000","552.54773891","2024-05-21T20:06:53.200Z","b","m"
"0.53823000","1087.50000000","2024-05-21T20:06:53.200Z","b","m"
"0.53823000","1453.82208060","2024-05-21T20:06:53.200Z","b","m"
"0.53837000","552.40405207","2024-05-21T20:08:02.742Z","b","l"
"0.53838000","71.41162525","2024-05-21T20:08:02.742Z","b","l"
"0.53838000","334.33944022","2024-05-21T20:08:02.742Z","b","l"
"0.53845000","3.21126000","2024-05-21T20:08:26.867Z","s","l"
"0.53846000","21.23601601","2024-05-21T20:08:34.530Z","b","l"
"0.53857000","68.65612399","2024-05-21T20:08:34.530Z","b","l"
"0.53850000","3000.00000000","2024-05-21T20:08:51.509Z","s","l"
"0.53868000","62.10854556","2024-05-21T20:10:48.873Z","b","m"
"0.53869000","63.98042765","2024-05-21T20:10:48.873Z","b","m"
"0.53879000","121.19212077","2024-05-21T20:10:48.873Z","b","m"
"0.53882000","447.31199540","2024-05-21T20:10:48.873Z","b","m"
"0.53895000","13.88966281","2024-05-21T20:11:24.139Z","b","l"
"0.53895000","19.48299905","2024-05-21T20:11:24.139Z","b","l"
"0.53896000","21.26150874","2024-05-21T20:12:28.133Z","b","l"
"0.53901000","1.82784000","2024-05-21T20:12:37.037Z","b","l"
"0.53901000","45.07136830","2024-05-21T20:12:45.562Z","b","l"
"0.53905000","27.45765170","2024-05-21T20:12:45.562Z","b","l"
"0.53905000","10.47673569","2024-05-21T20:13:09.383Z","b","l"
"0.53908000","60.16638369","2024-05-21T20:13:10.168Z","b","l"
"0.53897000","54.63968309","2024-05-21T20:13:49.510Z","b","l"
"0.53896000","36.06451000","2024-05-21T20:14:01.157Z","s","m"
"0.53896000","371.08505269","2024-05-21T20:14:22.386Z","b","m"
"0.53896000","1022.52444477","2024-05-21T20:14:24.130Z","b","l"
"0.53898000","551.77885917","2024-05-21T20:14:47.591Z","b","l"
"0.53898000","316.76268083","2024-05-21T20:14:47.591Z","b","l"
"0.53904000","2394.15092800","2024-05-21T20:15:08.221Z","s","m"
"0.53897000","16.91533000","2024-05-21T20:15:18.614Z","b","l"
"0.53914000","23.14908337","2024-05-21T20:16:18.675Z","b","l"
"0.53915000","69.41456561","2024-05-21T20:16:18.675Z","b","l"
"0.53917000","62.10431654","2024-05-21T20:16:18.682Z","b","l"
"0.53919000","17.55650296","2024-05-21T20:16:20.133Z","b","l"
"0.53921000","11.96455414","2024-05-21T20:16:20.143Z","b","l"
"0.53923000","10.81531871","2024-05-21T20:16:20.143Z","b","l"
"0.53938000","40.75169993","2024-05-21T20:16:59.040Z","b","l"
"0.53953000","501.08045473","2024-05-21T20:16:59.040Z","b","l"
"0.53955000","52.74399455","2024-05-21T20:16:59.040Z","b","l"
"0.53957000","1400.00000000","2024-05-21T20:16:59.040Z","b","l"
"0.53958000","4861.70120380","2024-05-21T20:16:59.040Z","b","l"
"0.53959000","501.08045473","2024-05-21T20:16:59.040Z","b","l"
"0.53961000","342.45198310","2024-05-21T20:16:59.040Z","b","l"
"0.53961000","159.37925916","2024-05-21T20:16:59.040Z","b","l"
"0.53960000","19.73608953","2024-05-21T20:16:59.808Z","b","m"
"0.53965000","65.71312503","2024-05-21T20:17:27.001Z","b","l"
"0.53978000","147.21890000","2024-05-21T20:17:27.288Z","s","l"
"0.53967000","18.25600000","2024-05-21T20:18:28.035Z","b","l"
"0.53959000","104.91311275","2024-05-21T20:19:07.201Z","b","l"
"0.53977000","48.95975390","2024-05-21T20:20:02.929Z","b","l"
"0.53977000","550.97638697","2024-05-21T20:20:02.929Z","b","l"
"0.53977000","166.11002913","2024-05-21T20:20:02.929Z","b","l"
"0.53979000","18.25194000","2024-05-21T20:20:16.034Z","b","l"
"0.53990000","15.61290509","2024-05-21T20:22:37.780Z","b","l"
"0.53991000","163.87697798","2024-05-21T20:22:37.780Z","b","l"
"0.53998000","71.26109704","2024-05-21T20:22:37.780Z","b","l"
"0.53999000","30.53184198","2024-05-21T20:22:37.780Z","b","l"
"0.54000000","500.59783896","2024-05-21T20:22:37.780Z","b","l"
"0.54000000","1400.00000000","2024-05-21T20:22:37.780Z","b","l"
"0.54002000","1043.55169895","2024-05-21T20:22:37.780Z","b","l"
"0.54005000","585.18190000","2024-05-21T20:22:53.828Z","s","m"
"0.53991000","315.74432000","2024-05-21T20:23:38.863Z","b","l"
"0.53981000","49.61532000","2024-05-21T20:23:54.794Z","b","l"
"0.53978000","2.06521000","2024-05-21T20:24:10.276Z","b","l"
"0.53995000","47.09791000","2024-05-21T20:24:23.093Z","b","l"
"0.53991000","450.14951645","2024-05-21T20:24:47.098Z","b","l"
"0.53991000","119.13303355","2024-05-21T20:24:47.098Z","b","l"
"0.53992000","16.52203000","2024-05-21T20:24:49.970Z","b","l"
"0.53992000","236.42893000","2024-05-21T20:25:08.236Z","b","l"
"0.53977000","220.09272000","2024-05-21T20:25:39.626Z","b","l"
"0.53995000","2400.00000154","2024-05-21T20:26:06.464Z","s","l"
"0.53999000","39.72343249","2024-05-21T20:27:06.319Z","b","l"
"0.53999000","1087.50000000","2024-05-21T20:27:06.319Z","b","l"
"0.54000000","252.36973000","2024-05-21T20:27:06.319Z","b","l"
"0.54001000","58.19246238","2024-05-21T20:28:19.787Z","b","l"
"0.54013000","15.63834638","2024-05-21T20:28:30.327Z","b","l"
"0.54014000","24.95455967","2024-05-21T20:28:30.404Z","b","l"
"0.54015000","28.56096096","2024-05-21T20:28:30.565Z","b","l"
"0.54025000","458.75393200","2024-05-21T20:28:43.213Z","s","m"
"0.54025000","128.00000000","2024-05-21T20:28:52.645Z","s","l"
"0.54025000","3.00000000","2024-05-21T20:29:02.498Z","s","l"
"0.54026000","76.68899576","2024-05-21T20:29:50.850Z","b","l"
"0.54027000","41.57850819","2024-05-21T20:29:51.851Z","b","l"
"0.54033000","63.73817872","2024-05-21T20:29:56.779Z","b","l"
"0.54034000","41.59896969","2024-05-21T20:29:56.786Z","b","l"
"0.54036000","69.26704384","2024-05-21T20:29:56.786Z","b","l"
"0.54038000","25.63078000","2024-05-21T20:30:48.517Z","b","l"
"0.54037000","4626.45964801","2024-05-21T20:31:36.611Z","s","m"
"0.54037000","9252.91929603","2024-05-21T20:31:36.611Z","s","m"
"0.54037000","392.82037293","2024-05-21T20:31:36.611Z","s","m"
"0.54037000","752.04073140","2024-05-21T20:31:36.611Z","s","m"
"0.54037000","36.23516623","2024-05-21T20:31:36.611Z","s","m"
"0.54037000","36.23516623","2024-05-21T20:31:36.611Z","s","m"
"0.54037000","36.23516623","2024-05-21T20:31:36.611Z","s","m"
"0.54037000","1400.00000000","2024-05-21T20:31:36.611Z","s","m"
"0.54037000","1305.00000000","2024-05-21T20:31:36.611Z","s","m"
"0.54036000","5050.00000000","2024-05-21T20:31:36.611Z","s","m"
"0.54034000","2137.97917156","2024-05-21T20:31:36.611Z","s","m"
"0.54037000","172.48479000","2024-05-21T20:33:13.745Z","b","l"
"0.54037000","1460.73537000","2024-05-21T20:34:03.214Z","b","l"
"0.54037000","46.26202800","2024-05-21T20:34:24.176Z","s","m"
"0.54043000","877.59740000","2024-05-21T20:34:47.078Z","s","m"
"0.54038000","91.58182900","2024-05-21T20:35:02.329Z","s","m"
"0.54036000","1400.00000000","2024-05-21T20:35:47.393Z","b","m"
"0.54036000","449.76215312","2024-05-21T20:35:47.393Z","b","m"
"0.54036000","1672.50482148","2024-05-21T20:35:47.393Z","b","m"
"0.54054000","36.23516623","2024-05-21T20:37:44.199Z","s","m"
"0.54054000","8.62483377","2024-05-21T20:37:44.199Z","s","m"
"0.54055000","10.63459000","2024-05-21T20:39:07.532Z","b","l"
"0.54054000","44.79050516","2024-05-21T20:39:59.269Z","s","l"
"0.54055000","0.48276435","2024-05-21T20:40:12.710Z","b","l"
"0.54065000","54.00000000","2024-05-21T20:40:12.710Z","b","l"
"0.54066000","8.60196565","2024-05-21T20:40:12.710Z","b","l"
"0.54039000","35.75003000","2024-05-21T20:41:14.590Z","b","l"
"0.54035000","10.47743000","2024-05-21T20:42:00.214Z","s","l"
"0.54041000","4626.11720730","2024-05-21T20:43:49.104Z","s","m"
"0.54039000","291.88279270","2024-05-21T20:43:49.104Z","s","m"
"0.54036000","449.63983000","2024-05-21T20:45:26.647Z","b","l"
"0.54035000","20.00000000","2024-05-21T20:46:22.515Z","s","l"
"0.54036000","518.34315000","2024-05-21T20:46:25.313Z","b","l"
"0.54047000","85.99291000","2024-05-21T20:46:49.026Z","b","l"
"0.54035000","31.37766000","2024-05-21T20:47:36.137Z","s","l"
"0.54035000","31.37766000","2024-05-21T20:48:33.949Z","s","l"
"0.54035000","40.19729000","2024-05-21T20:48:41.952Z","s","l"
"0.54041000","1087.50000000","2024-05-21T20:48:57.603Z","s","l"
"0.54040000","4.81216000","2024-05-21T20:48:57.603Z","s","l"
"0.54035000","108.19700000","2024-05-21T20:50:26.718Z","s","l"
"0.54036000","47.00124000","2024-05-21T20:50:39.033Z","b","l"
"0.54036000","170.68808000","2024-05-21T20:52:41.308Z","b","l"
"0.54036000","97.13050000","2024-05-21T20:52:56.178Z","b","l"
"0.54036000","819.68142000","2024-05-21T20:53:31.679Z","b","l"
"0.54036000","1087.50000000","2024-05-21T20:53:31.679Z","b","l"
"0.54036000","1666.43940855","2024-05-21T20:53:31.679Z","b","l"
"0.54036000","1400.00000000","2024-05-21T20:53:31.679Z","b","l"
"0.54036000","213.94920145","2024-05-21T20:53:31.679Z","b","l"
"0.54036000","6.79159000","2024-05-21T20:53:55.630Z","b","l"
"0.54036000","12.13043156","2024-05-21T20:54:36.573Z","b","m"
"0.54036000","8.12116000","2024-05-21T20:54:53.050Z","b","l"
"0.54035000","1000.00000000","2024-05-21T20:55:22.128Z","s","m"
"0.54036000","4.43789000","2024-05-21T20:55:46.425Z","b","l"
"0.54035000","609.02530000","2024-05-21T20:56:10.860Z","s","l"
"0.54035000","0.00001495","2024-05-21T20:56:10.888Z","s","l"
"0.54025000","10.00000000","2024-05-21T20:56:10.984Z","s","l"
"0.53935000","1273.40000000","2024-05-21T20:57:57.545Z","b","l"
"0.53937000","4635.05249336","2024-05-21T20:57:57.545Z","b","l"
"0.53939000","967.58946032","2024-05-21T20:57:57.545Z","b","l"
"0.53941000","1087.50000000","2024-05-21T20:57:57.545Z","b","l"
"0.53942000","3070.85789350","2024-05-21T20:57:57.545Z","b","l"
"0.53946000","9278.31051844","2024-05-21T20:57:57.545Z","b","l"
"0.53947000","8262.24011939","2024-05-21T20:57:57.545Z","b","l"
"0.53947000","1038.75988061","2024-05-21T20:57:57.545Z","b","l"
"0.53947000","1087.50000000","2024-05-21T20:57:57.545Z","b","l"
"0.53949000","9268.13350245","2024-05-21T20:57:57.545Z","b","l"
"0.53950000","4685.31462678","2024-05-21T20:57:57.545Z","b","l"
"0.53950000","5889.63317000","2024-05-21T20:57:57.545Z","b","l"
"0.53952000","1529.15979957","2024-05-21T20:57:57.545Z","b","l"
"0.53952000","173.91342701","2024-05-21T20:57:57.545Z","b","l"
"0.53952000","1146.49447000","2024-05-21T20:57:57.545Z","b","l"
"0.53952000","2200.43230342","2024-05-21T20:57:57.545Z","b","l"
"0.53954000","1087.50000000","2024-05-21T20:57:57.545Z","b","l"
"0.53954000","3318.20833515","2024-05-21T20:57:57.545Z","b","l"
"0.53954000","5675.24879485","2024-05-21T20:57:57.545Z","b","l"
"0.53954000","36.23516623","2024-05-21T20:57:57.545Z","b","l"
"0.53955000","36.23516623","2024-05-21T20:57:57.545Z","b","l"
"0.53957000","2175.00000000","2024-05-21T20:57:57.545Z","b","l"
"0.53957000","3011.74580865","2024-05-21T20:57:57.545Z","b","l"
"0.53958000","4065.53506404","2024-05-21T20:57:57.545Z","b","l"
"0.53944000","724.48692000","2024-05-21T20:58:21.605Z","b","l"
"0.53917000","18.54014869","2024-05-21T20:58:43.839Z","b","l"
"0.53906000","1087.50000000","2024-05-21T20:58:49.303Z","b","l"
"0.53906000","1670.25750203","2024-05-21T20:58:49.303Z","b","l"
"0.53908000","1087.50000000","2024-05-21T20:58:49.303Z","b","l"
"0.53909000","1305.00000000","2024-05-21T20:58:49.303Z","b","l"
"0.53910000","1087.50000000","2024-05-21T20:58:49.303Z","b","l"
"0.53910000","4637.38831492","2024-05-21T20:58:49.303Z","b","l"
"0.53914000","1087.50000000","2024-05-21T20:58:49.303Z","b","l"
"0.53914000","9252.00000000","2024-05-21T20:58:49.303Z","b","l"
"0.53918000","1270.60000000","2024-05-21T20:58:49.303Z","b","l"
"0.53920000","1087.50000000","2024-05-21T20:58:49.303Z","b","l"
"0.53921000","2633.84513023","2024-05-21T20:58:49.303Z","b","l"
"0.53923000","9272.55287234","2024-05-21T20:58:49.303Z","b","l"
"0.53924000","1400.00000000","2024-05-21T20:58:49.303Z","b","l"
"0.53925000","36.23516623","2024-05-21T20:58:49.303Z","b","l"
"0.53926000","1087.50000000","2024-05-21T20:58:49.303Z","b","l"
"0.53926000","36.23516623","2024-05-21T20:58:49.303Z","b","l"
"0.53929000","36.23516623","2024-05-21T20:58:49.303Z","b","l"
"0.53930000","5889.63317000","2024-05-21T20:58:49.303Z","b","l"
"0.53931000","4878.02129126","2024-05-21T20:58:49.303Z","b","l"
"0.53931000","1749.31032916","2024-05-21T20:58:49.303Z","b","l"
"0.53931000","7492.68967084","2024-05-21T20:58:49.303Z","b","l"
"0.53931000","3011.74580865","2024-05-21T20:58:49.303Z","b","l"
"0.53934000","5050.00000000","2024-05-21T20:58:49.303Z","b","l"
"0.53935000","118.01260000","2024-05-21T20:58:49.303Z","b","l"
"0.53936000","486.03498000","2024-05-21T20:59:07.891Z","b","l"
"0.53955000","2.64587000","2024-05-21T20:59:40.292Z","b","l"
"0.53955000","16.74434931","2024-05-21T20:59:49.821Z","b","m"
"0.53956000","407.36446951","2024-05-21T20:59:49.821Z","b","m"
"0.53956000","172.74085000","2024-05-21T21:00:01.257Z","b","l"
"0.53936000","36.23516623","2024-05-21T21:00:23.639Z","b","l"
"0.53936000","36.23516623","2024-05-21T21:00:23.639Z","b","l"
"0.53936000","31.98570754","2024-05-21T21:00:23.639Z","b","l"
"0.53935000","462.65452661","2024-05-21T21:01:12.083Z","s","l"
"0.53935000","38.00000000","2024-05-21T21:03:16.438Z","s","l"
"0.53935000","38.00000000","2024-05-21T21:03:16.439Z","s","l"
"0.53935000","38.00000000","2024-05-21T21:03:16.439Z","s","l"
"0.53935000","1658.00000000","2024-05-21T21:03:16.439Z","s","l"
"0.53935000","49965.00000000","2024-05-21T21:03:16.612Z","s","l"
"0.53935000","49965.00000000","2024-05-21T21:03:20.175Z","s","l"
"0.53936000","36.23516623","2024-05-21T21:03:47.188Z","b","l"
"0.53936000","36.23516623","2024-05-21T21:03:47.188Z","b","l"
"0.53936000","36.23516623","2024-05-21T21:03:47.188Z","b","l"
"0.53936000","891.29450131","2024-05-21T21:03:47.188Z","b","l"
"0.53935000","1316.00685404","2024-05-21T21:03:51.119Z","s","l"
"0.53935000","500.00000000","2024-05-21T21:04:11.774Z","s","l"
"0.53935000","49965.00000000","2024-05-21T21:04:37.481Z","s","l"
"0.53935000","52660.00000000","2024-05-21T21:04:37.516Z","s","l"
"0.53935000","38.00000000","2024-05-21T21:04:37.519Z","s","l"
"0.53935000","38.00000000","2024-05-21T21:04:37.520Z","s","l"
"0.53935000","21420.00000000","2024-05-21T21:04:37.521Z","s","l"
"0.53935000","38.00000000","2024-05-21T21:04:37.525Z","s","l"
"0.53935000","27520.00000000","2024-05-21T21:04:37.540Z","s","l"
"0.53935000","1658.00000000","2024-05-21T21:04:37.599Z","s","l"
"0.53935000","1000.00000000","2024-05-21T21:04:37.618Z","s","l"
"0.53935000","80775.00000000","2024-05-21T21:04:37.631Z","s","l"
"0.53935000","32067.05000000","2024-05-21T21:04:37.856Z","s","l"
"0.53935000","7924.51090000","2024-05-21T21:04:38.086Z","s","l"
"0.53935000","3258.49440000","2024-05-21T21:04:38.175Z","s","l"
"0.53935000","2482.84120000","2024-05-21T21:04:38.253Z","s","l"
"0.53935000","5563.17917145","2024-05-21T21:04:38.360Z","s","l"
"0.53935000","3714.06675080","2024-05-21T21:04:38.384Z","s","l"
"0.53935000","4634.48017098","2024-05-21T21:04:38.514Z","s","l"
"0.53935000","5562.56026106","2024-05-21T21:04:38.667Z","s","l"
"0.53935000","38.00000000","2024-05-21T21:04:40.147Z","s","l"
"0.53935000","38.00000000","2024-05-21T21:04:40.147Z","s","l"
"0.53935000","38.00000000","2024-05-21T21:04:40.147Z","s","l"
"0.53935000","1658.00000000","2024-05-21T21:04:40.350Z","s","l"
"0.53936000","16.90749000","2024-05-21T21:04:41.080Z","b","l"
"0.53935000","1000.00000000","2024-05-21T21:04:41.444Z","s","l"
"0.53935000","49965.00000000","2024-05-21T21:04:41.691Z","s","l"
"0.53935000","38.00000000","2024-05-21T21:04:43.410Z","s","l"
"0.53935000","38.00000000","2024-05-21T21:04:43.410Z","s","l"
"0.53935000","1658.00000000","2024-05-21T21:04:43.410Z","s","l"
"0.53935000","38.00000000","2024-05-21T21:04:43.411Z","s","l"
"0.53935000","9463.58960000","2024-05-21T21:04:43.414Z","s","l"
"0.53935000","19726.82770000","2024-05-21T21:04:43.414Z","s","l"
"0.53935000","8000.00000000","2024-05-21T21:04:43.417Z","s","l"
"0.53935000","3000.00000000","2024-05-21T21:04:43.418Z","s","l"
"0.53935000","1000.00000000","2024-05-21T21:04:43.418Z","s","l"
"0.53935000","4619.73150000","2024-05-21T21:04:43.419Z","s","l"
"0.53935000","14298.05820000","2024-05-21T21:04:43.419Z","s","l"
"0.53935000","1087.50000000","2024-05-21T21:04:43.419Z","s","l"
"0.53935000","1087.50000000","2024-05-21T21:04:43.422Z","s","l"
"0.53935000","27.65750000","2024-05-21T21:04:43.422Z","s","l"
"0.53935000","27.03220000","2024-05-21T21:04:43.425Z","s","l"
"0.53935000","1087.50000000","2024-05-21T21:04:43.425Z","s","l"
"0.53935000","1087.50000000","2024-05-21T21:04:43.425Z","s","l"
"0.53935000","51865.44000000","2024-05-21T21:04:43.427Z","s","l"
"0.53935000","20.27430000","2024-05-21T21:04:43.430Z","s","l"
"0.53935000","1087.50000000","2024-05-21T21:04:43.439Z","s","l"
"0.53935000","40.54880000","2024-05-21T21:04:43.440Z","s","l"
"0.53935000","35.32270000","2024-05-21T21:04:43.451Z","s","l"
"0.53935000","109.96470000","2024-05-21T21:04:43.452Z","s","l"
"0.53935000","1087.50000000","2024-05-21T21:04:43.455Z","s","l"
"0.53935000","112.37000000","2024-05-21T21:04:43.455Z","s","l"
"0.53935000","1087.50000000","2024-05-21T21:04:43.473Z","s","l"
"0.53935000","102.39700000","2024-05-21T21:04:43.477Z","s","l"
"0.53935000","1087.50000000","2024-05-21T21:04:43.477Z","s","l"
"0.53935000","101.57550000","2024-05-21T21:04:43.477Z","s","l"
"0.53935000","347.00250000","2024-05-21T21:04:43.482Z","s","l"
"0.53935000","33.23220000","2024-05-21T21:04:43.486Z","s","l"
"0.53935000","16.61610000","2024-05-21T21:04:43.486Z","s","l"
"0.53935000","58.18550000","2024-05-21T21:04:43.487Z","s","l"
"0.53935000","1400.00000000","2024-05-21T21:04:43.490Z","s","l"
"0.53935000","58.18600000","2024-05-21T21:04:43.495Z","s","l"
"0.53935000","4635.41580799","2024-05-21T21:04:43.506Z","s","l"
"0.53935000","29.07910000","2024-05-21T21:04:43.514Z","s","l"
"0.53935000","170.88000000","2024-05-21T21:04:43.515Z","s","l"
"0.53935000","91.39220000","2024-05-21T21:04:43.517Z","s","l"
"0.53935000","496.30830000","2024-05-21T21:04:43.631Z","s","l"
"0.53935000","20.77310000","2024-05-21T21:04:43.645Z","s","l"
"0.53935000","18505.00000000","2024-05-21T21:04:43.655Z","s","l"
"0.53935000","42.11020000","2024-05-21T21:04:43.656Z","s","l"
"0.53935000","14.54840000","2024-05-21T21:04:43.659Z","s","l"
"0.53935000","33.80130000","2024-05-21T21:04:43.665Z","s","l"
"0.53935000","33.19070000","2024-05-21T21:04:43.683Z","s","l"
"0.53935000","27.65180000","2024-05-21T21:04:43.700Z","s","l"
"0.53935000","102.90770000","2024-05-21T21:04:43.704Z","s","l"
"0.53935000","2175.00000000","2024-05-21T21:04:43.709Z","s","l"
"0.53935000","11.29360000","2024-05-21T21:04:43.709Z","s","l"
"0.53935000","105.84810000","2024-05-21T21:04:43.709Z","s","l"
"0.53935000","173.54700000","2024-05-21T21:04:43.712Z","s","l"
"0.53935000","1087.50000000","2024-05-21T21:04:43.713Z","s","l"
"0.53935000","101.60900000","2024-05-21T21:04:43.713Z","s","l"
"0.53935000","13.83470000","2024-05-21T21:04:43.714Z","s","l"
"0.53935000","1087.50000000","2024-05-21T21:04:43.718Z","s","l"
"0.53935000","13.18410000","2024-05-21T21:04:43.720Z","s","l"
"0.53935000","20.77570000","2024-05-21T21:04:43.725Z","s","l"
"0.53935000","16.62060000","2024-05-21T21:04:43.725Z","s","l"
"0.53935000","18505.00000000","2024-05-21T21:04:43.836Z","s","l"
"0.53935000","30.84310000","2024-05-21T21:04:43.843Z","s","l"
"0.53935000","4636.41446479","2024-05-21T21:04:43.874Z","s","l"
"0.53935000","9270.55706012","2024-05-21T21:04:43.874Z","s","l"
"0.53935000","526.47000000","2024-05-21T21:04:43.889Z","s","l"
"0.53935000","21.12510000","2024-05-21T21:04:44.034Z","s","l"
"0.53935000","15.91020000","2024-05-21T21:04:44.034Z","s","l"
"0.53935000","14.51240000","2024-05-21T21:04:44.040Z","s","l"
"0.53935000","4636.41446479","2024-05-21T21:04:44.170Z","s","l"
"0.53935000","26728.81104773","2024-05-21T21:04:44.174Z","s","l"
"0.53895000","1532.73568976","2024-05-21T21:04:44.184Z","s","l"
"0.53891000","20.00000000","2024-05-21T21:05:40.114Z","s","l"
"0.53899000","69.96697000","2024-05-21T21:06:43.960Z","b","l"
"0.53868000","182.89554000","2024-05-21T21:09:04.034Z","b","l"
"0.53854000","270.93701000","2024-05-21T21:09:16.678Z","s","l"
"0.53864000","36.23516623","2024-05-21T21:09:25.337Z","b","m"
"0.53864000","36.23516623","2024-05-21T21:09:25.337Z","b","m"
"0.53864000","36.23516623","2024-05-21T21:09:25.337Z","b","m"
"0.53864000","260.65418495","2024-05-21T21:09:25.337Z","b","m"