"price","volume","time","side","orderType"
"9.55000000","0.27500000","2024-05-25T19:21:29.916Z","buy",
"9.55000000","0.11300000","2024-05-25T19:21:26.884Z","buy",
"9.55000000","19.23200000","2024-05-25T19:17:25.418Z","buy",
"9.55000000","2.53800000","2024-05-25T19:01:30.668Z","buy",
"9.54000000","0.96900000","2024-05-25T18:23:09.764Z","buy",
"9.55000000","0.75500000","2024-05-25T18:19:34.240Z","buy",
"9.54000000","16.21800000","2024-05-25T18:12:33.499Z","buy",
"9.54000000","81.51400000","2024-05-25T18:04:56.406Z","sell",
"9.54000000","44.98300000","2024-05-25T18:04:52.347Z","sell",
"9.54000000","38.66300000","2024-05-25T18:04:52.347Z","sell",
"9.54000000","4.01500000","2024-05-25T18:04:21.375Z","sell",
"9.54000000","18.62500000","2024-05-25T18:03:18.179Z","sell",
"9.54000000","8.30000000","2024-05-25T18:03:18.179Z","sell",
"9.54000000","57.41200000","2024-05-25T18:03:18.179Z","sell",
"9.54000000","83.88800000","2024-05-25T18:03:16.861Z","sell",
"9.54000000","84.18700000","2024-05-25T18:02:57.829Z","sell",
"9.54000000","83.86000000","2024-05-25T18:02:56.524Z","sell",
"9.52000000","84.05300000","2024-05-25T18:01:46.747Z","sell",
"9.49000000","20.12300000","2024-05-25T17:48:42.455Z","buy",
"9.50000000","115.00900000","2024-05-25T17:38:42.080Z","buy",
"9.51000000","18.69700000","2024-05-25T17:06:49.639Z","buy",
"9.51000000","4.05600000","2024-05-25T17:06:01.476Z","sell",
"9.50000000","213.03400000","2024-05-25T16:57:23.684Z","buy",
"9.51000000","0.19200000","2024-05-25T16:52:23.925Z","buy",
"9.55000000","27.45700000","2024-05-25T16:20:53.988Z","sell",
"9.55000000","30.57300000","2024-05-25T16:20:53.988Z","sell",
"9.55000000","57.50400000","2024-05-25T16:15:44.939Z","sell",
"9.55000000","83.48900000","2024-05-25T16:15:43.131Z","sell",
"9.55000000","83.53300000","2024-05-25T16:13:16.161Z","sell",
"9.54000000","35.82400000","2024-05-25T16:11:33.944Z","sell",
"9.54000000","38.44400000","2024-05-25T16:11:32.412Z","sell",
"9.54000000","84.22800000","2024-05-25T16:11:30.343Z","sell",
"9.54000000","84.27800000","2024-05-25T16:11:27.270Z","sell",
"9.55000000","78.56800000","2024-05-25T16:08:32.683Z","sell",
"9.55000000","75.39100000","2024-05-25T16:08:30.182Z","sell",
"9.55000000","8.30000000","2024-05-25T16:08:30.182Z","sell",
"9.54000000","83.74700000","2024-05-25T16:06:05.977Z","sell",
"9.54000000","84.14900000","2024-05-25T16:06:04.471Z","sell",
"9.54000000","44.42700000","2024-05-25T16:05:47.494Z","sell",
"9.54000000","39.49900000","2024-05-25T16:05:47.494Z","sell",
"9.52000000","16.70000000","2024-05-25T16:04:07.074Z","buy",
"9.52000000","8.30000000","2024-05-25T16:04:07.074Z","buy",
"9.51000000","5.00000000","2024-05-25T15:50:19.197Z","buy",
"9.52000000","1.24400000","2024-05-25T15:48:12.902Z","buy",
"9.52000000","5.93300000","2024-05-25T15:48:12.897Z","buy",
"9.52000000","3.58800000","2024-05-25T15:48:12.897Z","buy",
"9.54000000","32.00000000","2024-05-25T15:40:40.123Z","sell",
"9.52000000","0.00300000","2024-05-25T15:37:37.179Z","buy",
"9.50000000","0.12700000","2024-05-25T15:30:53.435Z","buy",
"9.51000000","6.69000000","2024-05-25T15:19:35.740Z","sell",
"9.52000000","6.43100000","2024-05-25T15:17:33.575Z","sell",
"9.50000000","30.88000000","2024-05-25T15:15:18.342Z","buy",
"9.50000000","8.30000000","2024-05-25T15:15:18.342Z","buy",
"9.50000000","36.31700000","2024-05-25T15:15:18.342Z","buy",
"9.50000000","31.63000000","2024-05-25T15:15:18.342Z","buy",
"9.50000000","3.62500000","2024-05-25T15:15:18.342Z","buy",
"9.50000000","309.34700000","2024-05-25T15:15:18.342Z","buy",
"9.51000000","183.62000000","2024-05-25T15:11:17.500Z","buy",
"9.52000000","31.50700000","2024-05-25T15:11:17.500Z","buy",
"9.52000000","309.34700000","2024-05-25T15:11:17.500Z","buy",
"9.55000000","14.18100000","2024-05-25T15:06:42.314Z","sell",
"9.54000000","39.58900000","2024-05-25T15:06:42.314Z","sell",
"9.54000000","9.90000000","2024-05-25T15:04:57.381Z","sell",
"9.54000000","18.60100000","2024-05-25T15:04:57.380Z","sell",
"9.53000000","8.30000000","2024-05-25T15:04:57.133Z","sell",
"9.45000000","0.30300000","2024-05-25T14:47:50.016Z","buy",
"9.46000000","7.06800000","2024-05-25T14:46:02.851Z","buy",
"9.47000000","20.00000000","2024-05-25T14:38:08.162Z","sell",
"9.49000000","0.27700000","2024-05-25T14:09:51.125Z","sell",
"9.48000000","8.68700000","2024-05-25T14:06:57.985Z","sell",
"9.48000000","32.35000000","2024-05-25T14:06:18.508Z","sell",
"9.46000000","0.10500000","2024-05-25T14:03:08.178Z","sell",
"9.46000000","0.10600000","2024-05-25T14:02:19.209Z","sell",
"9.44000000","2.99400000","2024-05-25T14:01:14.092Z","buy",
"9.44000000","309.34700000","2024-05-25T14:01:14.092Z","buy",
"9.44000000","3.66100000","2024-05-25T14:01:14.092Z","buy",
"9.46000000","0.10500000","2024-05-25T13:45:06.377Z","sell",
"9.43000000","0.10600000","2024-05-25T13:39:17.205Z","buy",
"9.49000000","0.08400000","2024-05-25T13:31:12.906Z","buy",
"9.49000000","0.12700000","2024-05-25T12:43:09.203Z","buy",
"9.52000000","0.20000000","2024-05-25T12:42:38.221Z","buy",
"9.55000000","5.94800000","2024-05-25T12:19:56.885Z","buy",
"9.56000000","8.30000000","2024-05-25T12:16:39.647Z","buy",
"9.55000000","0.10400000","2024-05-25T12:08:14.774Z","sell",
"9.55000000","3.91500000","2024-05-25T12:04:45.007Z","sell",
"9.55000000","8.30000000","2024-05-25T12:04:45.007Z","sell",
"9.56000000","0.12600000","2024-05-25T11:59:03.654Z","buy",
"9.64000000","0.20000000","2024-05-25T11:28:50.689Z","sell",
"9.62000000","1.10500000","2024-05-25T11:16:33.786Z","sell",
"9.62000000","6.96800000","2024-05-25T11:16:33.783Z","sell",
"9.62000000","4.03600000","2024-05-25T11:16:33.783Z","sell",
"9.61000000","83.85900000","2024-05-25T11:07:53.046Z","sell",
"9.60000000","4.07700000","2024-05-25T10:59:42.989Z","sell",
"9.60000000","4.11800000","2024-05-25T10:59:42.909Z","sell",
"9.60000000","8.30000000","2024-05-25T10:59:42.909Z","sell",
"9.58000000","2.43000000","2024-05-25T10:56:39.371Z","sell",
"9.54000000","4.16000000","2024-05-25T10:49:20.135Z","sell",
"9.54000000","4.20200000","2024-05-25T10:49:20.057Z","sell",
"9.55000000","50.58500000","2024-05-25T10:47:59.179Z","buy",
"9.51000000","0.10500000","2024-05-25T10:46:13.295Z","sell",
"9.52000000","0.20000000","2024-05-25T10:46:04.692Z","buy",
"9.54000000","31.08200000","2024-05-25T10:45:58.691Z","buy",
"9.55000000","45.67700000","2024-05-25T10:45:36.446Z","buy",
"9.55000000","4.24500000","2024-05-25T10:45:21.202Z","sell",
"9.53000000","6.67500000","2024-05-25T10:43:34.775Z","buy",
"9.56000000","33.38800000","2024-05-25T10:25:19.183Z","buy",
"9.56000000","149.58100000","2024-05-25T10:23:20.864Z","buy",
"9.56000000","0.19400000","2024-05-25T10:22:36.406Z","buy",
"9.60000000","3.32400000","2024-05-25T10:20:44.452Z","buy",
"9.61000000","7.08200000","2024-05-25T10:20:44.354Z","buy",
"9.60000000","49.70800000","2024-05-25T10:20:44.330Z","buy",
"9.60000000","8.30000000","2024-05-25T10:20:44.330Z","buy",
"9.60000000","82.83700000","2024-05-25T10:20:44.330Z","buy",
"9.60000000","14.60200000","2024-05-25T10:20:44.330Z","buy",
"9.60000000","61.24600000","2024-05-25T10:20:44.330Z","buy",
"9.61000000","3.65100000","2024-05-25T10:20:44.301Z","buy",
"9.61000000","7.30100000","2024-05-25T10:20:44.301Z","buy",
"9.61000000","31.15000000","2024-05-25T10:20:44.301Z","buy",
"9.63000000","9.80900000","2024-05-25T09:58:07.423Z","sell",
"9.62000000","20.83400000","2024-05-25T09:45:27.519Z","sell",
"9.61000000","32.14000000","2024-05-25T09:32:01.564Z","buy",
"9.61000000","28.66900000","2024-05-25T09:32:01.419Z","buy",
"9.62000000","20.24100000","2024-05-25T09:29:37.644Z","sell",
"9.62000000","7.35200000","2024-05-25T09:29:37.388Z","sell",
"9.62000000","8.30000000","2024-05-25T09:29:37.388Z","sell",
"9.61000000","12.34800000","2024-05-25T09:29:37.388Z","sell",
"9.61000000","8.30000000","2024-05-25T09:29:19.076Z","sell",
"9.61000000","11.80300000","2024-05-25T09:29:19.076Z","sell",
"9.61000000","30.78500000","2024-05-25T09:29:19.073Z","sell",
"9.61000000","40.90000000","2024-05-25T09:29:19.066Z","sell",
"9.60000000","8.01200000","2024-05-25T09:29:18.919Z","sell",
"9.60000000","8.30000000","2024-05-25T09:29:18.919Z","sell",
"9.60000000","4.00600000","2024-05-25T09:29:18.919Z","sell",
"9.57000000","0.85000000","2024-05-25T09:28:54.577Z","buy",
"9.55000000","0.00800000","2024-05-25T09:20:03.904Z","buy",
"9.57000000","0.00100000","2024-05-25T09:16:41.036Z","sell",
"9.57000000","0.10300000","2024-05-25T09:16:41.009Z","sell",
"9.57000000","30.41100000","2024-05-25T08:26:27.164Z","sell",
"9.56000000","20.50200000","2024-05-25T08:13:56.730Z","buy",
"9.61000000","1.00000000","2024-05-25T07:49:17.921Z","buy",
"9.65000000","55.00000000","2024-05-25T07:23:45.615Z","sell",
"9.60000000","0.12500000","2024-05-25T07:11:36.657Z","buy",
"9.63000000","20.17600000","2024-05-25T06:51:36.864Z","sell",
"9.65000000","20.53600000","2024-05-25T06:32:36.384Z","buy",
"9.68000000","14.53600000","2024-05-25T06:12:10.870Z","buy",
"9.74000000","3.05300000","2024-05-25T06:04:02.817Z","sell",
"9.69000000","8.26200000","2024-05-25T06:00:01.918Z","sell",
"9.69000000","3.44500000","2024-05-25T06:00:01.907Z","sell",
"9.69000000","0.77000000","2024-05-25T06:00:01.904Z","sell",
"9.69000000","1.01500000","2024-05-25T06:00:01.844Z","sell",
"9.69000000","8.43000000","2024-05-25T06:00:01.844Z","sell",
"9.69000000","1.07400000","2024-05-25T05:51:14.267Z","buy",
"9.65000000","1.98800000","2024-05-25T05:39:28.283Z","buy",
"9.65000000","6.81900000","2024-05-25T05:39:28.283Z","buy",
"9.66000000","8.30000000","2024-05-25T05:39:28.283Z","buy",
"9.71000000","8.30000000","2024-05-25T05:39:26.406Z","buy",
"9.71000000","10.70900000","2024-05-25T05:39:26.406Z","buy",
"9.71000000","30.29900000","2024-05-25T05:39:26.402Z","buy",
"9.71000000","41.47300000","2024-05-25T05:39:26.397Z","buy",
"9.72000000","61.79800000","2024-05-25T05:39:26.223Z","buy",
"9.72000000","7.33200000","2024-05-25T05:39:26.223Z","buy",
"9.72000000","14.66400000","2024-05-25T05:39:26.223Z","buy",
"9.72000000","31.28800000","2024-05-25T05:39:26.223Z","buy",
"9.73000000","3.66600000","2024-05-25T05:39:26.223Z","buy",
"9.73000000","30.57800000","2024-05-25T05:39:26.223Z","buy",
"9.71000000","0.54000000","2024-05-25T05:25:19.133Z","sell",
"9.69000000","9.88700000","2024-05-25T05:23:43.723Z","buy",
"9.70000000","11.43600000","2024-05-25T05:11:12.024Z","sell",
"9.68000000","3.77900000","2024-05-25T05:08:52.547Z","buy",
"9.68000000","7.55900000","2024-05-25T05:08:52.547Z","buy",
"9.68000000","0.09700000","2024-05-25T05:04:02.550Z","buy",
"9.65000000","3.89700000","2024-05-25T05:01:57.642Z","buy",
"9.65000000","7.79500000","2024-05-25T05:01:57.642Z","buy",
"9.66000000","51.82500000","2024-05-25T05:01:57.587Z","buy",
"9.66000000","31.34300000","2024-05-25T05:01:57.569Z","buy",
"9.70000000","7.90900000","2024-05-25T04:51:04.831Z","buy",
"9.70000000","3.93700000","2024-05-25T04:51:04.831Z","buy",
"9.69000000","15.81600000","2024-05-25T04:50:37.663Z","sell",
"9.68000000","7.75000000","2024-05-25T04:50:37.657Z","sell",
"9.68000000","3.95400000","2024-05-25T04:50:37.657Z","sell",
"9.68000000","5.09400000","2024-05-25T04:50:37.563Z","sell",
"9.68000000","7.90800000","2024-05-25T04:50:37.563Z","sell",
"9.68000000","82.78400000","2024-05-25T04:50:37.563Z","sell",
"9.68000000","30.39000000","2024-05-25T04:50:37.563Z","sell",
"9.67000000","30.97300000","2024-05-25T04:50:37.563Z","sell",
"9.67000000","41.85100000","2024-05-25T04:50:37.563Z","sell",
"9.66000000","0.71300000","2024-05-25T04:42:42.885Z","sell",
"9.66000000","8.30000000","2024-05-25T04:42:42.885Z","sell",
"9.66000000","41.35200000","2024-05-25T04:42:42.885Z","sell",
"9.65000000","0.87800000","2024-05-25T04:42:42.885Z","sell",
"9.63000000","1.02800000","2024-05-25T04:40:38.414Z","buy",
"9.63000000","0.10300000","2024-05-25T04:17:03.238Z","sell",
"9.64000000","8.56600000","2024-05-25T04:15:27.543Z","sell",
"9.64000000","4.63400000","2024-05-25T04:15:27.543Z","sell",
"9.64000000","3.66600000","2024-05-25T04:15:27.540Z","sell",
"9.64000000","0.20000000","2024-05-25T04:15:27.540Z","sell",
"9.63000000","13.71600000","2024-05-25T04:04:05.357Z","sell",
"9.59000000","5.00000000","2024-05-25T03:46:08.628Z","buy",
"9.59000000","0.88900000","2024-05-25T03:45:36.517Z","buy",
"9.59000000","8.30000000","2024-05-25T03:45:36.517Z","buy",
"9.60000000","20.81100000","2024-05-25T03:45:36.517Z","buy",
"9.60000000","29.40000000","2024-05-25T03:22:42.259Z","sell",
"9.60000000","10.13000000","2024-05-25T03:22:42.233Z","sell",
"9.57000000","0.62600000","2024-05-25T03:21:07.378Z","buy",
"9.52000000","4.81100000","2024-05-25T03:01:15.114Z","buy",
"9.54000000","251.03800000","2024-05-25T02:28:23.208Z","sell",
"9.55000000","4.27400000","2024-05-25T02:27:28.987Z","buy",
"9.55000000","8.30000000","2024-05-25T02:27:28.982Z","buy",
"9.55000000","8.30000000","2024-05-25T02:27:07.854Z","buy",
"9.59000000","10.27400000","2024-05-25T02:14:59.195Z","buy",
"9.54000000","2.44000000","2024-05-25T02:00:30.053Z","sell",
"9.54000000","8.06800000","2024-05-25T01:53:46.549Z","sell",
"9.54000000","12.91600000","2024-05-25T01:53:03.888Z","sell",
"9.51000000","10.03100000","2024-05-25T01:41:07.199Z","sell",
"9.49000000","98.14000000","2024-05-25T01:40:29.081Z","sell",
"9.47000000","0.12700000","2024-05-25T01:38:09.654Z","buy",
"9.49000000","0.10500000","2024-05-25T01:38:07.398Z","sell",
"9.50000000","12.93100000","2024-05-25T01:06:35.598Z","sell",
"9.53000000","2.75500000","2024-05-25T00:50:48.209Z","sell",
"9.52000000","3.32800000","2024-05-25T00:35:47.262Z","sell",
"9.52000000","0.54000000","2024-05-25T00:35:47.262Z","sell",
"9.52000000","0.20000000","2024-05-25T00:35:47.262Z","sell",
"9.46000000","3.66400000","2024-05-25T00:25:22.131Z","buy",
"9.46000000","4.63600000","2024-05-25T00:25:22.128Z","buy",
"9.49000000","4.10300000","2024-05-25T00:21:37.735Z","sell",
"9.46000000","36.92800000","2024-05-25T00:20:11.549Z","buy",
"9.47000000","16.70000000","2024-05-25T00:12:25.849Z","buy",
"9.47000000","8.30000000","2024-05-25T00:12:25.849Z","buy",
"9.48000000","1.15300000","2024-05-25T00:10:04.374Z","buy",
"9.49000000","10.43200000","2024-05-25T00:09:18.245Z","sell",
"9.44000000","0.00100000","2024-05-24T23:34:26.955Z","sell",
"9.44000000","0.10400000","2024-05-24T23:34:26.929Z","sell",
"9.41000000","7.02600000","2024-05-24T23:32:57.788Z","buy",
"9.41000000","1.06300000","2024-05-24T23:32:57.788Z","buy",
"9.44000000","71.53100000","2024-05-24T23:31:21.751Z","sell",
"9.43000000","17.65300000","2024-05-24T23:29:41.406Z","buy",
"9.44000000","8.30000000","2024-05-24T23:17:34.970Z","buy",
"9.46000000","0.00200000","2024-05-24T22:50:27.209Z","sell",
"9.46000000","2.62600000","2024-05-24T22:50:27.180Z","sell",
"9.46000000","0.00100000","2024-05-24T22:21:52.797Z","sell",
"9.46000000","0.12600000","2024-05-24T22:21:52.773Z","sell",
"9.46000000","2.53400000","2024-05-24T22:21:52.748Z","sell",
"9.46000000","3.99400000","2024-05-24T22:21:52.748Z","sell",
"9.46000000","309.34700000","2024-05-24T22:21:52.748Z","sell",
"9.44000000","1.06000000","2024-05-24T22:11:15.855Z","buy",
"9.46000000","6.30900000","2024-05-24T22:01:56.913Z","buy",
"9.48000000","27.04700000","2024-05-24T21:56:51.497Z","sell",
"9.48000000","25.22200000","2024-05-24T21:56:51.497Z","sell",
"9.48000000","55.61400000","2024-05-24T21:48:22.209Z","sell",
"9.51000000","1.00000000","2024-05-24T21:38:52.344Z","sell",
"9.51000000","52.36600000","2024-05-24T21:35:23.932Z","sell",
"9.47000000","0.00100000","2024-05-24T21:28:59.370Z","sell",
"9.47000000","2.09400000","2024-05-24T21:28:59.347Z","sell",
"9.48000000","1.05500000","2024-05-24T21:24:28.563Z","buy",
"9.49000000","10.53800000","2024-05-24T21:19:43.084Z","sell",
"9.49000000","52.76400000","2024-05-24T21:17:06.651Z","sell",
"9.47000000","2.90700000","2024-05-24T21:16:49.140Z","sell",
"9.47000000","18.40000000","2024-05-24T21:16:32.855Z","sell",
"9.47000000","0.30700000","2024-05-24T21:16:32.843Z","sell",
"9.47000000","4.03400000","2024-05-24T21:16:32.843Z","sell",
"9.47000000","9.00000000","2024-05-24T21:16:32.831Z","sell",
"9.44000000","8.30000000","2024-05-24T21:15:01.000Z","buy",
"9.44000000","8.30000000","2024-05-24T21:15:00.987Z","buy",
"9.46000000","23.85000000","2024-05-24T21:14:17.874Z","buy",
"9.42000000","1.05100000","2024-05-24T20:48:02.260Z","sell",
"9.43000000","11.04700000","2024-05-24T20:46:05.194Z","sell",
"9.42000000","0.30600000","2024-05-24T20:41:56.584Z","sell",
"9.42000000","0.57300000","2024-05-24T20:41:32.397Z","sell",
"9.39000000","2.86900000","2024-05-24T20:33:28.831Z","buy",
"9.39000000","0.31900000","2024-05-24T20:32:35.151Z","buy",
"9.43000000","10.91000000","2024-05-24T20:24:22.586Z","sell",
"9.41000000","31.32400000","2024-05-24T20:20:45.953Z","buy",
"9.41000000","24.11300000","2024-05-24T20:15:24.902Z","sell",
"9.41000000","31.00000000","2024-05-24T20:14:22.036Z","sell",
"9.41000000","1.00000000","2024-05-24T20:13:25.244Z","buy",
"9.44000000","34.09700000","2024-05-24T20:10:05.239Z","sell",
"9.43000000","40.60000000","2024-05-24T20:10:05.239Z","sell",
"9.43000000","16.42500000","2024-05-24T20:08:27.620Z","sell",
"9.41000000","31.80000000","2024-05-24T20:07:15.655Z","sell",
"9.39000000","178.66600000","2024-05-24T20:06:02.994Z","buy",
"9.39000000","30.70400000","2024-05-24T20:04:26.950Z","sell",
"9.39000000","38.13900000","2024-05-24T19:55:58.923Z","sell",
"9.39000000","52.66900000","2024-05-24T19:53:48.736Z","sell",
"9.35000000","1.38900000","2024-05-24T19:47:14.247Z","buy",
"9.35000000","0.14600000","2024-05-24T19:46:53.843Z","buy",
"9.35000000","5.55000000","2024-05-24T19:46:22.309Z","buy",
"9.37000000","1.40700000","2024-05-24T19:42:30.605Z","sell",
"9.41000000","267.76200000","2024-05-24T18:57:54.540Z","buy",
"9.39000000","21.17500000","2024-05-24T18:50:11.885Z","buy",
"9.42000000","3.97400000","2024-05-24T18:45:48.216Z","sell",
"9.41000000","206.54200000","2024-05-24T18:36:44.749Z","sell",
"9.40000000","28.00000000","2024-05-24T18:35:15.115Z","buy",
"9.47000000","10.32000000","2024-05-24T18:27:13.293Z","sell",
"9.44000000","0.05300000","2024-05-24T18:26:00.042Z","buy",
"9.46000000","14.23400000","2024-05-24T18:24:20.588Z","sell",
"9.46000000","9.31100000","2024-05-24T18:24:20.571Z","sell",
"9.44000000","20.36800000","2024-05-24T18:23:18.702Z","buy",
"9.47000000","0.00100000","2024-05-24T18:12:45.856Z","sell",
"9.47000000","21.29700000","2024-05-24T18:12:45.345Z","sell",
"9.45000000","1.11000000","2024-05-24T18:10:31.881Z","buy",
"9.46000000","7.33300000","2024-05-24T18:07:00.604Z","sell",
"9.41000000","8.30000000","2024-05-24T18:02:00.866Z","sell",
"9.41000000","4.07500000","2024-05-24T18:02:00.866Z","sell",
"9.41000000","31.48700000","2024-05-24T18:02:00.866Z","sell",
"9.38000000","0.01600000","2024-05-24T17:53:50.753Z","buy",
"9.32000000","298.51500000","2024-05-24T17:18:26.238Z","buy",
"9.33000000","3.82400000","2024-05-24T17:18:26.238Z","buy",
"9.33000000","3.49600000","2024-05-24T17:18:26.238Z","buy",
"9.33000000","309.34700000","2024-05-24T17:18:26.238Z","buy",
"9.33000000","31.87100000","2024-05-24T17:18:26.238Z","buy",
"9.34000000","2.94600000","2024-05-24T17:04:32.772Z","buy",
"9.34000000","0.00100000","2024-05-24T17:03:17.886Z","sell",
"9.34000000","26.10000000","2024-05-24T17:03:17.848Z","sell",
"9.34000000","8.49700000","2024-05-24T17:03:17.651Z","sell",
"9.34000000","26.10000000","2024-05-24T17:03:17.646Z","sell",
"9.34000000","31.60000000","2024-05-24T17:03:06.082Z","sell",
"9.34000000","8.30000000","2024-05-24T17:03:05.273Z","sell",
"9.34000000","8.30000000","2024-05-24T17:03:05.268Z","sell",
"9.34000000","8.30000000","2024-05-24T17:03:05.263Z","sell",
"9.34000000","8.30000000","2024-05-24T17:03:05.258Z","sell",
"9.34000000","37.07800000","2024-05-24T17:03:03.802Z","sell",
"9.34000000","0.95500000","2024-05-24T17:02:42.266Z","sell",
"9.34000000","5.58900000","2024-05-24T17:02:41.179Z","sell",
"9.34000000","144.48900000","2024-05-24T17:02:39.674Z","sell",
"9.34000000","144.48900000","2024-05-24T17:02:38.151Z","sell",
"9.34000000","144.47400000","2024-05-24T17:02:36.650Z","sell",
"9.34000000","144.48800000","2024-05-24T17:02:34.933Z","sell",
"9.34000000","144.48800000","2024-05-24T17:02:33.424Z","sell",
"9.34000000","144.49100000","2024-05-24T17:02:31.869Z","sell",
"9.34000000","20.25100000","2024-05-24T17:02:31.820Z","sell",
"9.34000000","84.00000000","2024-05-24T17:02:31.810Z","sell",
"9.34000000","144.50700000","2024-05-24T17:01:52.134Z","sell",
"9.34000000","10.15500000","2024-05-24T16:52:14.976Z","sell",
"9.34000000","0.00100000","2024-05-24T16:49:09.294Z","sell",
"9.34000000","0.00800000","2024-05-24T16:49:09.263Z","sell",
"9.34000000","20.35900000","2024-05-24T16:49:09.236Z","sell",
"9.34000000","4.69300000","2024-05-24T16:49:02.475Z","sell",
"9.32000000","32.62000000","2024-05-24T16:45:09.705Z","buy",
"9.33000000","13.34200000","2024-05-24T16:44:26.602Z","buy",
"9.32000000","32.20000000","2024-05-24T16:14:53.075Z","buy",
"9.34000000","32.44100000","2024-05-24T16:06:49.483Z","buy",
"9.38000000","0.10600000","2024-05-24T16:05:34.581Z","sell",
"9.38000000","31.89500000","2024-05-24T16:05:24.279Z","buy",
"9.40000000","10.98900000","2024-05-24T16:01:46.164Z","sell",
"9.36000000","0.39500000","2024-05-24T15:59:05.013Z","buy",
"9.36000000","0.37700000","2024-05-24T15:57:26.873Z","buy",
"9.39000000","10.44600000","2024-05-24T15:51:20.180Z","sell",
"9.37000000","0.00300000","2024-05-24T15:40:51.021Z","sell",
"9.40000000","0.03500000","2024-05-24T15:37:32.396Z","sell",
"9.40000000","0.04800000","2024-05-24T15:36:15.627Z","buy",
"9.40000000","42.79600000","2024-05-24T15:32:09.462Z","buy",
"9.38000000","30.35200000","2024-05-24T15:23:38.531Z","buy",
"9.42000000","5.66000000","2024-05-24T15:18:16.007Z","buy",
"9.42000000","8.30000000","2024-05-24T15:18:16.007Z","buy",
"9.47000000","12.00000000","2024-05-24T15:12:50.839Z","buy",
"9.49000000","0.52600000","2024-05-24T15:05:26.063Z","buy",
"9.49000000","1.68200000","2024-05-24T15:04:14.467Z","buy",
"9.49000000","0.11900000","2024-05-24T15:01:25.968Z","buy",
"9.47000000","0.23700000","2024-05-24T14:33:25.991Z","buy",
"9.42000000","12.05500000","2024-05-24T14:24:39.863Z","sell",
"9.38000000","29.14900000","2024-05-24T14:18:18.650Z","sell",
"9.34000000","0.00100000","2024-05-24T14:00:04.198Z","sell",
"9.34000000","0.88800000","2024-05-24T14:00:04.171Z","sell",
"9.34000000","22.80000000","2024-05-24T13:56:52.277Z","sell",
"9.42000000","0.50000000","2024-05-24T13:25:37.482Z","buy",
"9.44000000","10.48700000","2024-05-24T13:23:09.027Z","sell",
"9.45000000","1.51100000","2024-05-24T13:20:11.454Z","sell",
"9.44000000","6.82000000","2024-05-24T13:17:07.545Z","sell",
"9.40000000","21.24600000","2024-05-24T13:10:40.339Z","buy",
"9.42000000","0.76700000","2024-05-24T13:08:29.996Z","sell",
"9.44000000","4.15300000","2024-05-24T13:01:24.816Z","sell",
"9.43000000","0.08100000","2024-05-24T12:54:05.313Z","buy",
"9.43000000","28.10000000","2024-05-24T12:43:33.434Z","sell",
"9.41000000","3.56100000","2024-05-24T12:34:04.566Z","buy",
"9.43000000","20.00000000","2024-05-24T12:24:41.765Z","buy",
"9.43000000","0.13200000","2024-05-24T12:23:10.028Z","buy",
"9.43000000","4.01600000","2024-05-24T12:21:48.506Z","sell",
"9.47000000","11.81600000","2024-05-24T12:17:50.558Z","sell",
"9.47000000","8.30000000","2024-05-24T12:17:50.558Z","sell",
"9.47000000","0.81400000","2024-05-24T12:17:50.558Z","sell",
"9.40000000","56.10300000","2024-05-24T11:30:47.269Z","sell",
"9.41000000","9.41200000","2024-05-24T11:07:58.770Z","sell",
"9.41000000","8.30000000","2024-05-24T11:07:58.770Z","sell",
"9.44000000","8.30000000","2024-05-24T10:44:46.119Z","buy",
"9.44000000","38.55300000","2024-05-24T10:44:46.119Z","buy",
"9.44000000","36.26700000","2024-05-24T10:44:46.119Z","buy",
"9.43000000","0.54000000","2024-05-24T10:43:43.674Z","sell",
"9.42000000","32.50500000","2024-05-24T10:43:16.443Z","sell",
"9.41000000","0.03500000","2024-05-24T10:41:40.415Z","sell",
"9.40000000","20.64800000","2024-05-24T10:29:48.312Z","sell",
"9.36000000","0.04800000","2024-05-24T10:24:31.133Z","buy",
"9.38000000","20.11200000","2024-05-24T10:06:29.762Z","buy",
"9.39000000","0.20000000","2024-05-24T10:03:33.918Z","sell",
"9.35000000","12.30000000","2024-05-24T10:00:35.283Z","buy",
"9.35000000","309.34700000","2024-05-24T10:00:35.283Z","buy",
"9.33000000","19.21300000","2024-05-24T09:50:48.500Z","sell",
"9.32000000","2.50400000","2024-05-24T09:43:42.181Z","buy",
"9.28000000","3.58200000","2024-05-24T09:22:35.122Z","buy",
"9.29000000","8.96900000","2024-05-24T09:10:17.494Z","buy",
"9.30000000","21.53100000","2024-05-24T09:10:17.411Z","buy",
"9.32000000","32.30000000","2024-05-24T09:08:59.237Z","buy",
"9.32000000","24.35200000","2024-05-24T09:08:59.234Z","buy",
"9.32000000","31.94600000","2024-05-24T09:08:59.190Z","buy",
"9.33000000","24.20800000","2024-05-24T08:57:08.098Z","sell",
"9.33000000","8.30000000","2024-05-24T08:57:08.098Z","sell",
"9.33000000","8.30000000","2024-05-24T08:57:08.086Z","sell",
"9.29000000","0.75400000","2024-05-24T08:51:07.726Z","sell",
"9.27000000","0.20000000","2024-05-24T08:50:25.471Z","sell",
"9.25000000","3.01400000","2024-05-24T08:41:54.175Z","buy",
"9.22000000","1.29900000","2024-05-24T08:38:22.738Z","buy",
"9.21000000","5.81600000","2024-05-24T08:34:23.001Z","sell",
"9.15000000","8.30000000","2024-05-24T08:29:50.278Z","buy",
"9.15000000","2.18200000","2024-05-24T08:28:07.788Z","buy",
"9.15000000","47.07300000","2024-05-24T08:27:22.803Z","buy",
"9.14000000","132.05300000","2024-05-24T08:27:15.616Z","buy",
"9.14000000","5.60900000","2024-05-24T08:27:15.616Z","buy",
"9.15000000","30.13800000","2024-05-24T08:27:15.616Z","buy",
"9.15000000","0.20000000","2024-05-24T08:27:15.616Z","buy",
"9.18000000","32.70000000","2024-05-24T08:26:47.342Z","buy",
"9.18000000","36.50000000","2024-05-24T08:26:20.668Z","buy",
"9.20000000","33.30700000","2024-05-24T08:25:56.823Z","buy",
"9.25000000","0.35600000","2024-05-24T08:21:17.725Z","buy",
"9.25000000","33.10000000","2024-05-24T08:21:17.725Z","buy",
"9.25000000","7.43900000","2024-05-24T08:21:17.659Z","buy",
"9.25000000","32.05000000","2024-05-24T08:21:17.656Z","buy",
"9.25000000","32.77000000","2024-05-24T08:21:17.653Z","buy",
"9.26000000","49.97300000","2024-05-24T08:18:21.838Z","sell",
"9.26000000","8.30000000","2024-05-24T08:18:21.838Z","sell",
"9.25000000","309.34700000","2024-05-24T08:18:21.838Z","sell",
"9.25000000","32.37600000","2024-05-24T08:18:21.838Z","sell",
"9.29000000","3.40800000","2024-05-24T08:12:54.466Z","sell",
"9.31000000","7.53000000","2024-05-24T08:12:13.116Z","sell",
"9.32000000","169.18000000","2024-05-24T07:59:25.133Z","buy",
"9.33000000","215.32300000","2024-05-24T07:59:25.133Z","buy",
"9.33000000","7.61300000","2024-05-24T07:56:04.351Z","sell",
"9.33000000","8.30000000","2024-05-24T07:56:04.347Z","sell",
"9.33000000","8.30000000","2024-05-24T07:56:04.342Z","sell",
"9.33000000","8.30000000","2024-05-24T07:56:04.337Z","sell",
"9.26000000","7.00000000","2024-05-24T07:43:02.982Z","buy",
"9.28000000","14.74400000","2024-05-24T07:37:19.597Z","buy",
"9.29000000","33.00000000","2024-05-24T07:34:16.617Z","buy",
"9.31000000","0.00800000","2024-05-24T07:31:48.459Z","sell",
"9.31000000","20.10400000","2024-05-24T07:31:48.428Z","sell",
"9.30000000","3.98200000","2024-05-24T07:22:45.350Z","sell",
"9.28000000","4.84400000","2024-05-24T07:22:40.978Z","buy",
"9.27000000","0.20000000","2024-05-24T07:22:34.133Z","sell",
"9.24000000","0.10800000","2024-05-24T07:20:17.102Z","buy",
"9.26000000","2.16000000","2024-05-24T07:19:15.100Z","buy",
"9.26000000","4.10500000","2024-05-24T07:18:49.178Z","sell",
"9.26000000","8.20900000","2024-05-24T07:18:49.178Z","sell",
"9.17000000","0.56600000","2024-05-24T07:08:06.799Z","sell",
"9.15000000","0.20000000","2024-05-24T07:07:53.294Z","buy",
"9.15000000","10.00000000","2024-05-24T07:07:53.294Z","buy",
"9.20000000","8.30000000","2024-05-24T07:04:37.637Z","buy",
"9.27000000","18.87000000","2024-05-24T06:49:25.266Z","sell",
"9.21000000","18.69000000","2024-05-24T06:47:01.581Z","buy",
"9.21000000","15.70100000","2024-05-24T06:47:01.578Z","buy",
"9.21000000","15.90000000","2024-05-24T06:47:01.573Z","buy",
"9.22000000","0.00900000","2024-05-24T06:47:01.562Z","buy",
"9.22000000","8.29100000","2024-05-24T06:47:01.562Z","buy",
"9.22000000","12.17100000","2024-05-24T06:47:01.562Z","buy",
"9.22000000","9.50600000","2024-05-24T06:47:01.559Z","buy",
"9.26000000","5.44300000","2024-05-24T06:46:38.682Z","buy",
"9.27000000","0.20000000","2024-05-24T06:41:14.391Z","buy",
"9.30000000","0.00100000","2024-05-24T06:41:05.237Z","buy",
"9.30000000","0.56400000","2024-05-24T06:41:05.085Z","buy",
"9.31000000","10.00000000","2024-05-24T06:38:14.790Z","buy",
"9.34000000","0.00100000","2024-05-24T06:33:58.058Z","sell",
"9.34000000","0.10500000","2024-05-24T06:33:58.032Z","sell",
"9.33000000","0.10700000","2024-05-24T06:32:27.214Z","sell",
"9.33000000","1.57300000","2024-05-24T06:29:09.971Z","buy",
"9.32000000","0.56400000","2024-05-24T06:27:47.493Z","buy",
"9.32000000","0.11500000","2024-05-24T06:27:47.493Z","buy",
"9.34000000","0.56300000","2024-05-24T06:27:33.537Z","sell",
"9.34000000","0.56100000","2024-05-24T06:27:32.053Z","sell",
"9.34000000","0.56000000","2024-05-24T06:27:30.545Z","sell",
"9.34000000","0.55900000","2024-05-24T06:27:29.349Z","sell",
"9.35000000","0.55800000","2024-05-24T06:27:27.402Z","sell",
"9.35000000","0.51200000","2024-05-24T06:27:25.932Z","sell",
"9.34000000","0.04500000","2024-05-24T06:27:25.932Z","sell",
"9.34000000","0.55500000","2024-05-24T06:27:23.953Z","sell",
"9.34000000","0.55400000","2024-05-24T06:27:22.596Z","sell",
"9.34000000","0.55300000","2024-05-24T06:27:21.392Z","sell",
"9.34000000","0.55100000","2024-05-24T06:27:19.999Z","sell",
"9.34000000","0.55000000","2024-05-24T06:27:18.555Z","sell",
"9.34000000","0.54900000","2024-05-24T06:27:17.352Z","sell",
"9.35000000","25.00000000","2024-05-24T06:25:08.612Z","buy",
"9.37000000","7.77100000","2024-05-24T06:22:38.582Z","buy",
"9.38000000","10.11700000","2024-05-24T06:21:39.485Z","buy",
"9.38000000","0.13400000","2024-05-24T06:03:22.075Z","buy",
"9.39000000","25.00000000","2024-05-24T06:03:15.638Z","buy",
"9.44000000","0.57200000","2024-05-24T05:53:12.603Z","buy",
"9.46000000","36.12900000","2024-05-24T05:45:21.570Z","buy",
"9.46000000","0.57100000","2024-05-24T05:45:21.570Z","buy",
"9.47000000","8.30000000","2024-05-24T05:45:21.570Z","buy",
"9.48000000","18.29100000","2024-05-24T05:45:21.419Z","buy",
"9.48000000","30.89900000","2024-05-24T05:45:21.419Z","buy",
"9.48000000","7.01800000","2024-05-24T05:45:21.419Z","buy",
"9.48000000","3.50900000","2024-05-24T05:45:21.419Z","buy",
"9.49000000","8.30000000","2024-05-24T05:45:21.419Z","buy",
"9.48000000","0.57000000","2024-05-24T05:43:00.657Z","buy",
"9.49000000","1.81300000","2024-05-24T05:40:51.200Z","buy",
"9.47000000","32.19200000","2024-05-24T05:37:48.828Z","buy",
"9.50000000","0.56800000","2024-05-24T05:37:40.642Z","sell",
"9.48000000","4.43100000","2024-05-24T05:37:27.455Z","buy",
"9.52000000","0.56700000","2024-05-24T05:37:07.935Z","buy",
"9.52000000","8.60000000","2024-05-24T05:37:07.935Z","buy",
"9.52000000","8.30000000","2024-05-24T05:36:18.363Z","buy",
"9.52000000","8.10000000","2024-05-24T05:36:18.359Z","buy",
"9.52000000","0.20000000","2024-05-24T05:36:18.359Z","buy",
"9.54000000","0.00100000","2024-05-24T05:32:09.501Z","buy",
"9.54000000","0.56500000","2024-05-24T05:32:09.394Z","buy",
"9.55000000","3.54400000","2024-05-24T05:29:16.408Z","buy",
"9.55000000","8.30000000","2024-05-24T05:29:16.408Z","buy",
"9.56000000","0.56500000","2024-05-24T05:29:05.747Z","buy",
"9.56000000","0.10000000","2024-05-24T05:29:05.747Z","buy",
"9.56000000","8.30000000","2024-05-24T05:29:05.732Z","buy",
"9.56000000","8.30000000","2024-05-24T05:29:05.712Z","buy",
"9.56000000","8.30000000","2024-05-24T05:29:05.674Z","buy",
"9.58000000","0.56400000","2024-05-24T05:22:58.109Z","buy",
"9.59000000","0.54800000","2024-05-24T05:20:49.949Z","buy",
"9.60000000","25.10300000","2024-05-24T05:20:13.255Z","buy",
"9.62000000","2.00000000","2024-05-24T05:16:39.886Z","sell",
"9.61000000","1.45400000","2024-05-24T05:15:10.023Z","buy",
"9.61000000","5.19200000","2024-05-24T05:14:19.673Z","buy",
"9.64000000","13.36600000","2024-05-24T05:13:24.712Z","sell",
"9.64000000","13.38500000","2024-05-24T05:10:42.181Z","sell",
"9.64000000","0.20000000","2024-05-24T05:03:36.212Z","buy",
"9.68000000","0.00200000","2024-05-24T04:59:12.926Z","sell",
"9.68000000","4.99800000","2024-05-24T04:59:12.903Z","sell",
"9.69000000","20.23700000","2024-05-24T04:58:35.713Z","sell",
"9.69000000","30.84700000","2024-05-24T04:58:35.713Z","sell",
"9.69000000","0.10200000","2024-05-24T04:58:27.363Z","sell",
"9.70000000","0.00900000","2024-05-24T04:57:56.411Z","sell",
"9.70000000","19.99000000","2024-05-24T04:57:56.386Z","sell",
"9.68000000","91.70000000","2024-05-24T04:57:30.946Z","buy",
"9.68000000","8.30000000","2024-05-24T04:57:30.946Z","buy",
"9.71000000","1.50000000","2024-05-24T04:50:15.023Z","buy",
"9.75000000","4.03200000","2024-05-24T04:43:52.306Z","sell",
"9.74000000","32.00300000","2024-05-24T04:39:51.853Z","buy",
"9.72000000","31.40000000","2024-05-24T04:31:03.429Z","buy",
"9.72000000","19.90000000","2024-05-24T04:31:03.409Z","buy",
"9.73000000","28.36600000","2024-05-24T04:30:22.029Z","buy",
"9.73000000","0.10400000","2024-05-24T04:28:07.503Z","buy",
"9.76000000","0.20000000","2024-05-24T04:24:49.351Z","sell",
"9.69000000","0.29000000","2024-05-24T04:09:52.716Z","buy",
"9.70000000","31.26800000","2024-05-24T04:02:00.068Z","sell",
"9.70000000","8.31400000","2024-05-24T04:02:00.068Z","sell",
"9.70000000","4.15700000","2024-05-24T04:02:00.068Z","sell",
"9.70000000","309.34700000","2024-05-24T04:02:00.068Z","sell",
"9.70000000","16.03600000","2024-05-24T04:02:00.068Z","sell",
"9.69000000","0.20600000","2024-05-24T04:00:00.778Z","buy",
"9.70000000","3.48400000","2024-05-24T03:53:33.771Z","buy",
"9.70000000","6.96800000","2024-05-24T03:53:33.771Z","buy",
"9.73000000","16.03600000","2024-05-24T03:48:54.449Z","buy",
"9.74000000","3.41800000","2024-05-24T03:48:12.586Z","buy",
"9.65000000","11.94300000","2024-05-24T03:41:09.621Z","buy",
"9.65000000","4.09300000","2024-05-24T03:41:09.490Z","sell",
"9.63000000","0.86900000","2024-05-24T03:35:59.976Z","sell",
"9.64000000","2.43500000","2024-05-24T03:29:54.578Z","buy",
"9.63000000","21.60000000","2024-05-24T03:28:07.289Z","buy",
"9.63000000","13.80000000","2024-05-24T03:28:07.287Z","buy",
"9.63000000","12.00000000","2024-05-24T03:28:07.286Z","buy",
"9.63000000","30.50500000","2024-05-24T03:28:07.285Z","buy",
"9.63000000","30.80000000","2024-05-24T03:28:07.278Z","buy",
"9.62000000","0.88200000","2024-05-24T03:20:39.310Z","buy",
"9.63000000","6.01700000","2024-05-24T03:19:47.440Z","buy",
"9.63000000","12.40000000","2024-05-24T03:19:32.680Z","buy",
"9.63000000","5.73900000","2024-05-24T03:19:32.673Z","buy",
"9.64000000","12.80000000","2024-05-24T03:19:16.379Z","buy",
"9.64000000","31.28500000","2024-05-24T03:19:16.326Z","buy",
"9.64000000","20.60000000","2024-05-24T03:19:16.312Z","buy",
"9.64000000","6.71900000","2024-05-24T03:19:16.310Z","buy",
"9.66000000","13.72300000","2024-05-24T03:17:55.174Z","sell",
"9.65000000","9.76900000","2024-05-24T03:16:15.495Z","sell",
"9.64000000","10.77000000","2024-05-24T03:16:15.495Z","sell",
"9.64000000","0.21500000","2024-05-24T03:15:37.857Z","sell",
"9.64000000","8.30000000","2024-05-24T03:15:37.857Z","sell",
"9.64000000","8.30000000","2024-05-24T03:14:02.010Z","sell",
"9.62000000","1.83500000","2024-05-24T03:13:12.364Z","sell",
"9.62000000","40.92700000","2024-05-24T03:13:12.364Z","sell",
"9.62000000","13.29100000","2024-05-24T02:58:18.259Z","buy",
"9.61000000","262.74700000","2024-05-24T02:42:15.266Z","buy",
"9.60000000","63.51200000","2024-05-24T02:39:06.493Z","buy",
"9.60000000","63.30900000","2024-05-24T02:38:58.381Z","buy",
"9.60000000","63.11400000","2024-05-24T02:38:56.777Z","buy",
"9.59000000","62.00000000","2024-05-24T02:37:45.173Z","buy",
"9.59000000","58.00000000","2024-05-24T02:37:45.170Z","buy",
"9.59000000","71.13800000","2024-05-24T02:37:45.164Z","buy",
"9.59000000","8.30000000","2024-05-24T02:37:45.164Z","buy",
"9.60000000","0.56200000","2024-05-24T02:37:45.164Z","buy",
"9.61000000","3.47800000","2024-05-24T02:37:42.160Z","buy",
"9.61000000","0.54700000","2024-05-24T02:37:42.160Z","buy",
"9.64000000","0.10900000","2024-05-24T02:33:11.807Z","sell",
"9.61000000","87.17100000","2024-05-24T02:32:29.583Z","buy",
"9.61000000","5.49500000","2024-05-24T02:32:29.583Z","buy",
"9.62000000","0.56100000","2024-05-24T02:31:56.746Z","buy",
"9.63000000","0.54600000","2024-05-24T02:31:56.643Z","buy",
"9.63000000","78.00000000","2024-05-24T02:31:03.382Z","buy",
"9.63000000","32.49000000","2024-05-24T02:31:03.295Z","buy",
"9.63000000","18.87100000","2024-05-24T02:31:03.291Z","buy",
"9.63000000","8.30000000","2024-05-24T02:31:03.291Z","buy",
"9.63000000","3.63500000","2024-05-24T02:31:03.291Z","buy",
"9.64000000","3.51300000","2024-05-24T02:31:03.102Z","buy",
"9.64000000","31.40300000","2024-05-24T02:31:03.102Z","buy",
"9.64000000","0.56000000","2024-05-24T02:31:03.102Z","buy",
"9.64000000","0.20000000","2024-05-24T02:31:03.102Z","buy",
"9.65000000","0.54500000","2024-05-24T02:31:03.102Z","buy",
"9.66000000","9.54100000","2024-05-24T02:26:50.229Z","buy",
"9.66000000","0.55900000","2024-05-24T02:26:50.229Z","buy",
"9.67000000","19.82900000","2024-05-24T02:23:11.382Z","buy",
"9.67000000","0.54300000","2024-05-24T02:23:11.382Z","buy",
"9.69000000","7.05000000","2024-05-24T02:21:34.107Z","buy",
"9.73000000","3.59800000","2024-05-24T02:20:25.154Z","sell",
"9.73000000","14.00000000","2024-05-24T02:16:59.458Z","buy",
"9.73000000","13.97000000","2024-05-24T02:16:59.454Z","buy",
"9.74000000","45.93000000","2024-05-24T02:13:42.221Z","buy",
"9.75000000","3.51200000","2024-05-24T02:13:42.221Z","buy",
"9.75000000","20.55800000","2024-05-24T02:13:42.221Z","buy",
"9.76000000","3.54700000","2024-05-24T02:13:42.155Z","buy",
"9.76000000","8.30000000","2024-05-24T02:13:42.071Z","buy",
"9.76000000","3.58300000","2024-05-24T02:13:42.071Z","buy",
"9.76000000","30.72800000","2024-05-24T02:13:42.071Z","buy",
"9.79000000","2.83200000","2024-05-24T02:12:27.919Z","sell",
"9.82000000","9.20200000","2024-05-24T02:10:54.843Z","sell",
"9.82000000","21.92200000","2024-05-24T02:10:15.152Z","sell",
"9.82000000","8.30000000","2024-05-24T02:10:15.152Z","sell",
"9.80000000","1.04400000","2024-05-24T02:09:24.218Z","sell",
"9.78000000","12.20000000","2024-05-24T02:07:54.211Z","buy",
"9.78000000","31.30000000","2024-05-24T02:07:54.184Z","buy",
"9.78000000","7.18700000","2024-05-24T02:07:54.181Z","buy",
"9.78000000","8.30000000","2024-05-24T02:07:54.181Z","buy",
"9.83000000","12.39500000","2024-05-24T02:05:08.062Z","buy",
"9.85000000","15.00000000","2024-05-24T02:01:30.548Z","sell",
"9.87000000","48.08700000","2024-05-24T01:59:42.472Z","sell",
"9.87000000","30.35200000","2024-05-24T01:59:42.472Z","sell",
"9.87000000","8.30000000","2024-05-24T01:59:42.472Z","sell",
"9.87000000","40.72200000","2024-05-24T01:59:42.472Z","sell",
"9.86000000","5.62900000","2024-05-24T01:59:10.726Z","sell",
"9.86000000","44.60500000","2024-05-24T01:59:10.726Z","sell",
"9.82000000","1.68000000","2024-05-24T01:56:10.301Z","buy",
"9.83000000","13.20000000","2024-05-24T01:55:51.222Z","buy",
"9.83000000","0.69600000","2024-05-24T01:55:51.221Z","buy",
"9.82000000","95.75400000","2024-05-24T01:52:59.983Z","sell",
"9.80000000","230.37600000","2024-05-24T01:48:42.590Z","sell",
"9.80000000","30.33900000","2024-05-24T01:48:42.590Z","sell",
"9.79000000","15.28900000","2024-05-24T01:47:55.223Z","buy",
"9.79000000","8.30000000","2024-05-24T01:47:55.223Z","buy",
"9.80000000","13.50000000","2024-05-24T01:47:42.194Z","buy",
"9.81000000","3.83300000","2024-05-24T01:47:42.194Z","buy",
"9.81000000","7.66700000","2024-05-24T01:47:42.194Z","buy",
"9.81000000","13.40000000","2024-05-24T01:47:39.083Z","sell",
"9.81000000","16.10000000","2024-05-24T01:47:39.082Z","sell",
"9.81000000","11.11600000","2024-05-24T01:47:39.081Z","sell",
"9.81000000","9.05200000","2024-05-24T01:47:39.078Z","sell",
"9.81000000","16.66200000","2024-05-24T01:47:39.071Z","sell",
"9.80000000","15.92700000","2024-05-24T01:47:38.909Z","sell",
"9.80000000","7.96400000","2024-05-24T01:47:38.909Z","sell",
"9.79000000","3.98200000","2024-05-24T01:47:38.889Z","sell",
"9.73000000","171.75400000","2024-05-24T01:28:50.400Z","sell",
"9.72000000","18.60600000","2024-05-24T01:28:50.400Z","sell",
"9.72000000","309.34700000","2024-05-24T01:28:50.400Z","sell",
"9.69000000","95.00000000","2024-05-24T01:24:59.753Z","buy",
"9.69000000","16.31500000","2024-05-24T01:24:48.209Z","buy",
"9.67000000","3.34900000","2024-05-24T01:19:37.602Z","buy",
"9.68000000","0.55800000","2024-05-24T01:19:37.602Z","buy",
"9.70000000","9.63700000","2024-05-24T01:15:06.427Z","buy",
"9.69000000","0.00100000","2024-05-24T01:10:28.743Z","sell",
"9.69000000","0.55400000","2024-05-24T01:10:28.721Z","sell",
"9.68000000","0.14500000","2024-05-24T01:09:19.150Z","buy",
"9.70000000","14.66700000","2024-05-24T01:07:46.727Z","sell",
"9.70000000","0.10300000","2024-05-24T01:07:25.533Z","sell",
"9.69000000","8.30000000","2024-05-24T01:07:00.846Z","buy",
"9.69000000","0.54200000","2024-05-24T01:06:04.135Z","buy",
"9.72000000","24.34400000","2024-05-24T01:03:27.816Z","buy",
"9.74000000","35.30000000","2024-05-24T01:03:05.913Z","buy",
"9.74000000","26.44900000","2024-05-24T01:03:05.912Z","buy",
"9.73000000","27.41000000","2024-05-24T00:55:55.749Z","buy",
"9.73000000","3.59000000","2024-05-24T00:55:55.749Z","buy",
"9.73000000","8.30000000","2024-05-24T00:55:55.655Z","buy",
"9.73000000","3.70100000","2024-05-24T00:55:55.655Z","buy",
"9.73000000","7.40300000","2024-05-24T00:55:55.655Z","buy",
"9.74000000","30.80000000","2024-05-24T00:55:39.992Z","buy",
"9.74000000","31.02700000","2024-05-24T00:55:39.922Z","buy",
"9.74000000","8.30000000","2024-05-24T00:55:39.922Z","buy",
"9.75000000","3.73900000","2024-05-24T00:55:39.752Z","buy",
"9.76000000","20.63900000","2024-05-24T00:52:21.170Z","sell",
"9.73000000","152.14400000","2024-05-24T00:46:06.830Z","sell",
"9.73000000","29.53200000","2024-05-24T00:46:06.830Z","sell",
"9.72000000","3.83600000","2024-05-24T00:46:06.830Z","sell",
"9.72000000","19.69700000","2024-05-24T00:46:06.830Z","sell",
"9.72000000","53.68900000","2024-05-24T00:46:06.830Z","sell",
"9.72000000","30.64400000","2024-05-24T00:46:06.830Z","sell",
"9.72000000","309.34700000","2024-05-24T00:46:06.830Z","sell",
"9.71000000","42.24400000","2024-05-24T00:46:06.830Z","sell",
"9.71000000","42.22000000","2024-05-24T00:46:06.830Z","sell",
"9.71000000","309.34700000","2024-05-24T00:46:06.830Z","sell",
"9.71000000","8.30000000","2024-05-24T00:46:06.830Z","sell",
"9.71000000","0.54100000","2024-05-24T00:46:04.184Z","buy",
"9.73000000","0.91700000","2024-05-24T00:44:10.453Z","sell",
"9.73000000","0.54000000","2024-05-24T00:44:01.162Z","buy",
"9.74000000","13.58300000","2024-05-24T00:43:39.506Z","sell",
"9.74000000","67.56600000","2024-05-24T00:43:28.900Z","sell",
"9.74000000","0.00100000","2024-05-24T00:43:28.587Z","sell",
"9.74000000","0.53700000","2024-05-24T00:43:28.566Z","sell",
"9.74000000","40.14600000","2024-05-24T00:43:28.525Z","sell",
"9.74000000","27.42000000","2024-05-24T00:43:28.525Z","sell",
"9.73000000","10.56200000","2024-05-24T00:43:18.561Z","buy",
"9.73000000","9.14700000","2024-05-24T00:43:18.174Z","buy",
"9.74000000","30.14500000","2024-05-24T00:43:17.857Z","sell",
"9.74000000","31.71200000","2024-05-24T00:43:13.786Z","buy",
"9.74000000","30.20000000","2024-05-24T00:43:13.619Z","buy",
"9.74000000","23.31700000","2024-05-24T00:43:13.617Z","buy",
"9.74000000","6.98300000","2024-05-24T00:43:13.617Z","buy",
"9.74000000","0.97500000","2024-05-24T00:43:13.617Z","buy",
"9.74000000","8.30000000","2024-05-24T00:43:13.617Z","buy",
"9.74000000","15.91600000","2024-05-24T00:43:13.617Z","buy",
"9.75000000","3.97900000","2024-05-24T00:43:13.608Z","buy",
"9.75000000","20.54000000","2024-05-24T00:43:13.608Z","buy",
"9.79000000","5.09400000","2024-05-24T00:42:31.502Z","sell",
"9.79000000","0.30000000","2024-05-24T00:42:31.502Z","sell",
"9.78000000","4.00600000","2024-05-24T00:42:28.716Z","buy",
"9.78000000","0.09600000","2024-05-24T00:42:28.712Z","buy",
"9.78000000","8.20400000","2024-05-24T00:42:28.712Z","buy",
"9.79000000","8.00000000","2024-05-24T00:42:28.695Z","sell",
"9.78000000","14.79200000","2024-05-24T00:42:28.436Z","sell",
"9.78000000","18.77000000","2024-05-24T00:42:28.436Z","sell",
"9.76000000","3.85700000","2024-05-24T00:42:28.366Z","sell",
"9.76000000","7.71400000","2024-05-24T00:42:28.366Z","sell",
"9.77000000","61.10100000","2024-05-24T00:42:28.315Z","sell",
"9.77000000","60.15200000","2024-05-24T00:42:28.315Z","sell",
"9.77000000","15.90500000","2024-05-24T00:42:28.315Z","sell",
"9.77000000","0.95400000","2024-05-24T00:42:28.315Z","sell",
"9.76000000","7.95300000","2024-05-24T00:42:28.284Z","sell",
"9.76000000","3.97600000","2024-05-24T00:42:28.284Z","sell",
"9.76000000","31.47000000","2024-05-24T00:42:28.284Z","sell",
"9.76000000","0.20000000","2024-05-24T00:42:28.284Z","sell",
"9.76000000","0.20000000","2024-05-24T00:42:28.284Z","sell",
"9.75000000","8.30000000","2024-05-24T00:42:28.282Z","sell",
"9.75000000","38.85200000","2024-05-24T00:42:28.282Z","sell",
"9.75000000","30.71600000","2024-05-24T00:42:28.282Z","sell",
"9.75000000","0.21200000","2024-05-24T00:39:38.662Z","sell",
"9.73000000","8.42100000","2024-05-24T00:38:34.124Z","buy",
"9.72000000","0.54000000","2024-05-24T00:35:38.772Z","sell",
"9.70000000","39.65600000","2024-05-24T00:34:50.910Z","sell",
"9.66000000","26.57400000","2024-05-24T00:24:49.369Z","sell",
"9.64000000","0.20000000","2024-05-24T00:19:02.474Z","sell",
"9.61000000","1.76700000","2024-05-24T00:15:56.878Z","sell",
"9.60000000","0.10300000","2024-05-24T00:10:07.931Z","sell",
"9.59000000","31.00000000","2024-05-24T00:09:18.649Z","buy",
"9.57000000","1.85800000","2024-05-24T00:07:04.086Z","buy",
"9.55000000","30.90000000","2024-05-24T00:03:45.500Z","buy",
"9.55000000","19.67300000","2024-05-24T00:03:23.862Z","buy",
"9.54000000","63.30000000","2024-05-24T00:01:59.749Z","buy",
"9.54000000","28.70000000","2024-05-24T00:01:59.747Z","buy",
"9.54000000","25.35900000","2024-05-24T00:01:59.744Z","buy",
"9.56000000","30.87900000","2024-05-24T00:01:00.663Z","buy",
"9.58000000","19.97200000","2024-05-23T23:56:54.414Z","sell",
"9.56000000","9.81200000","2024-05-23T23:55:00.527Z","buy",
"9.52000000","10.58700000","2024-05-23T23:39:54.855Z","buy",
"9.52000000","0.20000000","2024-05-23T23:21:47.481Z","buy",
"9.54000000","32.00000000","2024-05-23T23:13:27.237Z","buy",
"9.54000000","31.20000000","2024-05-23T23:13:27.152Z","buy",
"9.55000000","31.13000000","2024-05-23T23:12:08.403Z","buy",
"9.55000000","1.98000000","2024-05-23T23:12:08.385Z","buy",
"9.56000000","3.59600000","2024-05-23T23:09:28.027Z","buy",
"9.58000000","9.16000000","2024-05-23T23:09:05.309Z","buy",
"9.58000000","4.53100000","2024-05-23T23:07:13.520Z","buy",
"9.54000000","3.98000000","2024-05-23T23:03:19.152Z","sell",
"9.54000000","2.28900000","2024-05-23T23:03:14.590Z","sell",
"9.54000000","31.87600000","2024-05-23T23:03:14.590Z","sell",
"9.56000000","6.80600000","2024-05-23T23:02:16.646Z","sell",
"9.56000000","44.02000000","2024-05-23T23:02:16.646Z","sell",
"9.54000000","1.00000000","2024-05-23T22:55:20.535Z","buy",
"9.56000000","3.37400000","2024-05-23T22:53:37.599Z","sell",
"9.53000000","1.68000000","2024-05-23T22:50:30.179Z","sell",
"9.51000000","3.59200000","2024-05-23T22:46:01.231Z","buy",
"9.57000000","1.63000000","2024-05-23T22:36:18.579Z","sell",
"9.57000000","0.10300000","2024-05-23T22:31:26.460Z","sell",
"9.55000000","1.53600000","2024-05-23T22:22:12.680Z","buy",
"9.58000000","0.00100000","2024-05-23T22:20:08.802Z","sell",
"9.58000000","1.53500000","2024-05-23T22:20:08.777Z","sell",
"9.57000000","19.99500000","2024-05-23T22:19:32.389Z","buy",
"9.60000000","31.70700000","2024-05-23T22:14:27.419Z","buy",
"9.60000000","12.01000000","2024-05-23T22:14:27.353Z","buy",
"9.60000000","8.30000000","2024-05-23T22:14:27.353Z","buy",
"9.55000000","0.18400000","2024-05-23T21:58:06.019Z","buy",
"9.56000000","3.62800000","2024-05-23T21:57:30.442Z","buy",
"9.56000000","5.57200000","2024-05-23T21:54:49.862Z","sell",
"9.56000000","28.73900000","2024-05-23T21:47:42.712Z","sell",
"9.53000000","10.57600000","2024-05-23T21:39:27.180Z","buy",
"9.53000000","3.01200000","2024-05-23T21:39:21.852Z","buy",
"9.53000000","3.66500000","2024-05-23T21:39:21.852Z","buy",
"9.57000000","16.02700000","2024-05-23T21:37:58.516Z","sell",
"9.57000000","35.11100000","2024-05-23T21:37:58.516Z","sell",
"9.57000000","0.10400000","2024-05-23T21:36:02.979Z","buy",
"9.57000000","0.10200000","2024-05-23T21:33:44.356Z","sell",
"9.55000000","21.00900000","2024-05-23T21:33:06.745Z","sell",
"9.53000000","5.24600000","2024-05-23T21:31:24.205Z","sell",
"9.50000000","12.47700000","2024-05-23T21:29:54.859Z","sell",
"9.47000000","12.60500000","2024-05-23T21:29:12.447Z","buy",
"9.47000000","7.55700000","2024-05-23T21:29:12.447Z","buy",
"9.47000000","8.30000000","2024-05-23T21:29:12.447Z","buy",
"9.47000000","3.77800000","2024-05-23T21:29:12.447Z","buy",
"9.48000000","5.87100000","2024-05-23T21:28:59.854Z","sell",
"9.44000000","27.60400000","2024-05-23T21:26:06.510Z","buy",
"9.44000000","3.09400000","2024-05-23T21:26:06.353Z","buy",
"9.45000000","3.81700000","2024-05-23T21:26:06.328Z","buy",
"9.50000000","160.65500000","2024-05-23T21:25:10.917Z","sell",
"9.50000000","120.36900000","2024-05-23T21:25:10.607Z","sell",
"9.50000000","40.19800000","2024-05-23T21:25:10.607Z","sell",
"9.49000000","3.93500000","2024-05-23T21:25:09.668Z","buy",
"9.49000000","7.86900000","2024-05-23T21:25:09.668Z","buy",
"9.50000000","80.78400000","2024-05-23T21:25:09.492Z","buy",
"9.50000000","39.10000000","2024-05-23T21:25:09.328Z","buy",
"9.50000000","33.19900000","2024-05-23T21:25:09.084Z","buy",
"9.50000000","8.30000000","2024-05-23T21:25:09.051Z","buy",
"9.51000000","4.62100000","2024-05-23T21:24:30.236Z","buy",
"9.51000000","8.30000000","2024-05-23T21:24:30.236Z","buy",
"9.52000000","4.02100000","2024-05-23T21:24:30.042Z","buy",
"9.55000000","5.37200000","2024-05-23T21:24:24.563Z","sell",
"9.54000000","0.09200000","2024-05-23T21:24:24.548Z","buy",
"9.54000000","8.20800000","2024-05-23T21:24:24.548Z","buy",
"9.51000000","3.69600000","2024-05-23T21:24:24.310Z","sell",
"9.52000000","15.24300000","2024-05-23T21:24:24.302Z","sell",
"9.51000000","7.46900000","2024-05-23T21:24:24.301Z","sell",
"9.51000000","3.81100000","2024-05-23T21:24:24.265Z","sell",
"9.51000000","27.71200000","2024-05-23T21:24:24.265Z","sell",
"9.51000000","134.26200000","2024-05-23T21:24:24.228Z","sell",
"9.51000000","7.62100000","2024-05-23T21:24:24.228Z","sell",
"9.51000000","141.82100000","2024-05-23T21:24:24.199Z","sell",
"9.50000000","64.69600000","2024-05-23T21:24:24.180Z","sell",
"9.50000000","32.33300000","2024-05-23T21:24:24.180Z","sell",
"9.50000000","58.42000000","2024-05-23T21:24:24.180Z","sell",
"9.49000000","31.78900000","2024-05-23T21:24:24.180Z","sell",
"9.48000000","6.17400000","2024-05-23T21:24:09.288Z","buy",
"9.48000000","3.82600000","2024-05-23T21:24:09.288Z","buy",
"9.47000000","3.86400000","2024-05-23T21:22:35.701Z","buy",
"9.48000000","15.93000000","2024-05-23T21:21:27.522Z","buy",
"9.49000000","3.90300000","2024-05-23T21:21:27.522Z","buy",
"9.47000000","4.16000000","2024-05-23T21:21:13.744Z","buy",
"9.48000000","3.98500000","2024-05-23T21:21:13.744Z","buy",
"9.49000000","2.30500000","2024-05-23T21:21:13.744Z","buy",
"9.49000000","3.58700000","2024-05-23T21:20:59.506Z","buy",
"9.49000000","3.62400000","2024-05-23T21:20:59.384Z","buy",
"9.49000000","3.66000000","2024-05-23T21:20:59.361Z","buy",
"9.49000000","3.69700000","2024-05-23T21:20:57.400Z","buy",
"9.49000000","3.73500000","2024-05-23T21:20:57.354Z","buy",
"9.49000000","3.77200000","2024-05-23T21:20:56.693Z","buy",
"9.49000000","16.13000000","2024-05-23T21:20:44.249Z","buy",
"9.49000000","35.73000000","2024-05-23T21:20:39.938Z","buy",
"9.49000000","38.22000000","2024-05-23T21:20:35.705Z","buy",
"9.49000000","15.26000000","2024-05-23T21:20:34.853Z","buy",
"9.49000000","37.10000000","2024-05-23T21:20:32.144Z","buy",
"9.49000000","10.30000000","2024-05-23T21:20:31.142Z","buy",
"9.49000000","15.19400000","2024-05-23T21:20:31.128Z","buy",
"9.49000000","8.30000000","2024-05-23T21:20:29.638Z","buy",
"9.49000000","8.30000000","2024-05-23T21:20:29.634Z","buy",
"9.49000000","8.30000000","2024-05-23T21:20:29.627Z","buy",
"9.49000000","8.30000000","2024-05-23T21:20:29.268Z","buy",
"9.49000000","309.34700000","2024-05-23T21:20:29.094Z","sell",
"9.49000000","40.19300000","2024-05-23T21:20:29.094Z","sell",
"9.49000000","28.73400000","2024-05-23T21:20:29.094Z","sell",
"9.47000000","31.30200000","2024-05-23T21:20:18.842Z","buy",
"9.47000000","29.41900000","2024-05-23T21:20:16.002Z","sell",
"9.47000000","309.34700000","2024-05-23T21:20:16.002Z","sell",
"9.47000000","27.14400000","2024-05-23T21:20:16.002Z","sell",
"9.45000000","78.34800000","2024-05-23T21:17:16.145Z","buy",
"9.45000000","3.80200000","2024-05-23T21:17:16.145Z","buy",
"9.45000000","3.84100000","2024-05-23T21:17:14.723Z","buy",
"9.44000000","28.29100000","2024-05-23T21:17:13.782Z","sell",
"9.39000000","5.19900000","2024-05-23T21:16:29.558Z","sell",
"9.38000000","3.86400000","2024-05-23T21:16:29.558Z","sell",
"9.38000000","7.72800000","2024-05-23T21:16:29.558Z","sell",
"9.38000000","12.07400000","2024-05-23T21:16:29.014Z","sell",
"9.37000000","4.02500000","2024-05-23T21:16:28.942Z","sell",
"9.42000000","32.00000000","2024-05-23T21:16:23.461Z","buy",
"9.42000000","10.93000000","2024-05-23T21:16:23.264Z","buy",
"9.42000000","31.53100000","2024-05-23T21:16:23.262Z","buy",
"9.42000000","21.25000000","2024-05-23T21:16:23.259Z","buy",
"9.42000000","32.67700000","2024-05-23T21:16:23.228Z","buy",
"9.42000000","31.56800000","2024-05-23T21:16:23.227Z","buy",
"9.43000000","8.30000000","2024-05-23T21:16:22.602Z","buy",
"9.47000000","8.30000000","2024-05-23T21:15:25.010Z","buy",
"9.46000000","8.30000000","2024-05-23T21:15:12.006Z","buy",
"9.46000000","8.30000000","2024-05-23T21:15:12.001Z","buy",
"9.46000000","8.30000000","2024-05-23T21:15:11.994Z","buy",
"9.48000000","0.08900000","2024-05-23T21:15:09.950Z","sell",
"9.59000000","0.88400000","2024-05-23T21:10:44.277Z","sell",
"9.57000000","5.08800000","2024-05-23T21:10:35.414Z","buy",
"9.57000000","8.30000000","2024-05-23T21:10:35.414Z","buy",
"9.58000000","3.54700000","2024-05-23T21:10:35.243Z","buy",
"9.58000000","8.30000000","2024-05-23T21:10:35.243Z","buy",
"9.58000000","17.17400000","2024-05-23T21:10:35.170Z","buy",
"9.58000000","3.65700000","2024-05-23T21:10:35.170Z","buy",
"9.58000000","7.31400000","2024-05-23T21:10:35.170Z","buy",
"9.58000000","8.30000000","2024-05-23T21:10:35.170Z","buy",
"9.55000000","13.33500000","2024-05-23T21:09:12.885Z","buy",
"9.55000000","19.04300000","2024-05-23T21:09:12.882Z","buy",
"9.55000000","7.91800000","2024-05-23T21:09:12.864Z","buy",
"9.55000000","8.30000000","2024-05-23T21:09:12.835Z","buy",
"9.55000000","8.30000000","2024-05-23T21:09:12.830Z","buy",
"9.55000000","8.30000000","2024-05-23T21:09:12.824Z","buy",
"9.55000000","8.30000000","2024-05-23T21:09:12.819Z","buy",
"9.55000000","4.21600000","2024-05-23T21:09:12.802Z","buy",
"9.54000000","28.45700000","2024-05-23T21:08:50.413Z","buy",
"9.52000000","1.00000000","2024-05-23T21:08:01.736Z","sell",
"9.53000000","8.30000000","2024-05-23T21:05:50.261Z","sell",
"9.53000000","3.99900000","2024-05-23T21:05:49.308Z","sell",
"9.53000000","4.12300000","2024-05-23T21:05:48.940Z","sell",
"9.53000000","0.57000000","2024-05-23T21:05:48.940Z","sell",
"9.53000000","7.76000000","2024-05-23T21:05:48.935Z","sell",
"9.53000000","0.54000000","2024-05-23T21:05:48.935Z","sell",
"9.52000000","4.16500000","2024-05-23T21:05:48.622Z","sell",
"9.51000000","33.20000000","2024-05-23T21:05:48.242Z","sell",
"9.45000000","34.67200000","2024-05-23T21:04:38.974Z","buy",
"9.48000000","8.30000000","2024-05-23T21:04:24.547Z","buy",
"9.47000000","10.58300000","2024-05-23T21:04:14.422Z","buy",
"9.47000000","8.30000000","2024-05-23T21:04:14.422Z","buy",
"9.48000000","8.30000000","2024-05-23T21:04:06.600Z","buy",
"9.48000000","8.30000000","2024-05-23T21:04:06.594Z","buy",
"9.48000000","8.30000000","2024-05-23T21:04:06.588Z","buy",
"9.48000000","8.30000000","2024-05-23T21:04:06.577Z","buy",
"9.49000000","23.07000000","2024-05-23T21:04:06.160Z","buy",
"9.52000000","8.30000000","2024-05-23T21:03:43.857Z","sell",
"9.52000000","0.20000000","2024-05-23T21:03:43.857Z","sell",
"9.44000000","24.29100000","2024-05-23T21:02:34.287Z","buy",
"9.45000000","4.20700000","2024-05-23T21:02:18.482Z","sell",
"9.44000000","0.54000000","2024-05-23T21:02:18.482Z","sell",
"9.42000000","8.46700000","2024-05-23T21:02:16.449Z","sell",
"9.42000000","12.92000000","2024-05-23T21:02:15.841Z","sell",
"9.41000000","12.18700000","2024-05-23T21:02:13.286Z","sell",
"9.41000000","0.81900000","2024-05-23T21:02:13.286Z","sell",
"9.40000000","8.30000000","2024-05-23T21:02:12.227Z","sell",
"9.39000000","6.47000000","2024-05-23T21:02:11.441Z","sell",
"9.39000000","8.30000000","2024-05-23T21:02:11.384Z","sell",
"9.39000000","8.30000000","2024-05-23T21:02:11.327Z","sell",
"9.39000000","9.12200000","2024-05-23T21:02:11.262Z","sell",
"9.38000000","8.47400000","2024-05-23T21:02:10.363Z","sell",
"9.38000000","4.25000000","2024-05-23T21:02:10.363Z","sell",
"9.38000000","8.30000000","2024-05-23T20:58:56.446Z","buy",
"9.39000000","3.32000000","2024-05-23T20:58:56.127Z","buy",
"9.39000000","29.65200000","2024-05-23T20:58:56.127Z","buy",
"9.39000000","8.30000000","2024-05-23T20:58:56.127Z","buy",
"9.35000000","0.38900000","2024-05-23T20:54:13.480Z","buy",
"9.36000000","32.45000000","2024-05-23T20:41:31.958Z","buy",
"9.36000000","27.36000000","2024-05-23T20:41:31.883Z","buy",
"9.36000000","27.91700000","2024-05-23T20:39:03.543Z","buy",
"9.35000000","4.00000000","2024-05-23T20:29:00.866Z","buy",
"9.35000000","12.22300000","2024-05-23T20:28:06.646Z","sell",
"9.35000000","9.40000000","2024-05-23T20:28:05.489Z","sell",
"9.31000000","19.66200000","2024-05-23T20:21:54.232Z","buy",
"9.32000000","13.09800000","2024-05-23T20:21:47.415Z","sell",
"9.32000000","7.26100000","2024-05-23T20:21:47.415Z","sell",
"9.30000000","0.65600000","2024-05-23T20:18:27.892Z","sell",
"9.30000000","1.27500000","2024-05-23T20:18:27.892Z","sell",
"9.28000000","8.30000000","2024-05-23T20:17:57.569Z","buy",
"9.28000000","8.30000000","2024-05-23T20:17:57.562Z","buy",
"9.27000000","0.20000000","2024-05-23T20:17:21.185Z","sell",
"9.26000000","3.23800000","2024-05-23T20:17:20.115Z","sell",
"9.26000000","4.12700000","2024-05-23T20:17:20.115Z","sell",
"9.26000000","2.16000000","2024-05-23T20:17:18.310Z","sell",
"9.23000000","8.29900000","2024-05-23T20:17:00.475Z","sell",
"9.23000000","0.75900000","2024-05-23T20:17:00.475Z","sell",
"9.22000000","8.30000000","2024-05-23T20:16:49.160Z","buy",
"9.22000000","8.30000000","2024-05-23T20:16:48.641Z","sell",
"9.22000000","8.30000000","2024-05-23T20:16:47.110Z","sell",
"9.21000000","8.30000000","2024-05-23T20:16:38.164Z","sell",
"9.18000000","30.00000000","2024-05-23T20:16:24.144Z","buy",
"9.14000000","34.65900000","2024-05-23T20:13:10.645Z","buy",
"9.12000000","7.26600000","2024-05-23T20:09:59.036Z","sell",
"9.12000000","3.35400000","2024-05-23T20:09:55.595Z","sell",
"9.12000000","3.38700000","2024-05-23T20:09:47.811Z","sell",
"9.12000000","3.42200000","2024-05-23T20:08:25.739Z","sell",
"9.12000000","3.45600000","2024-05-23T20:08:18.592Z","sell",
"9.12000000","3.49100000","2024-05-23T20:08:18.053Z","sell",
"9.12000000","3.52600000","2024-05-23T20:08:16.903Z","sell",
"9.12000000","3.56200000","2024-05-23T20:07:59.490Z","sell",
"9.12000000","3.59800000","2024-05-23T20:07:59.040Z","sell",
"9.09000000","2.19300000","2024-05-23T20:07:41.624Z","buy",
"9.04000000","7.41900000","2024-05-23T20:06:59.704Z","buy",
"9.04000000","3.70900000","2024-05-23T20:06:59.704Z","buy",
"9.04000000","11.16600000","2024-05-23T20:06:59.704Z","buy",
"9.12000000","54.27600000","2024-05-23T20:06:14.195Z","sell",
"9.12000000","168.00000000","2024-05-23T20:05:43.084Z","sell",
"9.12000000","8.30000000","2024-05-23T20:05:43.080Z","sell",
"9.07000000","37.20000000","2024-05-23T20:05:09.068Z","buy",
"9.10000000","15.32400000","2024-05-23T20:03:13.332Z","buy",
"9.10000000","8.30000000","2024-05-23T20:03:13.332Z","buy",
"9.11000000","1.46300000","2024-05-23T20:03:13.159Z","buy",
"9.11000000","6.55300000","2024-05-23T20:03:13.159Z","buy",
"9.12000000","6.77300000","2024-05-23T20:02:19.200Z","buy",
"9.12000000","3.74700000","2024-05-23T20:02:19.200Z","buy",
"9.12000000","2.97400000","2024-05-23T20:02:08.837Z","sell",
"9.13000000","4.91800000","2024-05-23T20:02:04.684Z","buy",
"9.16000000","36.77500000","2024-05-23T20:01:46.317Z","buy",
"9.13000000","8.30000000","2024-05-23T20:01:12.334Z","buy",
"9.13000000","8.30000000","2024-05-23T20:01:11.791Z","buy",
"9.15000000","3.78500000","2024-05-23T20:01:11.517Z","buy",
"9.16000000","3.82300000","2024-05-23T20:01:08.375Z","buy",