"price","volume","timestamp","type"
"9.57","359.593","2024-05-25T19:47:56.512Z","ask"
"9.58","448.453","2024-05-25T19:47:56.512Z","ask"
"9.59","789.138","2024-05-25T19:47:56.512Z","ask"
"9.6","31.799","2024-05-25T19:47:56.512Z","ask"
"9.61","39.749","2024-05-25T19:47:56.512Z","ask"
"9.64","21.168","2024-05-25T19:47:56.512Z","ask"
"9.65","79.498","2024-05-25T19:47:56.512Z","ask"
"9.67","27.657","2024-05-25T19:47:56.512Z","ask"
"9.68","372.909","2024-05-25T19:47:56.512Z","ask"
"9.69","99.372","2024-05-25T19:47:56.512Z","ask"
"9.72","526.368","2024-05-25T19:47:56.512Z","ask"
"9.74","119.247","2024-05-25T19:47:56.512Z","ask"
"9.75","526.368","2024-05-25T19:47:56.512Z","ask"
"9.76","0.2","2024-05-25T19:47:56.512Z","ask"
"9.81","448.215","2024-05-25T19:47:56.512Z","ask"
"9.82","1.596","2024-05-25T19:47:56.512Z","ask"
"9.83","0.948","2024-05-25T19:47:56.512Z","ask"
"9.85","52.224","2024-05-25T19:47:56.512Z","ask"
"9.88","18.86","2024-05-25T19:47:56.512Z","ask"
"9.89","0.54","2024-05-25T19:47:56.512Z","ask"
"9.9","2.058","2024-05-25T19:47:56.512Z","ask"
"9.93","0.304","2024-05-25T19:47:56.512Z","ask"
"9.99","9.374","2024-05-25T19:47:56.512Z","ask"
"10","189.602","2024-05-25T19:47:56.512Z","ask"
"10.1","9.9","2024-05-25T19:47:56.512Z","ask"
"10.12","0.2","2024-05-25T19:47:56.512Z","ask"
"10.2","0.2","2024-05-25T19:47:56.512Z","ask"
"10.41","4.821","2024-05-25T19:47:56.512Z","ask"
"10.48","0.2","2024-05-25T19:47:56.512Z","ask"
"10.53","84.178","2024-05-25T19:47:56.512Z","ask"
"10.7","1.139","2024-05-25T19:47:56.512Z","ask"
"11","5.2","2024-05-25T19:47:56.512Z","ask"
"11.33","0.267","2024-05-25T19:47:56.512Z","ask"
"11.35","4.861","2024-05-25T19:47:56.512Z","ask"
"11.48","77.453","2024-05-25T19:47:56.512Z","ask"
"11.5","331.142","2024-05-25T19:47:56.512Z","ask"
"11.62","63.001","2024-05-25T19:47:56.512Z","ask"
"11.63","0.3","2024-05-25T19:47:56.512Z","ask"
"11.64","0.2","2024-05-25T19:47:56.512Z","ask"
"11.65","0.1","2024-05-25T19:47:56.512Z","ask"
"11.7","858.222","2024-05-25T19:47:56.512Z","ask"
"11.82","0.1","2024-05-25T19:47:56.512Z","ask"
"11.85","0.5","2024-05-25T19:47:56.512Z","ask"
"11.86","2336.206","2024-05-25T19:47:56.512Z","ask"
"11.87","0.173","2024-05-25T19:47:56.512Z","ask"
"11.89","0.173","2024-05-25T19:47:56.512Z","ask"
"11.91","0.54","2024-05-25T19:47:56.512Z","ask"
"12","13.131","2024-05-25T19:47:56.512Z","ask"
"12.24","0.2","2024-05-25T19:47:56.512Z","ask"
"12.26","42.884","2024-05-25T19:47:56.512Z","ask"
"12.3","60","2024-05-25T19:47:56.512Z","ask"
"12.37","0.163","2024-05-25T19:47:56.512Z","ask"
"12.4","0.455","2024-05-25T19:47:56.512Z","ask"
"12.46","0.73","2024-05-25T19:47:56.512Z","ask"
"12.55","180.342","2024-05-25T19:47:56.512Z","ask"
"12.65","498.086","2024-05-25T19:47:56.512Z","ask"
"12.79","1.802","2024-05-25T19:47:56.512Z","ask"
"12.82","1.273","2024-05-25T19:47:56.512Z","ask"
"12.9","0.348","2024-05-25T19:47:56.512Z","ask"
"12.97","0.39","2024-05-25T19:47:56.512Z","ask"
"13","2","2024-05-25T19:47:56.512Z","ask"
"13.05","0.232","2024-05-25T19:47:56.512Z","ask"
"13.08","0.6","2024-05-25T19:47:56.512Z","ask"
"13.09","0.112","2024-05-25T19:47:56.512Z","ask"
"13.15","0.156","2024-05-25T19:47:56.512Z","ask"
"13.2","1.243","2024-05-25T19:47:56.512Z","ask"
"13.22","9","2024-05-25T19:47:56.512Z","ask"
"13.29","1.509","2024-05-25T19:47:56.512Z","ask"
"13.3","0.15","2024-05-25T19:47:56.512Z","ask"
"13.32","0.155","2024-05-25T19:47:56.512Z","ask"
"13.33","25","2024-05-25T19:47:56.512Z","ask"
"13.5","0.077","2024-05-25T19:47:56.512Z","ask"
"13.6","2","2024-05-25T19:47:56.512Z","ask"
"13.85","0.5","2024-05-25T19:47:56.512Z","ask"
"13.86","1.483","2024-05-25T19:47:56.512Z","ask"
"13.95","0.72","2024-05-25T19:47:56.512Z","ask"
"14","1011.441","2024-05-25T19:47:56.512Z","ask"
"14.58","0.1","2024-05-25T19:47:56.512Z","ask"
"14.77","3.942","2024-05-25T19:47:56.512Z","ask"
"14.98","0.331","2024-05-25T19:47:56.512Z","ask"
"15","190.792","2024-05-25T19:47:56.512Z","ask"
"15.09","6.166","2024-05-25T19:47:56.512Z","ask"
"15.11","0.2","2024-05-25T19:47:56.512Z","ask"
"15.14","149.983","2024-05-25T19:47:56.512Z","ask"
"15.2","0.125","2024-05-25T19:47:56.512Z","ask"
"15.3","100","2024-05-25T19:47:56.512Z","ask"
"15.46","0.23","2024-05-25T19:47:56.512Z","ask"
"15.5","6.225","2024-05-25T19:47:56.512Z","ask"
"15.56","0.185","2024-05-25T19:47:56.512Z","ask"
"15.57","0.1","2024-05-25T19:47:56.512Z","ask"
"15.58","0.1","2024-05-25T19:47:56.512Z","ask"
"15.85","0.5","2024-05-25T19:47:56.512Z","ask"
"16","67.977","2024-05-25T19:47:56.512Z","ask"
"16.25","100","2024-05-25T19:47:56.512Z","ask"
"16.62","3.034","2024-05-25T19:47:56.512Z","ask"
"16.8","5.989","2024-05-25T19:47:56.512Z","ask"
"16.84","36.001","2024-05-25T19:47:56.512Z","ask"
"16.93","1.481","2024-05-25T19:47:56.512Z","ask"
"17","51.036","2024-05-25T19:47:56.512Z","ask"
"17.15","6.163","2024-05-25T19:47:56.512Z","ask"
"17.21","2.093","2024-05-25T19:47:56.512Z","ask"
"17.25","100","2024-05-25T19:47:56.512Z","ask"
"17.27","1.334","2024-05-25T19:47:56.512Z","ask"
"17.28","3.081","2024-05-25T19:47:56.512Z","ask"
"17.31","0.175","2024-05-25T19:47:56.512Z","ask"
"17.34","29.444","2024-05-25T19:47:56.512Z","ask"
"17.37","16.675","2024-05-25T19:47:56.512Z","ask"
"17.4","34.271","2024-05-25T19:47:56.512Z","ask"
"17.5","224.727","2024-05-25T19:47:56.512Z","ask"
"17.56","160.422","2024-05-25T19:47:56.512Z","ask"
"17.6","1.05","2024-05-25T19:47:56.512Z","ask"
"17.69","0.207","2024-05-25T19:47:56.512Z","ask"
"17.85","0.5","2024-05-25T19:47:56.512Z","ask"
"17.91","40","2024-05-25T19:47:56.512Z","ask"
"18","393.346","2024-05-25T19:47:56.512Z","ask"
"18.07","10","2024-05-25T19:47:56.512Z","ask"
"18.26","140.276","2024-05-25T19:47:56.512Z","ask"
"18.3","6.024","2024-05-25T19:47:56.512Z","ask"
"18.5","5","2024-05-25T19:47:56.512Z","ask"
"18.6","20","2024-05-25T19:47:56.512Z","ask"
"18.67","0.294","2024-05-25T19:47:56.512Z","ask"
"18.68","14.985","2024-05-25T19:47:56.512Z","ask"
"18.7","26.55","2024-05-25T19:47:56.512Z","ask"
"18.8","96.774","2024-05-25T19:47:56.512Z","ask"
"18.87","6.518","2024-05-25T19:47:56.512Z","ask"
"18.89","7.6","2024-05-25T19:47:56.512Z","ask"
"18.98","10.531","2024-05-25T19:47:56.512Z","ask"
"18.99","4.411","2024-05-25T19:47:56.512Z","ask"
"19","52.584","2024-05-25T19:47:56.512Z","ask"
"19.05","0.25","2024-05-25T19:47:56.512Z","ask"
"19.22","6.163","2024-05-25T19:47:56.512Z","ask"
"19.35","5.18","2024-05-25T19:47:56.512Z","ask"
"19.44","5","2024-05-25T19:47:56.512Z","ask"
"19.48","8","2024-05-25T19:47:56.512Z","ask"
"19.5","116","2024-05-25T19:47:56.512Z","ask"
"19.69","1.426","2024-05-25T19:47:56.512Z","ask"
"19.8","1","2024-05-25T19:47:56.512Z","ask"
"19.85","0.5","2024-05-25T19:47:56.512Z","ask"
"19.9","8","2024-05-25T19:47:56.512Z","ask"
"19.99","13.5","2024-05-25T19:47:56.512Z","ask"
"20","423.803","2024-05-25T19:47:56.512Z","ask"
"20.1","15.468","2024-05-25T19:47:56.512Z","ask"
"20.3","28","2024-05-25T19:47:56.512Z","ask"
"20.36","245.58","2024-05-25T19:47:56.512Z","ask"
"20.51","0.23","2024-05-25T19:47:56.512Z","ask"
"20.6","5","2024-05-25T19:47:56.512Z","ask"
"20.65","0.25","2024-05-25T19:47:56.512Z","ask"
"20.71","1","2024-05-25T19:47:56.512Z","ask"
"20.96","0.729","2024-05-25T19:47:56.512Z","ask"
"20.99","0.575","2024-05-25T19:47:56.512Z","ask"
"21","561.471","2024-05-25T19:47:56.512Z","ask"
"21.29","6.163","2024-05-25T19:47:56.512Z","ask"
"21.3","0.1","2024-05-25T19:47:56.512Z","ask"
"21.33","3.831","2024-05-25T19:47:56.512Z","ask"
"21.34","19.341","2024-05-25T19:47:56.512Z","ask"
"21.48","50","2024-05-25T19:47:56.512Z","ask"
"21.5","1.088","2024-05-25T19:47:56.512Z","ask"
"21.55","0.5","2024-05-25T19:47:56.512Z","ask"
"21.68","5","2024-05-25T19:47:56.512Z","ask"
"22","71.369","2024-05-25T19:47:56.512Z","ask"
"22.04","5","2024-05-25T19:47:56.512Z","ask"
"22.11","1","2024-05-25T19:47:56.512Z","ask"
"22.4","2","2024-05-25T19:47:56.512Z","ask"
"22.44","0.25","2024-05-25T19:47:56.512Z","ask"
"22.45","0.25","2024-05-25T19:47:56.512Z","ask"
"22.5","35.568","2024-05-25T19:47:56.512Z","ask"
"22.58","304.019","2024-05-25T19:47:56.512Z","ask"
"22.96","112","2024-05-25T19:47:56.512Z","ask"
"23","17.523","2024-05-25T19:47:56.512Z","ask"
"23.31","0.989","2024-05-25T19:47:56.512Z","ask"
"23.35","6.663","2024-05-25T19:47:56.512Z","ask"
"23.4","14.25","2024-05-25T19:47:56.512Z","ask"
"23.5","0.1","2024-05-25T19:47:56.512Z","ask"
"23.64","0.695","2024-05-25T19:47:56.512Z","ask"
"23.75","14","2024-05-25T19:47:56.512Z","ask"
"23.81","0.715","2024-05-25T19:47:56.512Z","ask"
"23.83","10.832","2024-05-25T19:47:56.512Z","ask"
"23.92","4.106","2024-05-25T19:47:56.512Z","ask"
"24","248.35","2024-05-25T19:47:56.512Z","ask"
"24.1","0.412","2024-05-25T19:47:56.512Z","ask"
"24.25","0.25","2024-05-25T19:47:56.512Z","ask"
"24.5","24.994","2024-05-25T19:47:56.512Z","ask"
"24.89","5","2024-05-25T19:47:56.512Z","ask"
"24.9","1261.014","2024-05-25T19:47:56.512Z","ask"
"25","237.819","2024-05-25T19:47:56.512Z","ask"
"25.23","58.551","2024-05-25T19:47:56.512Z","ask"
"25.25","57.66","2024-05-25T19:47:56.512Z","ask"
"25.32","11.755","2024-05-25T19:47:56.512Z","ask"
"25.42","6.163","2024-05-25T19:47:56.512Z","ask"
"25.45","68.355","2024-05-25T19:47:56.512Z","ask"
"25.5","750.545","2024-05-25T19:47:56.512Z","ask"
"25.55","0.23","2024-05-25T19:47:56.512Z","ask"
"25.69","58.747","2024-05-25T19:47:56.512Z","ask"
"25.7","0.1","2024-05-25T19:47:56.512Z","ask"
"26","38.395","2024-05-25T19:47:56.512Z","ask"
"26.25","0.25","2024-05-25T19:47:56.512Z","ask"
"26.4","19.728","2024-05-25T19:47:56.512Z","ask"
"26.5","140.384","2024-05-25T19:47:56.512Z","ask"
"26.52","625.88","2024-05-25T19:47:56.512Z","ask"
"26.59","20.835","2024-05-25T19:47:56.512Z","ask"
"26.76","11.121","2024-05-25T19:47:56.512Z","ask"
"26.85","108.626","2024-05-25T19:47:56.512Z","ask"
"26.9","15","2024-05-25T19:47:56.512Z","ask"
"26.99","0.522","2024-05-25T19:47:56.512Z","ask"
"27","487.207","2024-05-25T19:47:56.512Z","ask"
"27.25","0.35","2024-05-25T19:47:56.512Z","ask"
"27.33","327.496","2024-05-25T19:47:56.512Z","ask"
"27.36","87.018","2024-05-25T19:47:56.512Z","ask"
"27.45","254.25","2024-05-25T19:47:56.512Z","ask"
"27.49","6.163","2024-05-25T19:47:56.512Z","ask"
"27.5","109.855","2024-05-25T19:47:56.512Z","ask"
"27.6","53.932","2024-05-25T19:47:56.512Z","ask"
"27.7","104.876","2024-05-25T19:47:56.512Z","ask"
"27.75","493.162","2024-05-25T19:47:56.512Z","ask"
"27.8","324.293","2024-05-25T19:47:56.512Z","ask"
"27.93","10.789","2024-05-25T19:47:56.512Z","ask"
"27.95","5","2024-05-25T19:47:56.512Z","ask"
"28","8","2024-05-25T19:47:56.512Z","ask"
"28.05","66.783","2024-05-25T19:47:56.512Z","ask"
"28.15","112","2024-05-25T19:47:56.512Z","ask"
"28.22","106.911","2024-05-25T19:47:56.512Z","ask"
"28.25","0.25","2024-05-25T19:47:56.512Z","ask"
"28.34","21","2024-05-25T19:47:56.512Z","ask"
"28.5","283.805","2024-05-25T19:47:56.512Z","ask"
"28.64","15","2024-05-25T19:47:56.512Z","ask"
"28.89","7.037","2024-05-25T19:47:56.512Z","ask"
"29","100.823","2024-05-25T19:47:56.512Z","ask"
"29.25","0.35","2024-05-25T19:47:56.512Z","ask"
"29.29","186.048","2024-05-25T19:47:56.512Z","ask"
"29.48","12","2024-05-25T19:47:56.512Z","ask"
"29.55","6.163","2024-05-25T19:47:56.512Z","ask"
"29.98","21.541","2024-05-25T19:47:56.512Z","ask"
"29.99","69","2024-05-25T19:47:56.512Z","ask"
"30","234.609","2024-05-25T19:47:56.512Z","ask"
"30.25","0.25","2024-05-25T19:47:56.512Z","ask"
"30.48","3.658","2024-05-25T19:47:56.512Z","ask"
"30.6","0.23","2024-05-25T19:47:56.512Z","ask"
"31","47.719","2024-05-25T19:47:56.512Z","ask"
"31.25","0.3","2024-05-25T19:47:56.512Z","ask"
"31.41","4.986","2024-05-25T19:47:56.512Z","ask"
"31.62","6.163","2024-05-25T19:47:56.512Z","ask"
"31.69","150.989","2024-05-25T19:47:56.512Z","ask"
"31.7","168.002","2024-05-25T19:47:56.512Z","ask"
"31.88","4","2024-05-25T19:47:56.512Z","ask"
"31.98","100","2024-05-25T19:47:56.512Z","ask"
"32","254.52","2024-05-25T19:47:56.512Z","ask"
"32.25","0.25","2024-05-25T19:47:56.512Z","ask"
"33","460","2024-05-25T19:47:56.512Z","ask"
"33.09","1.517","2024-05-25T19:47:56.512Z","ask"
"33.25","0.3","2024-05-25T19:47:56.512Z","ask"
"33.69","6.163","2024-05-25T19:47:56.512Z","ask"
"34.25","0.25","2024-05-25T19:47:56.512Z","ask"
"34.72","0.512","2024-05-25T19:47:56.512Z","ask"
"35","4.593","2024-05-25T19:47:56.512Z","ask"
"35.25","0.3","2024-05-25T19:47:56.512Z","ask"
"35.44","0.273","2024-05-25T19:47:56.512Z","ask"
"35.5","4.61","2024-05-25T19:47:56.512Z","ask"
"35.57","0.716","2024-05-25T19:47:56.512Z","ask"
"35.64","9.49","2024-05-25T19:47:56.512Z","ask"
"35.97","5","2024-05-25T19:47:56.512Z","ask"
"36","4","2024-05-25T19:47:56.512Z","ask"
"36.2","4.534","2024-05-25T19:47:56.512Z","ask"
"36.5","0.25","2024-05-25T19:47:56.512Z","ask"
"37","1","2024-05-25T19:47:56.512Z","ask"
"37.4","0.27","2024-05-25T19:47:56.512Z","ask"
"37.75","0.25","2024-05-25T19:47:56.512Z","ask"
"37.77","2.67","2024-05-25T19:47:56.512Z","ask"
"38","0.722","2024-05-25T19:47:56.512Z","ask"
"38.89","4","2024-05-25T19:47:56.512Z","ask"
"39","58.445","2024-05-25T19:47:56.512Z","ask"
"39.48","5","2024-05-25T19:47:56.512Z","ask"
"39.58","0.1","2024-05-25T19:47:56.512Z","ask"
"39.65","146.411","2024-05-25T19:47:56.512Z","ask"
"39.95","220.085","2024-05-25T19:47:56.512Z","ask"
"40","417.048","2024-05-25T19:47:56.512Z","ask"
"40.25","0.25","2024-05-25T19:47:56.512Z","ask"
"40.35","3.073","2024-05-25T19:47:56.512Z","ask"
"40.69","0.23","2024-05-25T19:47:56.512Z","ask"
"40.72","122.79","2024-05-25T19:47:56.512Z","ask"
"40.97","9.26","2024-05-25T19:47:56.512Z","ask"
"41","55.718","2024-05-25T19:47:56.512Z","ask"
"41.6","5","2024-05-25T19:47:56.512Z","ask"
"42","0.3","2024-05-25T19:47:56.512Z","ask"
"42.06","0.38","2024-05-25T19:47:56.512Z","ask"
"42.2","42.368","2024-05-25T19:47:56.512Z","ask"
"42.75","0.25","2024-05-25T19:47:56.512Z","ask"
"43.34","23.232","2024-05-25T19:47:56.512Z","ask"
"44","1.197","2024-05-25T19:47:56.512Z","ask"
"44.89","4","2024-05-25T19:47:56.512Z","ask"
"45","77.561","2024-05-25T19:47:56.512Z","ask"
"45.17","2.668","2024-05-25T19:47:56.512Z","ask"
"45.25","0.25","2024-05-25T19:47:56.513Z","ask"
"45.38","0.1","2024-05-25T19:47:56.513Z","ask"
"45.73","0.23","2024-05-25T19:47:56.513Z","ask"
"46.09","3.739","2024-05-25T19:47:56.513Z","ask"
"46.12","1","2024-05-25T19:47:56.513Z","ask"
"46.31","9.26","2024-05-25T19:47:56.513Z","ask"
"47","32.1","2024-05-25T19:47:56.513Z","ask"
"47.48","3","2024-05-25T19:47:56.513Z","ask"
"47.64","5","2024-05-25T19:47:56.513Z","ask"
"48","9.418","2024-05-25T19:47:56.513Z","ask"
"48.25","0.2","2024-05-25T19:47:56.513Z","ask"
"48.74","15","2024-05-25T19:47:56.513Z","ask"
"48.87","6.336","2024-05-25T19:47:56.513Z","ask"
"48.89","4","2024-05-25T19:47:56.513Z","ask"
"49","4","2024-05-25T19:47:56.513Z","ask"
"49.33","1.525","2024-05-25T19:47:56.513Z","ask"
"49.35","1.772","2024-05-25T19:47:56.513Z","ask"
"49.42","1.133","2024-05-25T19:47:56.513Z","ask"
"49.48","5","2024-05-25T19:47:56.513Z","ask"
"50","209.095","2024-05-25T19:47:56.513Z","ask"
"50.5","10","2024-05-25T19:47:56.513Z","ask"
"50.77","0.23","2024-05-25T19:47:56.513Z","ask"
"51","14.856","2024-05-25T19:47:56.513Z","ask"
"51.25","0.2","2024-05-25T19:47:56.513Z","ask"
"51.65","9.26","2024-05-25T19:47:56.513Z","ask"
"52.02","58.888","2024-05-25T19:47:56.513Z","ask"
"52.08","0.511","2024-05-25T19:47:56.513Z","ask"
"53.83","20","2024-05-25T19:47:56.513Z","ask"
"54","29.729","2024-05-25T19:47:56.513Z","ask"
"54.25","0.2","2024-05-25T19:47:56.513Z","ask"
"54.89","2","2024-05-25T19:47:56.513Z","ask"
"55","4.687","2024-05-25T19:47:56.513Z","ask"
"55.45","0.1","2024-05-25T19:47:56.513Z","ask"
"55.81","0.23","2024-05-25T19:47:56.513Z","ask"
"56","68.558","2024-05-25T19:47:56.513Z","ask"
"56.99","9.26","2024-05-25T19:47:56.513Z","ask"
"57.25","0.2","2024-05-25T19:47:56.513Z","ask"
"57.32","1.418","2024-05-25T19:47:56.513Z","ask"
"57.78","10.445","2024-05-25T19:47:56.513Z","ask"
"58.5","1.33","2024-05-25T19:47:56.513Z","ask"
"58.89","3","2024-05-25T19:47:56.513Z","ask"
"59","500","2024-05-25T19:47:56.513Z","ask"
"59.4","0.73","2024-05-25T19:47:56.513Z","ask"
"59.48","4","2024-05-25T19:47:56.513Z","ask"
"60","62.365","2024-05-25T19:47:56.513Z","ask"
"60.25","0.2","2024-05-25T19:47:56.513Z","ask"
"60.85","0.23","2024-05-25T19:47:56.513Z","ask"
"61.28","0.93","2024-05-25T19:47:56.513Z","ask"
"62","103.643","2024-05-25T19:47:56.513Z","ask"
"62.32","9.26","2024-05-25T19:47:56.513Z","ask"
"63","6.895","2024-05-25T19:47:56.513Z","ask"
"64.89","3","2024-05-25T19:47:56.513Z","ask"
"65","0.759","2024-05-25T19:47:56.513Z","ask"
"65.2","100","2024-05-25T19:47:56.513Z","ask"
"65.67","7.679","2024-05-25T19:47:56.513Z","ask"
"65.89","0.23","2024-05-25T19:47:56.513Z","ask"
"66.18","0.758","2024-05-25T19:47:56.513Z","ask"
"67.5","13.77","2024-05-25T19:47:56.513Z","ask"
"67.66","9.26","2024-05-25T19:47:56.513Z","ask"
"67.85","0.1","2024-05-25T19:47:56.513Z","ask"
"68","1","2024-05-25T19:47:56.513Z","ask"
"68.89","2","2024-05-25T19:47:56.513Z","ask"
"69","5","2024-05-25T19:47:56.513Z","ask"
"69.33","0.1","2024-05-25T19:47:56.513Z","ask"
"69.44","0.511","2024-05-25T19:47:56.513Z","ask"
"69.48","3","2024-05-25T19:47:56.513Z","ask"
"69.96","2.848","2024-05-25T19:47:56.513Z","ask"
"69.98","19.5","2024-05-25T19:47:56.513Z","ask"
"70","138.864","2024-05-25T19:47:56.513Z","ask"
"70.93","0.23","2024-05-25T19:47:56.513Z","ask"
"72","4.604","2024-05-25T19:47:56.513Z","ask"
"73","9.26","2024-05-25T19:47:56.513Z","ask"
"73.08","15.66","2024-05-25T19:47:56.513Z","ask"
"73.3","1.53","2024-05-25T19:47:56.513Z","ask"
"73.7","29.444","2024-05-25T19:47:56.513Z","ask"
"74.5","2","2024-05-25T19:47:56.513Z","ask"
"75","204.633","2024-05-25T19:47:56.513Z","ask"
"75.78","0.1","2024-05-25T19:47:56.513Z","ask"
"75.97","0.23","2024-05-25T19:47:56.513Z","ask"
"77","0.3","2024-05-25T19:47:56.513Z","ask"
"78","1050.199","2024-05-25T19:47:56.513Z","ask"
"78.34","9.26","2024-05-25T19:47:56.513Z","ask"
"79","77.971","2024-05-25T19:47:56.513Z","ask"
"80","12.887","2024-05-25T19:47:56.513Z","ask"
"80.29","1.342","2024-05-25T19:47:56.513Z","ask"
"81.01","0.23","2024-05-25T19:47:56.513Z","ask"
"81.44","61.395","2024-05-25T19:47:56.513Z","ask"
"82","3","2024-05-25T19:47:56.513Z","ask"
"82.56","0.4","2024-05-25T19:47:56.513Z","ask"
"83.05","0.265","2024-05-25T19:47:56.513Z","ask"
"83.6","8.6","2024-05-25T19:47:56.513Z","ask"
"83.68","9.268","2024-05-25T19:47:56.513Z","ask"
"84.89","1.894","2024-05-25T19:47:56.513Z","ask"
"86","60","2024-05-25T19:47:56.513Z","ask"
"86.05","0.23","2024-05-25T19:47:56.513Z","ask"
"87","4.66","2024-05-25T19:47:56.513Z","ask"
"87.19","0.1","2024-05-25T19:47:56.513Z","ask"
"87.48","1","2024-05-25T19:47:56.513Z","ask"
"87.8","10","2024-05-25T19:47:56.513Z","ask"
"88","0.779","2024-05-25T19:47:56.513Z","ask"
"88.11","6","2024-05-25T19:47:56.513Z","ask"
"88.89","2","2024-05-25T19:47:56.513Z","ask"
"89.48","2","2024-05-25T19:47:56.513Z","ask"
"89.69","4.129","2024-05-25T19:47:56.513Z","ask"
"90","23.894","2024-05-25T19:47:56.513Z","ask"
"91.09","0.23","2024-05-25T19:47:56.513Z","ask"
"91.91","0.1","2024-05-25T19:47:56.513Z","ask"
"93","0.088","2024-05-25T19:47:56.513Z","ask"
"93.89","2","2024-05-25T19:47:56.513Z","ask"
"94.44","2","2024-05-25T19:47:56.513Z","ask"
"94.89","3","2024-05-25T19:47:56.513Z","ask"
"95","214.137","2024-05-25T19:47:56.513Z","ask"
"95.3","10.107","2024-05-25T19:47:56.513Z","ask"
"95.43","0.375","2024-05-25T19:47:56.513Z","ask"
"95.65","0.5","2024-05-25T19:47:56.513Z","ask"
"96","6.632","2024-05-25T19:47:56.513Z","ask"
"96.13","0.23","2024-05-25T19:47:56.513Z","ask"
"96.25","20","2024-05-25T19:47:56.513Z","ask"
"96.5","20","2024-05-25T19:47:56.513Z","ask"
"96.75","20","2024-05-25T19:47:56.513Z","ask"
"97","22.882","2024-05-25T19:47:56.513Z","ask"
"97.25","20","2024-05-25T19:47:56.513Z","ask"
"97.48","2","2024-05-25T19:47:56.513Z","ask"
"97.5","20","2024-05-25T19:47:56.513Z","ask"
"97.75","20","2024-05-25T19:47:56.513Z","ask"
"98","24.047","2024-05-25T19:47:56.513Z","ask"
"98.25","20","2024-05-25T19:47:56.513Z","ask"
"98.5","20","2024-05-25T19:47:56.513Z","ask"
"98.74","10","2024-05-25T19:47:56.513Z","ask"
"98.75","20","2024-05-25T19:47:56.513Z","ask"
"98.89","2","2024-05-25T19:47:56.513Z","ask"
"99","560","2024-05-25T19:47:56.513Z","ask"
"99.5","20","2024-05-25T19:47:56.513Z","ask"
"100","81.005","2024-05-25T19:47:56.513Z","ask"
"100.5","20","2024-05-25T19:47:56.513Z","ask"
"100.76","0.4","2024-05-25T19:47:56.513Z","ask"
"101","20","2024-05-25T19:47:56.513Z","ask"
"101.17","0.23","2024-05-25T19:47:56.513Z","ask"
"101.5","20","2024-05-25T19:47:56.513Z","ask"
"102","20","2024-05-25T19:47:56.513Z","ask"
"102.5","20","2024-05-25T19:47:56.513Z","ask"
"103","20","2024-05-25T19:47:56.513Z","ask"
"103.33","19.976","2024-05-25T19:47:56.513Z","ask"
"103.5","20","2024-05-25T19:47:56.513Z","ask"
"104","20","2024-05-25T19:47:56.513Z","ask"
"104.5","20","2024-05-25T19:47:56.513Z","ask"
"105","20.1","2024-05-25T19:47:56.513Z","ask"
"105.5","20","2024-05-25T19:47:56.513Z","ask"
"106","80","2024-05-25T19:47:56.513Z","ask"
"106.21","0.23","2024-05-25T19:47:56.513Z","ask"
"106.5","20","2024-05-25T19:47:56.513Z","ask"
"107","25","2024-05-25T19:47:56.513Z","ask"
"107.5","20","2024-05-25T19:47:56.513Z","ask"
"108","20","2024-05-25T19:47:56.513Z","ask"
"108.5","20","2024-05-25T19:47:56.513Z","ask"
"109","23.82","2024-05-25T19:47:56.513Z","ask"
"109.5","20","2024-05-25T19:47:56.513Z","ask"
"109.65","0.594","2024-05-25T19:47:56.513Z","ask"
"110","23","2024-05-25T19:47:56.513Z","ask"
"110.33","10.107","2024-05-25T19:47:56.513Z","ask"
"110.5","20","2024-05-25T19:47:56.513Z","ask"
"111","520.112","2024-05-25T19:47:56.513Z","ask"
"111.25","0.23","2024-05-25T19:47:56.513Z","ask"
"111.5","20","2024-05-25T19:47:56.513Z","ask"
"112","24.23","2024-05-25T19:47:56.513Z","ask"
"112.47","0.225","2024-05-25T19:47:56.513Z","ask"
"112.5","20","2024-05-25T19:47:56.513Z","ask"
"113","20","2024-05-25T19:47:56.513Z","ask"
"113.18","10","2024-05-25T19:47:56.513Z","ask"
"113.5","20","2024-05-25T19:47:56.513Z","ask"
"113.94","1.5","2024-05-25T19:47:56.513Z","ask"
"114","20.1","2024-05-25T19:47:56.513Z","ask"
"114.5","20","2024-05-25T19:47:56.513Z","ask"
"115","20","2024-05-25T19:47:56.513Z","ask"
"115.5","20","2024-05-25T19:47:56.513Z","ask"
"116","20","2024-05-25T19:47:56.513Z","ask"
"116.29","0.23","2024-05-25T19:47:56.513Z","ask"
"116.5","20","2024-05-25T19:47:56.513Z","ask"
"117","20.32","2024-05-25T19:47:56.513Z","ask"
"117.5","20","2024-05-25T19:47:56.513Z","ask"
"118","20","2024-05-25T19:47:56.513Z","ask"
"118.5","20","2024-05-25T19:47:56.513Z","ask"
"119","21","2024-05-25T19:47:56.513Z","ask"
"119.5","20","2024-05-25T19:47:56.513Z","ask"
"120","34.484","2024-05-25T19:47:56.513Z","ask"
"120.5","20","2024-05-25T19:47:56.513Z","ask"
"121","20","2024-05-25T19:47:56.513Z","ask"
"121.3","10","2024-05-25T19:47:56.513Z","ask"
"121.33","0.23","2024-05-25T19:47:56.513Z","ask"
"121.5","20","2024-05-25T19:47:56.513Z","ask"
"122","531.976","2024-05-25T19:47:56.513Z","ask"
"122.5","20","2024-05-25T19:47:56.513Z","ask"
"122.57","1.059","2024-05-25T19:47:56.513Z","ask"
"123","35.3","2024-05-25T19:47:56.513Z","ask"
"123.3","746.62","2024-05-25T19:47:56.513Z","ask"
"123.5","20","2024-05-25T19:47:56.513Z","ask"
"124","21","2024-05-25T19:47:56.513Z","ask"
"124.5","20","2024-05-25T19:47:56.513Z","ask"
"125","109.855","2024-05-25T19:47:56.513Z","ask"
"125.36","10.107","2024-05-25T19:47:56.513Z","ask"
"125.5","20","2024-05-25T19:47:56.513Z","ask"
"126","20","2024-05-25T19:47:56.513Z","ask"
"126.37","0.23","2024-05-25T19:47:56.513Z","ask"
"126.5","20","2024-05-25T19:47:56.513Z","ask"
"127","21","2024-05-25T19:47:56.513Z","ask"
"127.5","20","2024-05-25T19:47:56.513Z","ask"
"127.8","404.256","2024-05-25T19:47:56.513Z","ask"
"128","20","2024-05-25T19:47:56.513Z","ask"
"128.5","20","2024-05-25T19:47:56.513Z","ask"
"129","43.718","2024-05-25T19:47:56.513Z","ask"
"129.5","20","2024-05-25T19:47:56.513Z","ask"
"130","23.553","2024-05-25T19:47:56.513Z","ask"
"130.5","20","2024-05-25T19:47:56.513Z","ask"
"131","29.377","2024-05-25T19:47:56.513Z","ask"
"131.16","0.247","2024-05-25T19:47:56.513Z","ask"
"131.41","0.23","2024-05-25T19:47:56.513Z","ask"
"131.5","20","2024-05-25T19:47:56.513Z","ask"
"132","20.129","2024-05-25T19:47:56.513Z","ask"
"132.5","20","2024-05-25T19:47:56.513Z","ask"
"133","20","2024-05-25T19:47:56.513Z","ask"
"133.5","20.144","2024-05-25T19:47:56.513Z","ask"
"134","20","2024-05-25T19:47:56.513Z","ask"
"134.5","20","2024-05-25T19:47:56.513Z","ask"
"135","21.569","2024-05-25T19:47:56.513Z","ask"
"135.5","20","2024-05-25T19:47:56.513Z","ask"
"135.67","0.333","2024-05-25T19:47:56.513Z","ask"
"136","20","2024-05-25T19:47:56.513Z","ask"
"136.45","0.23","2024-05-25T19:47:56.513Z","ask"
"136.5","20","2024-05-25T19:47:56.513Z","ask"
"137","22","2024-05-25T19:47:56.513Z","ask"
"137.5","20","2024-05-25T19:47:56.513Z","ask"
"137.91","1.251","2024-05-25T19:47:56.513Z","ask"
"138","21","2024-05-25T19:47:56.513Z","ask"
"138.5","20","2024-05-25T19:47:56.513Z","ask"
"139","40","2024-05-25T19:47:56.513Z","ask"
"139.5","20","2024-05-25T19:47:56.513Z","ask"
"140","102","2024-05-25T19:47:56.513Z","ask"
"140.39","10.107","2024-05-25T19:47:56.513Z","ask"
"140.5","20","2024-05-25T19:47:56.513Z","ask"
"141","20","2024-05-25T19:47:56.513Z","ask"
"141.49","0.23","2024-05-25T19:47:56.513Z","ask"
"141.5","20","2024-05-25T19:47:56.513Z","ask"
"142","20","2024-05-25T19:47:56.513Z","ask"
"142.5","20","2024-05-25T19:47:56.513Z","ask"
"143","26","2024-05-25T19:47:56.513Z","ask"
"143.5","20","2024-05-25T19:47:56.513Z","ask"
"144","21","2024-05-25T19:47:56.513Z","ask"
"144.5","20","2024-05-25T19:47:56.513Z","ask"
"145","31","2024-05-25T19:47:56.513Z","ask"
"145.5","20","2024-05-25T19:47:56.513Z","ask"
"146","26.346","2024-05-25T19:47:56.513Z","ask"
"146.5","20","2024-05-25T19:47:56.513Z","ask"
"146.53","0.23","2024-05-25T19:47:56.513Z","ask"
"147","20","2024-05-25T19:47:56.513Z","ask"
"147.4","0.361","2024-05-25T19:47:56.513Z","ask"
"147.5","20","2024-05-25T19:47:56.513Z","ask"
"147.74","10.721","2024-05-25T19:47:56.513Z","ask"
"148","21.723","2024-05-25T19:47:56.513Z","ask"
"148.05","20","2024-05-25T19:47:56.513Z","ask"
"148.1","20","2024-05-25T19:47:56.513Z","ask"
"148.15","20","2024-05-25T19:47:56.513Z","ask"
"148.2","20","2024-05-25T19:47:56.513Z","ask"
"148.25","20","2024-05-25T19:47:56.513Z","ask"
"148.3","20","2024-05-25T19:47:56.513Z","ask"
"148.35","20","2024-05-25T19:47:56.513Z","ask"
"148.4","39.6","2024-05-25T19:47:56.513Z","ask"
"148.45","20","2024-05-25T19:47:56.513Z","ask"
"148.5","20","2024-05-25T19:47:56.513Z","ask"
"148.55","20","2024-05-25T19:47:56.513Z","ask"
"148.6","20","2024-05-25T19:47:56.513Z","ask"
"148.65","20","2024-05-25T19:47:56.513Z","ask"
"148.7","20","2024-05-25T19:47:56.513Z","ask"
"148.75","20","2024-05-25T19:47:56.513Z","ask"
"148.8","20","2024-05-25T19:47:56.513Z","ask"
"148.85","20","2024-05-25T19:47:56.513Z","ask"
"148.87","4.752","2024-05-25T19:47:56.513Z","ask"
"148.9","20","2024-05-25T19:47:56.513Z","ask"
"148.95","20","2024-05-25T19:47:56.513Z","ask"
"149","20.555","2024-05-25T19:47:56.513Z","ask"
"149.05","20","2024-05-25T19:47:56.513Z","ask"
"149.1","20","2024-05-25T19:47:56.513Z","ask"
"149.15","20","2024-05-25T19:47:56.513Z","ask"
"149.2","20","2024-05-25T19:47:56.513Z","ask"
"149.25","20","2024-05-25T19:47:56.513Z","ask"
"149.3","20","2024-05-25T19:47:56.513Z","ask"
"149.35","20","2024-05-25T19:47:56.513Z","ask"
"149.4","20","2024-05-25T19:47:56.513Z","ask"
"149.45","20","2024-05-25T19:47:56.513Z","ask"
"149.5","20","2024-05-25T19:47:56.513Z","ask"
"149.55","20","2024-05-25T19:47:56.513Z","ask"
"149.6","20","2024-05-25T19:47:56.513Z","ask"
"149.65","20","2024-05-25T19:47:56.513Z","ask"
"149.7","20","2024-05-25T19:47:56.513Z","ask"
"149.75","20","2024-05-25T19:47:56.513Z","ask"
"149.8","20","2024-05-25T19:47:56.513Z","ask"
"149.85","20","2024-05-25T19:47:56.513Z","ask"
"149.9","20","2024-05-25T19:47:56.513Z","ask"
"149.95","20","2024-05-25T19:47:56.513Z","ask"
"150","760.633","2024-05-25T19:47:56.513Z","ask"
"150.05","20","2024-05-25T19:47:56.513Z","ask"
"150.1","20","2024-05-25T19:47:56.513Z","ask"
"150.15","20","2024-05-25T19:47:56.513Z","ask"
"150.2","20","2024-05-25T19:47:56.513Z","ask"
"150.25","20","2024-05-25T19:47:56.513Z","ask"
"150.3","20","2024-05-25T19:47:56.513Z","ask"
"150.35","20","2024-05-25T19:47:56.513Z","ask"
"150.4","20","2024-05-25T19:47:56.513Z","ask"
"150.45","20","2024-05-25T19:47:56.513Z","ask"
"150.5","20","2024-05-25T19:47:56.513Z","ask"
"150.55","20","2024-05-25T19:47:56.513Z","ask"
"150.6","20","2024-05-25T19:47:56.513Z","ask"
"150.65","20","2024-05-25T19:47:56.513Z","ask"
"150.7","20","2024-05-25T19:47:56.513Z","ask"
"150.75","20","2024-05-25T19:47:56.513Z","ask"
"150.8","20","2024-05-25T19:47:56.513Z","ask"
"150.9","20","2024-05-25T19:47:56.513Z","ask"
"151","20","2024-05-25T19:47:56.513Z","ask"
"151.1","20","2024-05-25T19:47:56.513Z","ask"
"151.2","20","2024-05-25T19:47:56.513Z","ask"
"151.3","20","2024-05-25T19:47:56.513Z","ask"
"151.4","20","2024-05-25T19:47:56.513Z","ask"
"151.5","20","2024-05-25T19:47:56.513Z","ask"
"151.57","0.23","2024-05-25T19:47:56.513Z","ask"
"151.6","20","2024-05-25T19:47:56.513Z","ask"
"151.7","20","2024-05-25T19:47:56.513Z","ask"
"151.8","20","2024-05-25T19:47:56.513Z","ask"
"151.9","20","2024-05-25T19:47:56.513Z","ask"
"152","20","2024-05-25T19:47:56.513Z","ask"
"152.1","20","2024-05-25T19:47:56.513Z","ask"
"152.2","20","2024-05-25T19:47:56.513Z","ask"
"152.3","20","2024-05-25T19:47:56.513Z","ask"
"152.4","20","2024-05-25T19:47:56.513Z","ask"
"152.5","20","2024-05-25T19:47:56.513Z","ask"
"153","20","2024-05-25T19:47:56.513Z","ask"
"153.47","0.23","2024-05-25T19:47:56.513Z","ask"
"153.5","20","2024-05-25T19:47:56.513Z","ask"
"154","20","2024-05-25T19:47:56.513Z","ask"
"154.5","20","2024-05-25T19:47:56.513Z","ask"
"155","20","2024-05-25T19:47:56.513Z","ask"
"155.42","10.107","2024-05-25T19:47:56.513Z","ask"
"155.5","20","2024-05-25T19:47:56.513Z","ask"
"156","20","2024-05-25T19:47:56.513Z","ask"
"156.5","20","2024-05-25T19:47:56.513Z","ask"
"157","20","2024-05-25T19:47:56.513Z","ask"
"157.5","20","2024-05-25T19:47:56.513Z","ask"
"158","20","2024-05-25T19:47:56.513Z","ask"
"158.5","20","2024-05-25T19:47:56.513Z","ask"
"158.77","4.667","2024-05-25T19:47:56.513Z","ask"
"159","520.3","2024-05-25T19:47:56.513Z","ask"
"159.5","20","2024-05-25T19:47:56.513Z","ask"
"160","148.03","2024-05-25T19:47:56.513Z","ask"
"160.5","20","2024-05-25T19:47:56.513Z","ask"
"161","20","2024-05-25T19:47:56.513Z","ask"
"161.5","20","2024-05-25T19:47:56.513Z","ask"
"162","20","2024-05-25T19:47:56.513Z","ask"
"162.5","20","2024-05-25T19:47:56.513Z","ask"
"162.88","61.395","2024-05-25T19:47:56.513Z","ask"
"163","20","2024-05-25T19:47:56.513Z","ask"
"163.5","20","2024-05-25T19:47:56.513Z","ask"
"164","20","2024-05-25T19:47:56.513Z","ask"
"164.5","20","2024-05-25T19:47:56.513Z","ask"
"165","23.371","2024-05-25T19:47:56.513Z","ask"
"165.5","20","2024-05-25T19:47:56.513Z","ask"
"166","23.557","2024-05-25T19:47:56.513Z","ask"
"166.5","20","2024-05-25T19:47:56.514Z","ask"
"167","20","2024-05-25T19:47:56.514Z","ask"
"167.5","20","2024-05-25T19:47:56.514Z","ask"
"168","47.724","2024-05-25T19:47:56.514Z","ask"
"168.15","17.259","2024-05-25T19:47:56.514Z","ask"
"168.5","20","2024-05-25T19:47:56.514Z","ask"
"169","20","2024-05-25T19:47:56.514Z","ask"
"169.5","20","2024-05-25T19:47:56.514Z","ask"
"170","918.106","2024-05-25T19:47:56.514Z","ask"
"170.45","10.107","2024-05-25T19:47:56.514Z","ask"
"172","1","2024-05-25T19:47:56.514Z","ask"
"174","0.5","2024-05-25T19:47:56.514Z","ask"
"175","0.59","2024-05-25T19:47:56.514Z","ask"
"177","104","2024-05-25T19:47:56.514Z","ask"
"179","0.5","2024-05-25T19:47:56.514Z","ask"
"180","32","2024-05-25T19:47:56.514Z","ask"
"181.72","0.28","2024-05-25T19:47:56.514Z","ask"
"182","1.119","2024-05-25T19:47:56.514Z","ask"
"185.48","10.107","2024-05-25T19:47:56.514Z","ask"
"189","1","2024-05-25T19:47:56.514Z","ask"
"190","1","2024-05-25T19:47:56.514Z","ask"
"194","1","2024-05-25T19:47:56.514Z","ask"
"195","50","2024-05-25T19:47:56.514Z","ask"
"198","1","2024-05-25T19:47:56.514Z","ask"
"199.44","59.202","2024-05-25T19:47:56.514Z","ask"
"200","10.593","2024-05-25T19:47:56.514Z","ask"
"200.51","10.107","2024-05-25T19:47:56.514Z","ask"
"215.54","10.107","2024-05-25T19:47:56.514Z","ask"
"222","505","2024-05-25T19:47:56.514Z","ask"
"225","39.14","2024-05-25T19:47:56.514Z","ask"
"230.58","10.113","2024-05-25T19:47:56.514Z","ask"
"239","0.3","2024-05-25T19:47:56.514Z","ask"
"250","1.11","2024-05-25T19:47:56.514Z","ask"
"270","1","2024-05-25T19:47:56.514Z","ask"
"272","1.847","2024-05-25T19:47:56.514Z","ask"
"274","0.3","2024-05-25T19:47:56.514Z","ask"
"277","500.129","2024-05-25T19:47:56.514Z","ask"
"278.48","2.824","2024-05-25T19:47:56.514Z","ask"
"283.4","2.1","2024-05-25T19:47:56.514Z","ask"
"288","1","2024-05-25T19:47:56.514Z","ask"
"290","500","2024-05-25T19:47:56.514Z","ask"
"300","16.587","2024-05-25T19:47:56.514Z","ask"
"322","500","2024-05-25T19:47:56.514Z","ask"
"338","0.3","2024-05-25T19:47:56.514Z","ask"
"340","0.129","2024-05-25T19:47:56.514Z","ask"
"349","500","2024-05-25T19:47:56.514Z","ask"
"360","32.834","2024-05-25T19:47:56.514Z","ask"
"383","0.3","2024-05-25T19:47:56.514Z","ask"
"385","0.129","2024-05-25T19:47:56.514Z","ask"
"390","1","2024-05-25T19:47:56.514Z","ask"
"394","0.3","2024-05-25T19:47:56.514Z","ask"
"400","0.7","2024-05-25T19:47:56.514Z","ask"
"418.89","1.441","2024-05-25T19:47:56.514Z","ask"
"425","0.3","2024-05-25T19:47:56.514Z","ask"
"430","0.129","2024-05-25T19:47:56.514Z","ask"
"435","0.3","2024-05-25T19:47:56.514Z","ask"
"440","0.129","2024-05-25T19:47:56.514Z","ask"
"487","14.255","2024-05-25T19:47:56.514Z","ask"
"489","500","2024-05-25T19:47:56.514Z","ask"
"500","1.505","2024-05-25T19:47:56.514Z","ask"
"522","500","2024-05-25T19:47:56.514Z","ask"
"532","5","2024-05-25T19:47:56.514Z","ask"
"549","0.3","2024-05-25T19:47:56.514Z","ask"
"586","500","2024-05-25T19:47:56.514Z","ask"
"625","0.7","2024-05-25T19:47:56.514Z","ask"
"688.9","300","2024-05-25T19:47:56.514Z","ask"
"711","0.3","2024-05-25T19:47:56.514Z","ask"
"718","0.129","2024-05-25T19:47:56.514Z","ask"
"725.92","11.365","2024-05-25T19:47:56.514Z","ask"
"800","0.7","2024-05-25T19:47:56.514Z","ask"
"888","5","2024-05-25T19:47:56.514Z","ask"
"920","3","2024-05-25T19:47:56.514Z","ask"
"1600","0.7","2024-05-25T19:47:56.514Z","ask"
"2834","1.9","2024-05-25T19:47:56.514Z","ask"
"3200","0.716","2024-05-25T19:47:56.514Z","ask"
"9.55","414.02","2024-05-25T19:47:56.514Z","bid"
"9.54","507.212","2024-05-25T19:47:56.514Z","bid"
"9.53","537.839","2024-05-25T19:47:56.514Z","bid"
"9.51","35.615","2024-05-25T19:47:56.514Z","bid"
"9.48","383.548","2024-05-25T19:47:56.514Z","bid"
"9.46","20.879","2024-05-25T19:47:56.514Z","bid"
"9.45","89.038","2024-05-25T19:47:56.514Z","bid"
"9.43","2.864","2024-05-25T19:47:56.514Z","bid"
"9.42","98.599","2024-05-25T19:47:56.514Z","bid"
"9.41","2.868","2024-05-25T19:47:56.514Z","bid"
"9.4","630.562","2024-05-25T19:47:56.514Z","bid"
"9.39","0.775","2024-05-25T19:47:56.514Z","bid"
"9.37","526.925","2024-05-25T19:47:56.514Z","bid"
"9.36","2.534","2024-05-25T19:47:56.514Z","bid"
"9.35","12.992","2024-05-25T19:47:56.514Z","bid"
"9.34","4.335","2024-05-25T19:47:56.514Z","bid"
"9.32","25","2024-05-25T19:47:56.514Z","bid"
"9.31","0.116","2024-05-25T19:47:56.514Z","bid"
"9.3","20","2024-05-25T19:47:56.514Z","bid"
"9.28","5","2024-05-25T19:47:56.514Z","bid"
"9.27","0.2","2024-05-25T19:47:56.514Z","bid"
"9.24","5","2024-05-25T19:47:56.514Z","bid"
"9.16","5","2024-05-25T19:47:56.514Z","bid"
"9.15","16.328","2024-05-25T19:47:56.514Z","bid"
"9.12","5","2024-05-25T19:47:56.514Z","bid"
"9.09","4.628","2024-05-25T19:47:56.514Z","bid"
"9.07","11.115","2024-05-25T19:47:56.514Z","bid"
"9.03","0.2","2024-05-25T19:47:56.514Z","bid"
"9.01","20","2024-05-25T19:47:56.514Z","bid"
"9","3718.551","2024-05-25T19:47:56.514Z","bid"
"8.91","0.2","2024-05-25T19:47:56.514Z","bid"
"8.9","10","2024-05-25T19:47:56.514Z","bid"
"8.83","5.096","2024-05-25T19:47:56.514Z","bid"
"8.82","0.046","2024-05-25T19:47:56.514Z","bid"
"8.78","42.454","2024-05-25T19:47:56.514Z","bid"
"8.77","0.143","2024-05-25T19:47:56.514Z","bid"
"8.72","230","2024-05-25T19:47:56.514Z","bid"
"8.64","3.472","2024-05-25T19:47:56.514Z","bid"
"8.52","5.851","2024-05-25T19:47:56.514Z","bid"
"8.5","23.435","2024-05-25T19:47:56.514Z","bid"
"8.41","500","2024-05-25T19:47:56.514Z","bid"
"8.24","121.359","2024-05-25T19:47:56.514Z","bid"
"8.2","122.07","2024-05-25T19:47:56.514Z","bid"
"8.19","3.664","2024-05-25T19:47:56.514Z","bid"
"8.04","5","2024-05-25T19:47:56.514Z","bid"
"8","22.624","2024-05-25T19:47:56.514Z","bid"
"7.95","5","2024-05-25T19:47:56.514Z","bid"
"7.85","3.184","2024-05-25T19:47:56.514Z","bid"
"7.83","4.205","2024-05-25T19:47:56.514Z","bid"
"7.82","25","2024-05-25T19:47:56.514Z","bid"
"7.8","19.112","2024-05-25T19:47:56.514Z","bid"
"7.77","98.554","2024-05-25T19:47:56.514Z","bid"
"7.69","78.02","2024-05-25T19:47:56.514Z","bid"
"7.51","13.307","2024-05-25T19:47:56.514Z","bid"
"7.5","2","2024-05-25T19:47:56.514Z","bid"
"7.49","0.167","2024-05-25T19:47:56.514Z","bid"
"7.46","2","2024-05-25T19:47:56.514Z","bid"
"7.43","46.988","2024-05-25T19:47:56.514Z","bid"
"7.42","807.008","2024-05-25T19:47:56.514Z","bid"
"7.39","0.743","2024-05-25T19:47:56.514Z","bid"
"7.31","4","2024-05-25T19:47:56.514Z","bid"
"7.27","0.113","2024-05-25T19:47:56.514Z","bid"
"7.19","15","2024-05-25T19:47:56.514Z","bid"
"7.16","27.779","2024-05-25T19:47:56.514Z","bid"
"7.1","141.633","2024-05-25T19:47:56.514Z","bid"
"7.09","0.2","2024-05-25T19:47:56.514Z","bid"
"7.02","1.281","2024-05-25T19:47:56.514Z","bid"
"7.01","0.56","2024-05-25T19:47:56.514Z","bid"
"7","105.587","2024-05-25T19:47:56.514Z","bid"
"6.95","71.546","2024-05-25T19:47:56.514Z","bid"
"6.93","100","2024-05-25T19:47:56.514Z","bid"
"6.92","11.034","2024-05-25T19:47:56.514Z","bid"
"6.9","72.355","2024-05-25T19:47:56.514Z","bid"
"6.87","1","2024-05-25T19:47:56.514Z","bid"
"6.85","0.57","2024-05-25T19:47:56.514Z","bid"
"6.8","74.919","2024-05-25T19:47:56.514Z","bid"
"6.77","14.755","2024-05-25T19:47:56.514Z","bid"
"6.75","14","2024-05-25T19:47:56.514Z","bid"
"6.74","1.59","2024-05-25T19:47:56.514Z","bid"
"6.7","86.504","2024-05-25T19:47:56.514Z","bid"
"6.69","1.411","2024-05-25T19:47:56.514Z","bid"
"6.62","7","2024-05-25T19:47:56.514Z","bid"
"6.6","75.643","2024-05-25T19:47:56.514Z","bid"
"6.55","0.6","2024-05-25T19:47:56.514Z","bid"
"6.5","110.191","2024-05-25T19:47:56.514Z","bid"
"6.43","1","2024-05-25T19:47:56.514Z","bid"
"6.4","78.007","2024-05-25T19:47:56.514Z","bid"
"6.38","0.3","2024-05-25T19:47:56.514Z","bid"
"6.3","79.246","2024-05-25T19:47:56.514Z","bid"
"6.2","80.524","2024-05-25T19:47:56.514Z","bid"
"6.14","219.868","2024-05-25T19:47:56.514Z","bid"
"6.13","1","2024-05-25T19:47:56.514Z","bid"
"6.1","81.844","2024-05-25T19:47:56.514Z","bid"
"6.01","5","2024-05-25T19:47:56.514Z","bid"
"6","99.32","2024-05-25T19:47:56.514Z","bid"
"5.99","3","2024-05-25T19:47:56.514Z","bid"
"5.88","1","2024-05-25T19:47:56.514Z","bid"
"5.73","8.656","2024-05-25T19:47:56.514Z","bid"
"5.55","1","2024-05-25T19:47:56.514Z","bid"
"5.5","12.727","2024-05-25T19:47:56.514Z","bid"
"5.45","18.348","2024-05-25T19:47:56.514Z","bid"
"5.42","5","2024-05-25T19:47:56.514Z","bid"
"5.38","0.23","2024-05-25T19:47:56.514Z","bid"
"5.22","1","2024-05-25T19:47:56.514Z","bid"
"5.2","1","2024-05-25T19:47:56.514Z","bid"
"5.17","10.557","2024-05-25T19:47:56.514Z","bid"
"5.1","746.802","2024-05-25T19:47:56.514Z","bid"
"5.01","15","2024-05-25T19:47:56.514Z","bid"
"5","130.198","2024-05-25T19:47:56.514Z","bid"
"4.92","1","2024-05-25T19:47:56.514Z","bid"
"4.55","1","2024-05-25T19:47:56.514Z","bid"
"4.5","3.333","2024-05-25T19:47:56.514Z","bid"
"4.33","1","2024-05-25T19:47:56.514Z","bid"
"4.23","23.498","2024-05-25T19:47:56.514Z","bid"
"4.05","91.07","2024-05-25T19:47:56.514Z","bid"
"4","5.402","2024-05-25T19:47:56.514Z","bid"
"3.5","103","2024-05-25T19:47:56.514Z","bid"
"3.45","2.875","2024-05-25T19:47:56.514Z","bid"
"3.4","29.411","2024-05-25T19:47:56.514Z","bid"
"3.31","30","2024-05-25T19:47:56.514Z","bid"
"3.3","90.909","2024-05-25T19:47:56.514Z","bid"
"3.29","60.425","2024-05-25T19:47:56.514Z","bid"
"3.27","6.505","2024-05-25T19:47:56.514Z","bid"
"3.2","200","2024-05-25T19:47:56.514Z","bid"
"3.1","160.291","2024-05-25T19:47:56.514Z","bid"
"3","100","2024-05-25T19:47:56.514Z","bid"
"2.95","300","2024-05-25T19:47:56.514Z","bid"
"2.89","20.595","2024-05-25T19:47:56.514Z","bid"
"2.83","11.733","2024-05-25T19:47:56.514Z","bid"
"2.5","8.202","2024-05-25T19:47:56.514Z","bid"
"2.2","1","2024-05-25T19:47:56.514Z","bid"
"1.1","2","2024-05-25T19:47:56.514Z","bid"
"0.03","500","2024-05-25T19:47:56.514Z","bid"
"0.02","50","2024-05-25T19:47:56.514Z","bid"
"0.01","13674.6","2024-05-25T19:47:56.514Z","bid"